2488 3386
220 338 315 374 1373]
636 352 681 372 An
717 352 820 372 ΛΝΝΟ
857 351 986 373 MCCCL
1017 352 1148 379 usoun
1185 353 1230 373 Λυ
1268 353 1531 374 nnNEntc'rUM
1568 354 1656 375 xut.
2013 347 2076 377 2153

217 424 306 469 lapsi
329 425 364 456 in
387 425 636 469 presbyterum
659 425 846 457 ordinatus
868 426 983 457 suerat
1003 432 1036 457 et
1064 437 1126 469 per
1149 432 1259 458 totum
1284 433 1424 470 tempus
1448 427 1646 470 predictum
1670 428 1703 459 in
1730 428 1851 460 habitu
1874 436 1906 461 et
1931 436 2074 462 tonsura

216 502 280 535 pro
302 490 362 523 tali
384 503 422 523 se
443 498 620 535 gesserat,
645 492 773 523 missas
795 490 1041 523 celebraverat
1061 498 1093 525 et
1118 498 1228 524 totum
1251 492 1405 524 officium
1429 493 1470 524 ad
1496 493 1744 537 presbyterum
1769 495 1954 538 pertinens
1975 508 2076 527 exer-

214 563 349 598 cuerat,
372 564 406 590 et
427 557 523 602 quod
545 569 664 590 curam
688 558 732 590 de
755 557 912 590 Milliaco
935 558 969 589 in
993 557 1214 593 Belvacinio,
1239 559 1465 602 postmodum
1489 572 1608 591 curam
1633 560 1675 591 (10
1693 560 1773 592 ΤΙιίΙ
1797 561 1831 592 in
1853 561 1935 593 villa
1957 563 2075 594 Sancti

215 624 362 656 Luciani
383 636 495 668 prope
517 624 723 665 Belvacum,
748 624 888 656 tandem
911 636 1030 656 curam
1061 624 1104 656 de
1127 625 1256 657 Sancto
1279 625 1397 656 Felice
1422 625 1623 658 obtinuerat
1648 633 1679 658 et
1702 627 1873 670 capellam
1896 628 1939 659 de
1961 629 2075 661 Cour-

215 690 292 722 roio
313 690 349 722 in
371 690 455 723 villa
477 690 521 723 de
547 690 704 723 Milliaco
726 691 899 735 predicta,
924 691 1067 723 racione
1089 692 1193 735 cujus
1215 691 1352 736 capelle
1374 692 1545 735 quasdam
1568 693 1692 725 vincas
1718 693 1754 724 in
1775 693 1858 725 villa
1885 694 1928 726 de
1956 695 2075 727 Ranti-

212 757 341 801 gniaco
358 757 419 789 diu
437 764 512 789 erat
531 756 717 798 habuerat,
736 764 770 790 et
791 757 887 801 quod
909 758 1047 790 fruetus
1065 764 1099 790 et
1120 758 1360 790 emolumenta
1383 758 1628 802 predictorum
1646 759 1906 792 beneficiorum
1929 761 2074 804 pacifice

213 830 248 856 et
274 824 395 868 quiete
422 823 712 868 quibuscumque
739 824 862 857 videre
888 824 1096 857 volentibus
1122 836 1266 869 semper
1295 832 1503 869 perceperat
1532 832 1567 858 et
1594 825 1788 865 levaverat;
1819 826 2075 860 nichilominus

213 889 393 923 Robertus
424 890 609 935 predictus
639 897 787 935 propter
812 897 948 923 certum
979 902 1190 935 processum
1221 892 1315 923 inter
1336 891 1517 924 dominam
1547 892 1590 924 de
1618 892 1789 933 Milliaco,
1816 900 1962 925 matrem
1990 894 2073 926 dicti

213 956 373 998 Roberti,
396 968 439 989 ex
459 969 528 989 una
550 964 662 1002 parte,
682 964 714 990 et
736 957 868 990 dictum
892 958 1104 1002 magistrum
1128 959 1319 1002 Symonem
1339 970 1381 990 ex
1397 958 1520 999 altera,
1540 959 1575 991 in
1597 966 1720 991 nostra
1742 959 1953 992 parlamenti
1977 961 2074 993 curia

210 1023 271 1055 diu
294 1030 369 1056 erat
389 1024 571 1068 inceptum
593 1023 650 1056 vel
672 1030 819 1068 propter
840 1024 943 1056 aliam
966 1036 1107 1056 causam
1131 1025 1298 1069 injustam
1322 1031 1356 1057 et
1376 1025 1681 1061 irracionabilem,
1704 1033 1786 1070 puta
1809 1033 1956 1071 propter
1976 1028 2076 1072 cupi-

210 1090 354 1123 ditatem
386 1090 640 1132 inordinatam,
669 1091 792 1123 odium
823 1091 973 1135 capitale
1003 1098 1126 1124 contra
1156 1091 1288 1124 dictum
1318 1092 1529 1136 magistrum
1560 1093 1750 1137 Symonem
1782 1101 2010 1138 conceperat,
2042 1101 2075 1127 et

209 1163 381 1201 quantum
410 1163 550 1201 poterat
578 1157 615 1189 in
643 1158 722 1201 ejus
748 1157 1032 1190 destructionem
1062 1158 1338 1198 machinaverat,
1368 1158 1683 1203 destinaveratque
1710 1159 1753 1191 de
1774 1160 1865 1192 sacto
1886 1160 1928 1192 ad
1955 1161 2072 1193 villam

208 1223 252 1256 de
280 1223 409 1256 Sancto
438 1223 557 1256 Felice
582 1223 619 1255 in
649 1223 857 1256 Belvacinio
886 1236 949 1268 per
975 1224 1119 1256 modum
1147 1224 1370 1265 hostilitatis,
1397 1225 1505 1257 minis
1532 1237 1603 1257 non
1634 1226 1928 1269 precedentibus,
1952 1227 2074 1271 plures

208 1289 374 1322 homines
395 1296 564 1330 armatos,
585 1290 754 1323 videlicet
777 1290 909 1323 dictum
933 1290 1099 1323 Colinum
1123 1291 1285 1331 Corrois,
1309 1292 1368 1335 qui
1398 1292 1644 1336 principaliter
1665 1293 1793 1324 sactum
1823 1293 1858 1325 in
1885 1305 1923 1325 se
1950 1305 2073 1326 susce-

210 1363 319 1400 perat,
342 1356 570 1401 Arnulphum
592 1357 636 1389 de
659 1357 814 1389 Fiennes
836 1357 968 1389 dictum
993 1358 1040 1390 Le
1063 1359 1214 1395 Bastart,
1237 1357 1436 1390 Johannem
1461 1359 1626 1399 Baudeti,
1646 1359 1844 1391 Johannem
1869 1361 2015 1404 Seguini
2040 1368 2071 1393 et

206 1422 405 1455 Johannem
428 1423 594 1468 Maigreti
616 1435 695 1455 cum
714 1423 929 1468 quibusdam
955 1424 1035 1456 aliis
1057 1425 1133 1456 suis
1155 1424 1407 1469 complicibus,
1432 1431 1470 1457 ut
1490 1425 1623 1457 dictum
1647 1426 1856 1470 magistrum
1882 1427 2071 1471 Symonem

208 1489 426 1535 ubicumque
450 1496 647 1535 repertum,
671 1491 747 1523 sive
768 1490 888 1523 vivum
911 1491 987 1523 sive
1010 1497 1203 1531 mortuum,
1227 1491 1269 1523 ad
1295 1491 1413 1536 ipsum
1441 1491 1637 1524 Robertum
1658 1492 1892 1533 adducerent,
1912 1505 1953 1525 eo
1976 1495 2070 1538 quod

207 1568 335 1590 servus
356 1568 445 1589 suus
467 1563 554 1598 erat,
577 1563 613 1589 et
631 1556 842 1601 chavagium
865 1569 968 1589 suum
988 1557 1024 1589 in
1044 1558 1137 1590 sesto
1159 1559 1270 1590 sancti
1295 1559 1448 1602 Remigii
1471 1565 1575 1603 prout
1598 1559 1787 1592 tenebatur
1809 1572 1879 1592 non
1902 1560 2070 1601 solverat,

206 1629 243 1655 ut
265 1623 418 1656 dicebat.
441 1623 620 1668 Quodque
647 1623 814 1656 homines
840 1636 1020 1656 armorum
1044 1625 1196 1668 predicti
1224 1625 1281 1657 die
1310 1625 1434 1657 martis
1461 1632 1543 1670 post
1571 1626 1701 1658 festum
1734 1627 1861 1659 Sancte
1882 1627 2011 1659 Crucis
2037 1628 2072 1659 in

206 1701 331 1723 mense
349 1690 564 1735 Septembri,
584 1702 653 1735 que
670 1691 785 1723 suerat
801 1691 871 1735 xvj‘*
885 1691 963 1723 dies
980 1691 1143 1734 ejusdem
1164 1692 1313 1731 mensis,
1332 1704 1425 1724 anno
1443 1693 1587 1724 Domini
1604 1692 1797 1725 millesimo
1816 1695 2071 1726 trecentesimo

205 1757 475 1801 septuagesimo
497 1757 627 1801 primo,
650 1757 693 1789 ad
715 1757 843 1790 dictam
867 1757 986 1790 villam
1009 1757 1053 1789 de
1076 1758 1205 1790 Sancto
1228 1758 1346 1791 Felice
1369 1760 1616 1791 accesserant2
1639 1766 1672 1791 et
1698 1760 1831 1792 dictum
1860 1761 2069 1805 magistrum

206 1823 397 1867 Symonem
420 1823 456 1855 in
478 1823 584 1856 domo
604 1835 667 1856 sua
684 1824 906 1868 quesierant,
926 1824 990 1856 scd
1012 1836 1054 1856 eo
1077 1836 1149 1856 non
1172 1831 1315 1869 reperto
1338 1825 1391 1858 eis
1413 1825 1547 1858 dictum
1568 1826 1684 1858 suerat
1703 1826 1801 1870 quod
1822 1827 1865 1859 ad
1885 1827 2004 1859 villam
2027 1828 2070 1859 de

205 1890 454 1934 Rantigniaco,
473 1889 534 1922 ubi
551 1890 676 1923 vineas
697 1890 863 1930 habebat,
882 1897 920 1922 ut
936 1891 1070 1923 dictum
1092 1898 1158 1932 est,
1177 1903 1241 1936 pro
1262 1892 1456 1924 vindemiis
1474 1892 1550 1924 suis
1568 1893 1743 1925 faciendis
1765 1905 1803 1925 sc
1826 1894 2067 1926 transtulerat.

203 1955 345 1998 Quibus
365 1956 408 1988 ad
430 1956 558 1989 dictam
581 1956 701 1989 villam
724 1957 937 1989 festinanter
958 1957 1228 1998 accedentibus,
1253 1958 1369 2003 ipsum
1394 1959 1603 2003 magistrum
1636 1960 1826 2004 Symonem
1861 1972 1923 2004 pro
1946 1960 2070 1993 vinde-

203 2022 285 2055 miis
302 2023 380 2055 suis
397 2023 651 2067 negocientem
669 2024 755 2065 (ῖς-ῖς)
771 2030 804 2055 et
822 2024 857 2055 in
875 2023 975 2055 nullo
993 2024 1276 2065 soresacientem,
1300 2037 1366 2057 nec
1388 2025 1432 2057 (10
1454 2025 1575 2070 aliquo
1598 2026 1820 2059 dubitantem
1844 2034 2066 2071 repererant,

202 2095 237 2121 et
250 2088 334 2121 licet
354 2089 448 2122 idem
467 2089 648 2122 Robertus
663 2089 797 2122 ibidem
818 2090 950 2122 nullam
963 2090 1222 2134 juridicionem
1240 2091 1401 2132 haberet,
1420 2092 1538 2136 ipsum
1562 2093 1781 2134 invaserant,
1797 2093 1951 2126 dicendo
1970 2094 2065 2137 quod

200 2155 244 2188 ad
275 2155 471 2188 Robertum
494 2156 538 2188 de
565 2156 740 2188 pinconio
771 2156 889 2201 ipsum
916 2157 1040 2189 venire
1072 2157 1273 2201 oportebat,
1303 2158 1384 2202 quia
1415 2170 1543 2191 servus
1574 2171 1662 2191 suus
1690 2167 1764 2192 erat
1794 2167 1824 2192 ct
1857 2159 2065 2204 chavagium

200 2233 305 2254 suum
327 2229 435 2267 prout
455 2222 645 2255 tenebatur
666 2222 737 2255 sibi
758 2235 830 2255 non
852 2222 1022 2256 solverat.
1045 2223 1186 2266 Quibus
1208 2225 1447 2269 responderat
1467 2226 1563 2269 quod
1590 2238 1718 2259 servus
1745 2226 1890 2258 lloberti
1914 2227 1956 2258 (10
1986 2227 2067 2259 Pin-

199 2289 306 2321 conio
328 2301 401 2322 non
422 2295 510 2330 erat,
533 2296 568 2322 et
589 2289 685 2334 quod
708 2296 873 2334 tanquam
897 2301 1025 2322 servus
1048 2291 1126 2334 ejus
1148 2290 1191 2322 ad
1213 2291 1329 2335 ipsum
1354 2291 1560 2324 nullatcnus
1582 2293 1783 2334 accederet,
1801 2300 1833 2325 et
1856 2294 1952 2337 quod
1974 2293 2065 2325 bene

198 2362 367 2389 caverent
387 2356 474 2400 quid
496 2356 668 2396 facerent,
691 2356 773 2400 quia
795 2356 946 2388 scolaris
964 2356 1219 2389 Universitatis
1241 2357 1458 2390 parisiensis
1480 2365 1555 2391 erat
1575 2367 1606 2391 et
1630 2371 1784 2403 persona
1807 2360 2062 2397 ecclesiastica,

198 2421 388 2467 presbyter
404 2429 439 2455 et
458 2429 618 2461 curatus,
635 2429 670 2455 et
690 2423 726 2455 in
747 2422 843 2455 salva
865 2429 897 2455 et
920 2423 1068 2467 speciali
1089 2424 1212 2468 gardia
1235 2431 1369 2456 nostra.
1394 2425 1463 2457 Sed
1484 2425 1606 2458 verbis
1629 2426 1705 2458 suis
1727 2439 1798 2458 non
1821 2426 2061 2463 obstantibus,

198 2500 324 2521 manus
348 2488 526 2522 violentas
557 2489 594 2521 in
624 2489 743 2533 ipsum
771 2489 988 2533 injecerant³
1011 2496 1045 2522 ct
1071 2501 1178 2534 supra
1205 2502 1314 2522 unum
1342 2502 1487 2535 equum,
1511 2491 1555 2523 de
1576 2504 1647 2536 quo
1675 2493 1859 2536 predictus
1879 2492 2062 2525 Johannes

197 2555 363 2600 Maigreti
385 2555 635 2597 descenderat,
656 2562 853 2600 posuerant
873 2556 919 2588 ita
941 2556 1144 2600 impetuose
1161 2557 1258 2600 quod
1280 2558 1493 2601 sanguinem
1513 2558 1556 2590 de
1579 2558 1744 2591 manibus
1766 2559 1842 2591 suis
1859 2571 1901 2591 cx
1919 2559 2061 2592 duobus

195 2621 286 2654 locis
314 2622 527 2662 effuderant,
561 2629 596 2655 et
627 2622 734 2655 tibias
763 2634 847 2655 suas
876 2622 1005 2655 subtus
1033 2630 1193 2656 ventrem
1226 2624 1310 2656 dicti
1342 2625 1424 2668 equi
1456 2625 1685 2657 strictissime
1717 2626 1926 2670 ligaverant,
1957 2633 1989 2658 et
2025 2626 2057 2657 in

195 2688 322 2721 eodem
353 2689 523 2722 conssictu
544 2689 699 2721 cutellos
721 2701 808 2721 suos
839 2689 909 2722 sibi
937 2690 1176 2729 aitioveralit⁵,
1200 2690 1391 2734 ipsumque
1419 2691 1596 2724 duxerant
1628 2699 1695 2724 tam
1728 2693 1771 2724 (le
1800 2692 1857 2724 (lic
1885 2704 1989 2736 quam
2016 2692 2058 2723 (10

194 2761 299 2787 nocte
328 2767 392 2799 per
412 2767 558 2788 nemora
587 2762 622 2788 et
649 2756 753 2789 devia
781 2768 897 2800 usque
925 2756 968 2788 ad
994 2756 1113 2788 villam
1141 2756 1185 2788 de
1214 2757 1358 2789 Fluiaco
1380 2758 1414 2789 in
1438 2758 1658 2797 BclvaciniO,
1683 2759 1741 2790 ubi
1766 2759 1897 2790 dictum
1922 2758 2058 2790 ltober-

194 2827 281 2862 tum,
313 2833 391 2854 cum
421 2821 505 2855 villa
533 2833 596 2854 sua
625 2829 735 2862 esset,
770 2822 929 2866 reperire
958 2822 1170 2861 credebant;
1203 2824 1265 2855 scd
1294 2836 1335 2855 co
1366 2824 1497 2856 ibidem
1526 2836 1596 2856 non
1627 2831 1768 2869 reperto
1795 2825 1836 2856 ad
1865 2824 1981 2856 villam
2011 2824 2054 2856 de

193 2887 364 2929 Milliaco,
383 2900 451 2933 que
473 2888 558 2921 dicti
576 2888 723 2921 Roberti
742 2895 828 2929 erat,
848 2889 964 2933 ipsum
985 2900 1077 2933 mag.
1097 2890 1287 2933 Symonem
1307 2890 1481 2923 duxerant
1503 2897 1536 2923 ct
1558 2891 1593 2922 iu
1615 2891 1767 2935 quodam
1792 2903 1899 2935 parvo
1922 2890 2055 2923 solario
