<?xml version="1.0" encoding="UTF-8"?>
<!DOCTYPE html PUBLIC "-//W3C//DTD XHTML 1.0 Transitional//EN"
    "http://www.w3.org/TR/xhtml1/DTD/xhtml1-transitional.dtd">
<html xmlns="http://www.w3.org/1999/xhtml" xml:lang="en" lang="en">
 <head>
  <title>
</title>
<meta http-equiv="Content-Type" content="text/html;charset=utf-8" />
  <meta name='ocr-system' content='tesseract 3.04.00' />
  <meta name='ocr-capabilities' content='ocr_page ocr_carea ocr_par ocr_line ocrx_word'/>
</head>
<body>
  <div class='ocr_page' id='page_1' title='image "auctariumchartul03univuoft_0647.png"; bbox 0 0 2488 3386; ppageno 0'>
   <div class='ocr_carea' id='block_1_1' title="bbox 189 338 2048 374">
    <p class='ocr_par' dir='ltr' id='par_1_1' title="bbox 189 338 2048 374">
     <span class='ocr_line' id='line_1_1' title="bbox 189 338 2048 374; baseline -0.002 0"><span class='ocrx_word' id='word_1_1' title='bbox 189 338 289 374; x_wconf 73' lang='lat'><strong>1393]</strong></span> <span class='ocrx_word' id='word_1_2' title='bbox 955 351 1001 372; x_wconf 85' lang='lat' dir='ltr'><em>DE</em></span> <span class='ocrx_word' id='word_1_3' title='bbox 1038 350 1280 372; x_wconf 75' lang='lat' dir='ltr'>SCHISMATE.</span> <span class='ocrx_word' id='word_1_4' title='bbox 1984 340 2048 372; x_wconf 87' lang='lat'><em>599</em></span> 
     </span>
    </p>
   </div>
   <div class='ocr_carea' id='block_1_2' title="bbox 191 462 2050 603">
    <p class='ocr_par' dir='ltr' id='par_1_2' title="bbox 191 462 2050 603">
     <span class='ocr_line' id='line_1_2' title="bbox 191 462 2046 505; baseline -0.002 -5"><span class='ocrx_word' id='word_1_5' title='bbox 191 462 331 499; x_wconf 80' lang='grc'>1669.</span> <span class='ocrx_word' id='word_1_6' title='bbox 360 472 533 497; x_wconf 75' lang='lat' dir='ltr'><em>Universitas</em></span> <span class='ocrx_word' id='word_1_7' title='bbox 555 471 650 497; x_wconf 82' lang='lat' dir='ltr'><em>Paris.</em></span> <span class='ocrx_word' id='word_1_8' title='bbox 672 471 700 495; x_wconf 84' lang='lat' dir='ltr'><em>in</em></span> <span class='ocrx_word' id='word_1_9' title='bbox 720 471 937 504; x_wconf 76' lang='lat' dir='ltr'><em>congregatione</em></span> <span class='ocrx_word' id='word_1_10' title='bbox 956 470 1082 504; x_wconf 82' lang='lat' dir='ltr'><em>generali</em></span> <span class='ocrx_word' id='word_1_11' title='bbox 1108 470 1276 496; x_wconf 67' lang='lat' dir='ltr'><em>deliberavit</em></span> <span class='ocrx_word' id='word_1_12' title='bbox 1300 470 1463 495; x_wconf 78' lang='lat' dir='ltr'><em>adeundum</em></span> <span class='ocrx_word' id='word_1_13' title='bbox 1486 479 1548 495; x_wconf 81' lang='lat' dir='ltr'><em>esse</em></span> <span class='ocrx_word' id='word_1_14' title='bbox 1568 470 1743 496; x_wconf 69' lang='lat' dir='ltr'><em>cardinalem</em></span> <span class='ocrx_word' id='word_1_15' title='bbox 1766 472 1879 496; x_wconf 74' lang='lat' dir='ltr'><em>Petram</em></span> <span class='ocrx_word' id='word_1_16' title='bbox 1900 470 1935 496; x_wconf 84' lang='lat' dir='ltr'><em>de</em></span> <span class='ocrx_word' id='word_1_17' title='bbox 1959 472 2046 505; x_wconf 80' lang='lat' dir='ltr'><em>Luna,</em></span> 
     </span>
     <span class='ocr_line' id='line_1_3' title="bbox 276 519 2050 555; baseline -0.001 -9"><span class='ocrx_word' id='word_1_18' title='bbox 276 521 399 555; x_wconf 79' lang='lat' dir='ltr'><em>legatum</em></span> <span class='ocrx_word' id='word_1_19' title='bbox 425 520 572 546; x_wconf 79' lang='lat' dir='ltr'><em>Clementis</em></span> <span class='ocrx_word' id='word_1_20' title='bbox 599 521 650 546; x_wconf 86' lang='lat' dir='ltr'><em>Vl!</em></span> <span class='ocrx_word' id='word_1_21' title='bbox 665 519 789 545; x_wconf 80' lang='lat' dir='ltr'><em>Parisiis</em></span> <span class='ocrx_word' id='word_1_22' title='bbox 810 523 875 544; x_wconf 80' lang='lat' dir='ltr'><em>tunc</em></span> <span class='ocrx_word' id='word_1_23' title='bbox 890 519 1069 553; x_wconf 75' lang='lat' dir='ltr'><em>degenten1¹;</em></span> <span class='ocrx_word' id='word_1_24' title='bbox 1088 519 1205 554; x_wconf 82' lang='lat' dir='ltr'><em>quidam</em></span> <span class='ocrx_word' id='word_1_25' title='bbox 1226 519 1363 553; x_wconf 84' lang='lat' dir='ltr'><em>magister</em></span> <span class='ocrx_word' id='word_1_26' title='bbox 1384 519 1498 544; x_wconf 80' lang='lat' dir='ltr'><em>deberet</em></span> <span class='ocrx_word' id='word_1_27' title='bbox 1519 519 1663 553; x_wconf 71' lang='lat' dir='ltr'><em>eleganter</em></span> <span class='ocrx_word' id='word_1_28' title='bbox 1684 528 1841 555; x_wconf 76' lang='lat' dir='ltr'><em>proponere</em></span> <span class='ocrx_word' id='word_1_29' title='bbox 1857 523 1883 545; x_wconf 83' lang='lat' dir='ltr'><em>et</em></span> <span class='ocrx_word' id='word_1_30' title='bbox 1905 519 2050 545; x_wconf 79' lang='lat' dir='ltr'><em>cardinali</em></span> 
     </span>
     <span class='ocr_line' id='line_1_4' title="bbox 281 567 1622 603; baseline -0.002 -8"><span class='ocrx_word' id='word_1_31' title='bbox 281 569 493 595; x_wconf 83' lang='lat' dir='ltr'><em>Universitatem</em></span> <span class='ocrx_word' id='word_1_32' title='bbox 507 567 750 594; x_wconf 82' lang='lat' dir='ltr'><em>recommandare.</em></span> <span class='ocrx_word' id='word_1_33' title='bbox 767 569 829 592; x_wconf 84' lang='lat' dir='ltr'><em>Jam</em></span> <span class='ocrx_word' id='word_1_34' title='bbox 844 571 931 593; x_wconf 84' lang='lat' dir='ltr'><em>antea</em></span> <span class='ocrx_word' id='word_1_35' title='bbox 947 567 1059 593; x_wconf 70' lang='lat' dir='ltr'><em>diversa</em></span> <span class='ocrx_word' id='word_1_36' title='bbox 1073 567 1193 602; x_wconf 78' lang='lat' dir='ltr'><em>collegia</em></span> <span class='ocrx_word' id='word_1_37' title='bbox 1207 576 1258 603; x_wconf 84' lang='lat' dir='ltr'><em>pro</em></span> <span class='ocrx_word' id='word_1_38' title='bbox 1273 567 1378 603; x_wconf 83' lang='lat' dir='ltr'><em>seipsis</em></span> <span class='ocrx_word' id='word_1_39' title='bbox 1394 567 1466 593; x_wconf 84' lang='lat' dir='ltr'><em>idem</em></span> <span class='ocrx_word' id='word_1_40' title='bbox 1483 570 1622 601; x_wconf 82' lang='lat' dir='ltr'><em>fecerant.</em></span> 
     </span>
    </p>
   </div>
   <div class='ocr_carea' id='block_1_3' title="bbox 1432 639 1764 668">
    <p class='ocr_par' dir='ltr' id='par_1_3' title="bbox 1432 639 1764 668">
     <span class='ocr_line' id='line_1_5' title="bbox 1432 639 1764 668; baseline 0 -4"><span class='ocrx_word' id='word_1_41' title='bbox 1432 640 1508 668; x_wconf 85' lang='grc'>1393,</span> <span class='ocrx_word' id='word_1_42' title='bbox 1524 639 1584 664; x_wconf 72' lang='lat' dir='ltr'><em>dum</em></span> <span class='ocrx_word' id='word_1_43' title='bbox 1599 639 1635 668; x_wconf 85' lang='grc'><em>18,</em></span> <span class='ocrx_word' id='word_1_44' title='bbox 1652 639 1764 665; x_wconf 79' lang='lat' dir='ltr'><em>Parisiis.</em></span> 
     </span>
    </p>
   </div>
   <div class='ocr_carea' id='block_1_4' title="bbox 187 726 2050 980">
    <p class='ocr_par' dir='ltr' id='par_1_4' title="bbox 187 726 2050 980">
     <span class='ocr_line' id='line_1_6' title="bbox 280 726 2048 758; baseline -0.002 -6"><span class='ocrx_word' id='word_1_45' title='bbox 280 729 396 752; x_wconf 71' lang='lat' dir='ltr'><em>Auctor.</em></span> <span class='ocrx_word' id='word_1_46' title='bbox 416 728 554 757; x_wconf 61' lang='lat' dir='ltr'><em>Char-tul„</em></span> <span class='ocrx_word' id='word_1_47' title='bbox 568 728 587 756; x_wconf 87' lang='lat'><em>1,</em></span> <span class='ocrx_word' id='word_1_48' title='bbox 608 728 662 755; x_wconf 79' lang='lat'><strong>680,</strong></span> <span class='ocrx_word' id='word_1_49' title='bbox 680 728 723 754; x_wconf 71' lang='lat'><em>44;</em></span> <span class='ocrx_word' id='word_1_50' title='bbox 740 727 794 755; x_wconf 84' lang='grc'>681,</span> <span class='ocrx_word' id='word_1_51' title='bbox 811 727 832 749; x_wconf 88' lang='grc'><em>8.</em></span> <span class='ocrx_word' id='word_1_52' title='bbox 857 739 885 743; x_wconf 88' lang='grc'>-</span> <span class='ocrx_word' id='word_1_53' title='bbox 908 726 1056 749; x_wconf 72' lang='lat' dir='ltr'><em>Secundum</em></span> <span class='ocrx_word' id='word_1_54' title='bbox 1074 727 1175 750; x_wconf 75' lang='lat' dir='ltr'><em>chron.</em></span> <span class='ocrx_word' id='word_1_55' title='bbox 1195 728 1258 750; x_wconf 82' lang='lat' dir='ltr'><em>duc.</em></span> <span class='ocrx_word' id='word_1_56' title='bbox 1275 726 1440 757; x_wconf 66' lang='lat' dir='ltr'><em>Lothariny,</em></span> <span class='ocrx_word' id='word_1_57' title='bbox 1456 731 1482 750; x_wconf 75' lang='lat' dir='ltr'><em>et</em></span> <span class='ocrx_word' id='word_1_58' title='bbox 1503 727 1643 750; x_wconf 75' lang='lat' dir='ltr'><em>Brabant.</em></span> <span class='ocrx_word' id='word_1_59' title='bbox 1666 735 1715 757; x_wconf 77' lang='lat' dir='ltr'><em>par</em></span> <span class='ocrx_word' id='word_1_60' title='bbox 1737 727 1842 758; x_wconf 80' lang='lat' dir='ltr'><em>Dynter,</em></span> <span class='ocrx_word' id='word_1_61' title='bbox 1859 727 1899 750; x_wconf 84' lang='lat' dir='ltr'><em>ed.</em></span> <span class='ocrx_word' id='word_1_62' title='bbox 1922 727 1952 749; x_wconf 83' lang='lat' dir='ltr'><em>de</em></span> <span class='ocrx_word' id='word_1_63' title='bbox 1975 728 2048 754; x_wconf 81' lang='lat' dir='ltr'><em>Ram,</em></span> 
     </span>
     <span class='ocr_line' id='line_1_7' title="bbox 187 771 2049 802; baseline -0.001 -7"><span class='ocrx_word' id='word_1_64' title='bbox 187 772 233 800; x_wconf 85' lang='lat' dir='ltr'><em>lll,</em></span> <span class='ocrx_word' id='word_1_65' title='bbox 252 772 305 801; x_wconf 87' lang='grc'><strong>103,</strong></span> <span class='ocrx_word' id='word_1_66' title='bbox 319 772 437 795; x_wconf 85' lang='lat' dir='ltr'><em>Clemens</em></span> <span class='ocrx_word' id='word_1_67' title='bbox 456 772 561 795; x_wconf 84' lang='lat' dir='ltr'><em>Petrum</em></span> <span class='ocrx_word' id='word_1_68' title='bbox 577 771 608 794; x_wconf 89' lang='lat' dir='ltr'><em>de</em></span> <span class='ocrx_word' id='word_1_69' title='bbox 626 772 697 794; x_wconf 87' lang='lat' dir='ltr'><em>Luna</em></span> <span class='ocrx_word' id='word_1_70' title='bbox 715 771 748 794; x_wconf 83' lang='lat' dir='ltr'><em>ad</em></span> <span class='ocrx_word' id='word_1_71' title='bbox 766 779 853 802; x_wconf 82' lang='lat' dir='ltr'><em>regem</em></span> <span class='ocrx_word' id='word_1_72' title='bbox 870 774 894 794; x_wconf 84' lang='lat' dir='ltr'><em>et</em></span> <span class='ocrx_word' id='word_1_73' title='bbox 913 771 1116 794; x_wconf 84' lang='lat' dir='ltr'><em>Universitatcm</em></span> <span class='ocrx_word' id='word_1_74' title='bbox 1132 771 1210 799; x_wconf 81' lang='lat' dir='ltr'><em>misit,</em></span> <span class='ocrx_word' id='word_1_75' title='bbox 1230 781 1242 792; x_wconf 74' lang='grc' dir='ltr'>α</span> <span class='ocrx_word' id='word_1_76' title='bbox 1257 771 1417 794; x_wconf 84' lang='lat' dir='ltr'><em>exhortando</em></span> <span class='ocrx_word' id='word_1_77' title='bbox 1434 779 1477 794; x_wconf 79' lang='lat' dir='ltr'><em>eos</em></span> <span class='ocrx_word' id='word_1_78' title='bbox 1493 774 1521 793; x_wconf 88' lang='lat' dir='ltr'><em>ut</em></span> <span class='ocrx_word' id='word_1_79' title='bbox 1540 779 1643 802; x_wconf 82' lang='lat' dir='ltr'><em>semper</em></span> <span class='ocrx_word' id='word_1_80' title='bbox 1660 771 1780 794; x_wconf 86' lang='lat' dir='ltr'><em>laborent</em></span> <span class='ocrx_word' id='word_1_81' title='bbox 1799 779 1847 802; x_wconf 87' lang='lat' dir='ltr'><em>pro</em></span> <span class='ocrx_word' id='word_1_82' title='bbox 1867 779 1930 802; x_wconf 81' lang='lat' dir='ltr'><em>pace</em></span> <span class='ocrx_word' id='word_1_83' title='bbox 1948 774 1972 794; x_wconf 86' lang='lat' dir='ltr'><em>et</em></span> <span class='ocrx_word' id='word_1_84' title='bbox 1987 779 2049 793; x_wconf 87' lang='lat' dir='ltr'><em>con-</em></span> 
     </span>
     <span class='ocr_line' id='line_1_8' title="bbox 187 815 2049 846; baseline -0.001 -7"><span class='ocrx_word' id='word_1_85' title='bbox 187 816 276 839; x_wconf 79' lang='lat' dir='ltr'><em>cordia</em></span> <span class='ocrx_word' id='word_1_86' title='bbox 295 826 318 840; x_wconf 67' lang='grc' dir='ltr'><em>ιο.</em></span> <span class='ocrx_word' id='word_1_87' title='bbox 337 817 427 839; x_wconf 84' lang='lat' dir='ltr'><em>Petrus</em></span> <span class='ocrx_word' id='word_1_88' title='bbox 441 816 472 839; x_wconf 83' lang='lat' dir='ltr'><em>de</em></span> <span class='ocrx_word' id='word_1_89' title='bbox 487 816 560 839; x_wconf 86' lang='lat' dir='ltr'><em>Lunu</em></span> <span class='ocrx_word' id='word_1_90' title='bbox 576 816 605 838; x_wconf 82' lang='lat'><em>26</em></span> <span class='ocrx_word' id='word_1_91' title='bbox 618 815 754 838; x_wconf 80' lang='lat' dir='ltr'><em>Februarii</em></span> <span class='ocrx_word' id='word_1_92' title='bbox 770 815 927 839; x_wconf 78' lang='lat' dir='ltr'><em>Avenioncm</em></span> <span class='ocrx_word' id='word_1_93' title='bbox 942 815 1057 846; x_wconf 80' lang='lat' dir='ltr'><em>reliquit.</em></span> <span class='ocrx_word' id='word_1_94' title='bbox 1074 815 1132 838; x_wconf 89' lang='lat' dir='ltr'><em>Vid.</em></span> <span class='ocrx_word' id='word_1_95' title='bbox 1146 817 1273 844; x_wconf 70' lang='lat' dir='ltr'><em>Auctar..</em></span> <span class='ocrx_word' id='word_1_96' title='bbox 1289 824 1316 846; x_wconf 84' lang='lat' dir='ltr'><em>p.</em></span> <span class='ocrx_word' id='word_1_97' title='bbox 1332 816 1386 845; x_wconf 82' lang='lat'><strong>679,</strong></span> <span class='ocrx_word' id='word_1_98' title='bbox 1399 818 1451 838; x_wconf 88' lang='lat' dir='ltr'><em>not.</em></span> <span class='ocrx_word' id='word_1_99' title='bbox 1466 818 1488 838; x_wconf 83' lang='lat'><em>5.</em></span> <span class='ocrx_word' id='word_1_100' title='bbox 1506 815 1559 838; x_wconf 87' lang='lat' dir='ltr'><em>Sub</em></span> <span class='ocrx_word' id='word_1_101' title='bbox 1573 816 1662 838; x_wconf 83' lang='lat' dir='ltr'><em>eadem</em></span> <span class='ocrx_word' id='word_1_102' title='bbox 1678 815 1804 846; x_wconf 74' lang='lat' dir='ltr'><em>temporis</em></span> <span class='ocrx_word' id='word_1_103' title='bbox 1821 818 1880 838; x_wconf 78' lang='lat' dir='ltr'><em>nota</em></span> <span class='ocrx_word' id='word_1_104' title='bbox 1895 815 2049 838; x_wconf 61' lang='lat' dir='ltr'><em>Franciscus</em></span> 
     </span>
     <span class='ocr_line' id='line_1_9' title="bbox 187 860 2049 891; baseline -0.001 -8"><span class='ocrx_word' id='word_1_105' title='bbox 187 861 347 884; x_wconf 81' lang='lat' dir='ltr'><em>camerarius</em></span> <span class='ocrx_word' id='word_1_106' title='bbox 363 860 502 884; x_wconf 83' lang='lat' dir='ltr'><em>Clementis</em></span> <span class='ocrx_word' id='word_1_107' title='bbox 522 860 545 883; x_wconf 89' lang='lat' dir='ltr'><em>ei</em></span> <span class='ocrx_word' id='word_1_108' title='bbox 558 868 606 891; x_wconf 88' lang='lat' dir='ltr'><em>pro</em></span> <span class='ocrx_word' id='word_1_109' title='bbox 617 860 738 891; x_wconf 82' lang='lat' dir='ltr'><em>expensis</em></span> <span class='ocrx_word' id='word_1_110' title='bbox 754 860 780 882; x_wconf 91' lang='lat' dir='ltr'><em>in</em></span> <span class='ocrx_word' id='word_1_111' title='bbox 795 860 960 891; x_wconf 86' lang='lat' dir='ltr'><em>negotiorum</em></span> <span class='ocrx_word' id='word_1_112' title='bbox 973 870 986 881; x_wconf 74' lang='grc' dir='ltr'><em>(ι</em></span> <span class='ocrx_word' id='word_1_113' title='bbox 1002 868 1158 891; x_wconf 84' lang='lat' dir='ltr'><em>magnorum</em></span> <span class='ocrx_word' id='word_1_114' title='bbox 1173 863 1198 883; x_wconf 88' lang='lat' dir='ltr'><em>et</em></span> <span class='ocrx_word' id='word_1_115' title='bbox 1210 860 1353 882; x_wconf 82' lang='lat' dir='ltr'><em>arduorum</em></span> <span class='ocrx_word' id='word_1_116' title='bbox 1368 870 1380 881; x_wconf 77' lang='lat'><em>1»</em></span> <span class='ocrx_word' id='word_1_117' title='bbox 1393 860 1576 890; x_wconf 80' lang='lat' dir='ltr'><em>prosecutione</em></span> <span class='ocrx_word' id='word_1_118' title='bbox 1588 860 1657 891; x_wconf 87' lang='lat' dir='ltr'><em>apud</em></span> <span class='ocrx_word' id='word_1_119' title='bbox 1674 860 1797 883; x_wconf 82' lang='lat' dir='ltr'><em>Carolum</em></span> <span class='ocrx_word' id='word_1_120' title='bbox 1813 868 1901 889; x_wconf 81' lang='lat' dir='ltr'><em>regem</em></span> <span class='ocrx_word' id='word_1_121' title='bbox 1918 860 1977 882; x_wconf 91' lang='lat'><em>1800</em></span> <span class='ocrx_word' id='word_1_122' title='bbox 1993 860 2049 883; x_wconf 85' lang='lat' dir='ltr'><em>ssor.</em></span> 
     </span>
     <span class='ocr_line' id='line_1_10' title="bbox 187 904 2050 936; baseline -0.001 -8"><span class='ocrx_word' id='word_1_123' title='bbox 187 905 245 928; x_wconf 83' lang='lat' dir='ltr'><em>auri</em></span> <span class='ocrx_word' id='word_1_124' title='bbox 260 905 291 928; x_wconf 86' lang='lat' dir='ltr'><em>de</em></span> <span class='ocrx_word' id='word_1_125' title='bbox 306 913 409 928; x_wconf 77' lang='lat' dir='ltr'><em>camera</em></span> <span class='ocrx_word' id='word_1_126' title='bbox 424 913 472 936; x_wconf 89' lang='lat' dir='ltr'><em>pro</em></span> <span class='ocrx_word' id='word_1_127' title='bbox 489 906 519 927; x_wconf 87' lang='lat'><em>90</em></span> <span class='ocrx_word' id='word_1_128' title='bbox 534 904 626 927; x_wconf 89' lang='lat' dir='ltr'><em>diebus</em></span> <span class='ocrx_word' id='word_1_129' title='bbox 642 905 667 927; x_wconf 93' lang='lat' dir='ltr'><em>in</em></span> <span class='ocrx_word' id='word_1_130' title='bbox 685 908 760 927; x_wconf 84' lang='lat' dir='ltr'><em>antea</em></span> <span class='ocrx_word' id='word_1_131' title='bbox 777 905 816 934; x_wconf 78' lang='lat'><em>(20</em></span> <span class='ocrx_word' id='word_1_132' title='bbox 831 906 887 928; x_wconf 85' lang='lat' dir='ltr'><em>ssor.</em></span> <span class='ocrx_word' id='word_1_133' title='bbox 905 913 953 936; x_wconf 88' lang='lat' dir='ltr'><em>pro</em></span> <span class='ocrx_word' id='word_1_134' title='bbox 969 904 1010 927; x_wconf 80' lang='lat' dir='ltr'><em>die</em></span> <span class='ocrx_word' id='word_1_135' title='bbox 1024 905 1148 936; x_wconf 85' lang='lat' dir='ltr'><em>qualibet)</em></span> <span class='ocrx_word' id='word_1_136' title='bbox 1164 905 1320 935; x_wconf 79' lang='lat' dir='ltr'><em>assignavit.</em></span> <span class='ocrx_word' id='word_1_137' title='bbox 1340 904 1442 935; x_wconf 83' lang='lat' dir='ltr'><em>Elapsis</em></span> <span class='ocrx_word' id='word_1_138' title='bbox 1459 904 1535 927; x_wconf 82' lang='lat' dir='ltr'><em>dictis</em></span> <span class='ocrx_word' id='word_1_139' title='bbox 1552 904 1643 927; x_wconf 87' lang='lat' dir='ltr'><em>diebus</em></span> <span class='ocrx_word' id='word_1_140' title='bbox 1659 904 1755 927; x_wconf 84' lang='lat' dir='ltr'><em>habeat</em></span> <span class='ocrx_word' id='word_1_141' title='bbox 1769 913 1817 935; x_wconf 85' lang='lat' dir='ltr'><em>pro</em></span> <span class='ocrx_word' id='word_1_142' title='bbox 1835 906 1864 927; x_wconf 81' lang='lat'><em>30</em></span> <span class='ocrx_word' id='word_1_143' title='bbox 1879 904 1938 927; x_wconf 81' lang='lat' dir='ltr'><em>aliis</em></span> <span class='ocrx_word' id='word_1_144' title='bbox 1958 904 2050 927; x_wconf 83' lang='lat' dir='ltr'><em>diebus</em></span> 
     </span>
     <span class='ocr_line' id='line_1_11' title="bbox 187 949 2050 980; baseline -0.001 -8"><span class='ocrx_word' id='word_1_145' title='bbox 187 951 233 973; x_wconf 82' lang='lat'><em>600</em></span> <span class='ocrx_word' id='word_1_146' title='bbox 248 950 359 973; x_wconf 83' lang='lat' dir='ltr'><em>florenos</em></span> <span class='ocrx_word' id='word_1_147' title='bbox 377 952 402 973; x_wconf 84' lang='lat' dir='ltr'><em>et</em></span> <span class='ocrx_word' id='word_1_148' title='bbox 416 949 452 972; x_wconf 82' lang='lat' dir='ltr'><em>sic</em></span> <span class='ocrx_word' id='word_1_149' title='bbox 468 952 568 980; x_wconf 79' lang='lat' dir='ltr'><em>postea,</em></span> <span class='ocrx_word' id='word_1_150' title='bbox 585 949 611 972; x_wconf 90' lang='lat' dir='ltr'><em>in</em></span> <span class='ocrx_word' id='word_1_151' title='bbox 627 957 729 972; x_wconf 81' lang='lat' dir='ltr'><em>summa</em></span> <span class='ocrx_word' id='word_1_152' title='bbox 742 957 789 980; x_wconf 87' lang='lat' dir='ltr'><em>pro</em></span> <span class='ocrx_word' id='word_1_153' title='bbox 806 949 850 972; x_wconf 80' lang='lat'><em>150</em></span> <span class='ocrx_word' id='word_1_154' title='bbox 865 949 957 972; x_wconf 84' lang='lat' dir='ltr'><em>diebus</em></span> <span class='ocrx_word' id='word_1_155' title='bbox 974 949 1059 979; x_wconf 79' lang='lat' dir='ltr'><em>(Arch.</em></span> <span class='ocrx_word' id='word_1_156' title='bbox 1075 949 1133 973; x_wconf 83' lang='lat' dir='ltr'><em>Vat.</em></span> <span class='ocrx_word' id='word_1_157' title='bbox 1152 950 1229 972; x_wconf 78' lang='lat' dir='ltr'><em>Instr.</em></span> <span class='ocrx_word' id='word_1_158' title='bbox 1243 949 1354 972; x_wconf 79' lang='lat' dir='ltr'><em>miscell.</em></span> <span class='ocrx_word' id='word_1_159' title='bbox 1367 949 1445 978; x_wconf 78' lang='lat'><strong>1393),</strong></span> <span class='ocrx_word' id='word_1_160' title='bbox 1462 949 1479 972; x_wconf 86' lang='lat' dir='ltr'><em>i.</em></span> <span class='ocrx_word' id='word_1_161' title='bbox 1496 957 1517 972; x_wconf 89' lang='lat' dir='ltr'><em>e.</em></span> <span class='ocrx_word' id='word_1_162' title='bbox 1535 958 1617 980; x_wconf 85' lang='lat' dir='ltr'><em>nsque</em></span> <span class='ocrx_word' id='word_1_163' title='bbox 1632 950 1660 972; x_wconf 77' lang='lat'><em>25</em></span> <span class='ocrx_word' id='word_1_164' title='bbox 1674 949 1751 977; x_wconf 84' lang='lat' dir='ltr'><em>Julii;</em></span> <span class='ocrx_word' id='word_1_165' title='bbox 1769 949 1790 972; x_wconf 88' lang='lat' dir='ltr'><em>si</em></span> <span class='ocrx_word' id='word_1_166' title='bbox 1806 952 1866 972; x_wconf 89' lang='lat' dir='ltr'><em>tunc</em></span> <span class='ocrx_word' id='word_1_167' title='bbox 1883 949 1985 979; x_wconf 78' lang='lat' dir='ltr'><em>negotia</em></span> <span class='ocrx_word' id='word_1_168' title='bbox 2001 957 2050 971; x_wconf 90' lang='lat' dir='ltr'><em>non</em></span> 
     </span>
    </p>
   </div>
   <div class='ocr_carea' id='block_1_5' title="bbox 187 992 2050 1062">
    <p class='ocr_par' dir='ltr' id='par_1_5' title="bbox 187 992 2050 1062">
     <span class='ocr_line' id='line_1_12' title="bbox 187 992 2050 1025; baseline 0 -9"><span class='ocrx_word' id='word_1_169' title='bbox 187 994 381 1025; x_wconf 81' lang='lat' dir='ltr'><em>complevisset,</em></span> <span class='ocrx_word' id='word_1_170' title='bbox 400 994 571 1025; x_wconf 77' lang='lat' dir='ltr'><em>assignantur</em></span> <span class='ocrx_word' id='word_1_171' title='bbox 591 993 716 1016; x_wconf 77' lang='lat' dir='ltr'><em>ulteriora</em></span> <span class='ocrx_word' id='word_1_172' title='bbox 735 993 866 1024; x_wconf 85' lang='lat' dir='ltr'><em>stipendia</em></span> <span class='ocrx_word' id='word_1_173' title='bbox 886 992 968 1022; x_wconf 87' lang='lat' dir='ltr'><em>(ibid.;</em></span> <span class='ocrx_word' id='word_1_174' title='bbox 986 993 1038 1016; x_wconf 84' lang='lat' dir='ltr'><em>vid.</em></span> <span class='ocrx_word' id='word_1_175' title='bbox 1052 997 1188 1024; x_wconf 84' lang='lat' dir='ltr'><em>praeterea</em></span> <span class='ocrx_word' id='word_1_176' title='bbox 1201 993 1316 1018; x_wconf 76' lang='lat' dir='ltr'><em>Introit.</em></span> <span class='ocrx_word' id='word_1_177' title='bbox 1333 997 1357 1017; x_wconf 79' lang='lat' dir='ltr'><em>et</em></span> <span class='ocrx_word' id='word_1_178' title='bbox 1371 994 1446 1022; x_wconf 57' lang='lat' dir='ltr'><em>eoeit„</em></span> <span class='ocrx_word' id='word_1_179' title='bbox 1462 997 1491 1016; x_wconf 81' lang='lat' dir='ltr'><em>n0</em></span> <span class='ocrx_word' id='word_1_180' title='bbox 1506 994 1559 1021; x_wconf 72' lang='lat'><em>370,</em></span> <span class='ocrx_word' id='word_1_181' title='bbox 1575 995 1592 1016; x_wconf 80' lang='lat' dir='ltr'><em>f.</em></span> <span class='ocrx_word' id='word_1_182' title='bbox 1607 994 1654 1022; x_wconf 75' lang='lat'><em>82).</em></span> <span class='ocrx_word' id='word_1_183' title='bbox 1669 993 1778 1016; x_wconf 86' lang='lat' dir='ltr'><em>Parisiis</em></span> <span class='ocrx_word' id='word_1_184' title='bbox 1795 994 1871 1016; x_wconf 83' lang='lat' dir='ltr'><em>aedes</em></span> <span class='ocrx_word' id='word_1_185' title='bbox 1887 993 2050 1024; x_wconf 73' lang='lat' dir='ltr'><em>episcopales</em></span> 
     </span>
     <span class='ocr_line' id='line_1_13' title="bbox 187 1038 353 1062; baseline 0 -1"><span class='ocrx_word' id='word_1_186' title='bbox 187 1038 353 1062; x_wconf 83' lang='lat' dir='ltr'><em>inhabitavit.</em></span> 
     </span>
    </p>
   </div>
   <div class='ocr_carea' id='block_1_6' title="bbox 188 1121 2051 1198">
    <p class='ocr_par' dir='ltr' id='par_1_6' title="bbox 188 1121 2051 1198">
     <span class='ocr_line' id='line_1_14' title="bbox 282 1121 2050 1153; baseline -0.001 -8"><span class='ocrx_word' id='word_1_187' title='bbox 282 1123 304 1145; x_wconf 91' lang='lat'><em>1.</em></span> <span class='ocrx_word' id='word_1_188' title='bbox 323 1123 404 1145; x_wconf 79' lang='lat' dir='ltr'><em>Antea</em></span> <span class='ocrx_word' id='word_1_189' title='bbox 419 1122 609 1145; x_wconf 78' lang='lat' dir='ltr'><em>Abbatisvillae</em></span> <span class='ocrx_word' id='word_1_190' title='bbox 625 1131 683 1145; x_wconf 84' lang='lat' dir='ltr'><em>cum</em></span> <span class='ocrx_word' id='word_1_191' title='bbox 703 1131 764 1153; x_wconf 82' lang='lat' dir='ltr'><em>rege</em></span> <span class='ocrx_word' id='word_1_192' title='bbox 785 1123 946 1149; x_wconf 79' lang='lat' dir='ltr'><em>morabatur,</em></span> <span class='ocrx_word' id='word_1_193' title='bbox 966 1126 990 1145; x_wconf 88' lang='lat' dir='ltr'><em>ct</em></span> <span class='ocrx_word' id='word_1_194' title='bbox 1012 1122 1071 1145; x_wconf 73' lang='lat' dir='ltr'><em>Maii</em></span> <span class='ocrx_word' id='word_1_195' title='bbox 1092 1123 1121 1145; x_wconf 80' lang='lat'><em>28</em></span> <span class='ocrx_word' id='word_1_196' title='bbox 1142 1122 1279 1153; x_wconf 80' lang='lat' dir='ltr'><em>Leelingen</em></span> <span class='ocrx_word' id='word_1_197' title='bbox 1295 1131 1354 1145; x_wconf 84' lang='lat' dir='ltr'><em>cum</em></span> <span class='ocrx_word' id='word_1_198' title='bbox 1369 1122 1495 1153; x_wconf 77' lang='lat' dir='ltr'><em>Anglicis.</em></span> <span class='ocrx_word' id='word_1_199' title='bbox 1512 1122 1676 1145; x_wconf 81' lang='lat' dir='ltr'><em>Universitas</em></span> <span class='ocrx_word' id='word_1_200' title='bbox 1700 1130 1787 1145; x_wconf 80' lang='lat' dir='ltr'><em>mense</em></span> <span class='ocrx_word' id='word_1_201' title='bbox 1808 1122 1871 1145; x_wconf 69' lang='lat' dir='ltr'><em>sulii</em></span> <span class='ocrx_word' id='word_1_202' title='bbox 1891 1121 2050 1144; x_wconf 76' lang='lat' dir='ltr'><em>cardinalem</em></span> 
     </span>
     <span class='ocr_line' id='line_1_15' title="bbox 188 1166 2051 1198; baseline -0.001 -9"><span class='ocrx_word' id='word_1_203' title='bbox 188 1166 320 1190; x_wconf 76' lang='lat' dir='ltr'><em>salutandi</em></span> <span class='ocrx_word' id='word_1_204' title='bbox 336 1168 439 1190; x_wconf 78' lang='lat' dir='ltr'><em>tantum</em></span> <span class='ocrx_word' id='word_1_205' title='bbox 454 1166 540 1198; x_wconf 84' lang='lat' dir='ltr'><em>gratia</em></span> <span class='ocrx_word' id='word_1_206' title='bbox 552 1166 642 1196; x_wconf 81' lang='lat' dir='ltr'><em>adivit,</em></span> <span class='ocrx_word' id='word_1_207' title='bbox 657 1167 725 1189; x_wconf 88' lang='lat' dir='ltr'><em>sicut</em></span> <span class='ocrx_word' id='word_1_208' title='bbox 738 1175 780 1190; x_wconf 79' lang='lat' dir='ltr'><em>nn.</em></span> <span class='ocrx_word' id='word_1_209' title='bbox 792 1167 852 1189; x_wconf 71' lang='lat'><strong>1382</strong></span> <span class='ocrx_word' id='word_1_210' title='bbox 863 1167 933 1189; x_wconf 79' lang='lat' dir='ltr'><em>natio</em></span> <span class='ocrx_word' id='word_1_211' title='bbox 949 1166 1101 1190; x_wconf 73' lang='lat' dir='ltr'><em>Provinciae</em></span> <span class='ocrx_word' id='word_1_212' title='bbox 1118 1167 1304 1190; x_wconf 86' lang='lat' dir='ltr'><em>Universitutis</em></span> <span class='ocrx_word' id='word_1_213' title='bbox 1318 1166 1489 1189; x_wconf 81' lang='lat' dir='ltr'><em>Avenionens.</em></span> <span class='ocrx_word' id='word_1_214' title='bbox 1509 1166 1669 1189; x_wconf 77' lang='lat' dir='ltr'><em>Ludovicurn</em></span> <span class='ocrx_word' id='word_1_215' title='bbox 1686 1167 1777 1189; x_wconf 86' lang='lat' dir='ltr'><em>ducem</em></span> <span class='ocrx_word' id='word_1_216' title='bbox 1795 1166 1974 1197; x_wconf 79' lang='lat' dir='ltr'><em>Andegavens.</em></span> <span class='ocrx_word' id='word_1_217' title='bbox 1989 1167 2051 1188; x_wconf 77' lang='lat' dir='ltr'><em>Ave-</em></span> 
     </span>
    </p>
   </div>
   <div class='ocr_carea' id='block_1_7' title="bbox 188 1211 2051 1286">
    <p class='ocr_par' dir='ltr' id='par_1_7' title="bbox 188 1211 2051 1286">
     <span class='ocr_line' id='line_1_16' title="bbox 189 1211 2051 1242; baseline -0.001 -8"><span class='ocrx_word' id='word_1_218' title='bbox 189 1211 274 1239; x_wconf 76' lang='lat' dir='ltr'><em>nione,</em></span> <span class='ocrx_word' id='word_1_219' title='bbox 289 1219 330 1234; x_wconf 81' lang='lat' dir='ltr'><em>an.</em></span> <span class='ocrx_word' id='word_1_220' title='bbox 343 1211 402 1234; x_wconf 85' lang='grc'>1388</span> <span class='ocrx_word' id='word_1_221' title='bbox 421 1211 584 1234; x_wconf 79' lang='lat' dir='ltr'><em>Universitas</em></span> <span class='ocrx_word' id='word_1_222' title='bbox 600 1211 782 1242; x_wconf 76' lang='lat' dir='ltr'><em>Andegavens.</em></span> <span class='ocrx_word' id='word_1_223' title='bbox 798 1211 908 1234; x_wconf 76' lang='lat' dir='ltr'><em>Mariam</em></span> <span class='ocrx_word' id='word_1_224' title='bbox 926 1211 980 1242; x_wconf 84' lang='lat' dir='ltr'><em>ejus</em></span> <span class='ocrx_word' id='word_1_225' title='bbox 998 1219 1103 1234; x_wconf 83' lang='lat' dir='ltr'><em>uxorem</em></span> <span class='ocrx_word' id='word_1_226' title='bbox 1122 1211 1288 1242; x_wconf 82' lang='lat' dir='ltr'><em>superstitem</em></span> <span class='ocrx_word' id='word_1_227' title='bbox 1308 1211 1455 1242; x_wconf 78' lang='lat' dir='ltr'><em>Andegavis</em></span> <span class='ocrx_word' id='word_1_228' title='bbox 1472 1211 1603 1239; x_wconf 78' lang='lat' dir='ltr'><em>(Journal</em></span> <span class='ocrx_word' id='word_1_229' title='bbox 1618 1212 1649 1234; x_wconf 81' lang='lat' dir='ltr'><em>de</em></span> <span class='ocrx_word' id='word_1_230' title='bbox 1662 1211 1731 1234; x_wconf 75' lang='lat' dir='ltr'><em>Jean</em></span> <span class='ocrx_word' id='word_1_231' title='bbox 1746 1211 1771 1234; x_wconf 82' lang='lat' dir='ltr'><em>le</em></span> <span class='ocrx_word' id='word_1_232' title='bbox 1783 1211 1877 1238; x_wconf 40' lang='lat' dir='ltr'><em>Fevrey</em></span> <span class='ocrx_word' id='word_1_233' title='bbox 1893 1219 1940 1241; x_wconf 79' lang='lat' dir='ltr'><em>pm·</em></span> <span class='ocrx_word' id='word_1_234' title='bbox 1951 1211 2051 1233; x_wconf 82' lang='lat' dir='ltr'><em>Moran-</em></span> 
     </span>
     <span class='ocr_line' id='line_1_17' title="bbox 188 1255 438 1286; baseline 0 -8"><span class='ocrx_word' id='word_1_235' title='bbox 188 1255 259 1284; x_wconf 75' lang='lat' dir='ltr'><em>ville,</em></span> <span class='ocrx_word' id='word_1_236' title='bbox 274 1264 301 1286; x_wconf 91' lang='lat' dir='ltr'><em>p.</em></span> <span class='ocrx_word' id='word_1_237' title='bbox 318 1257 360 1283; x_wconf 79' lang='lat'><em>29;</em></span> <span class='ocrx_word' id='word_1_238' title='bbox 374 1256 438 1285; x_wconf 84' lang='lat'><strong>516).</strong></span> 
     </span>
    </p>
   </div>
   <div class='ocr_carea' id='block_1_8' title="bbox 194 1368 2051 1462">
    <p class='ocr_par' dir='ltr' id='par_1_8' title="bbox 194 1368 2051 1462">
     <span class='ocr_line' id='line_1_18' title="bbox 194 1368 2051 1414; baseline -0.002 -9"><span class='ocrx_word' id='word_1_239' title='bbox 194 1368 335 1405; x_wconf 82' lang='grc'>1670.</span> <span class='ocrx_word' id='word_1_240' title='bbox 365 1378 538 1403; x_wconf 71' lang='grc' dir='ltr'><em>Πηίνενείἰαε</em></span> <span class='ocrx_word' id='word_1_241' title='bbox 563 1378 658 1404; x_wconf 83' lang='lat' dir='ltr'><em>Paris.</em></span> <span class='ocrx_word' id='word_1_242' title='bbox 681 1378 709 1403; x_wconf 83' lang='lat' dir='ltr'><em>in</em></span> <span class='ocrx_word' id='word_1_243' title='bbox 732 1378 949 1412; x_wconf 75' lang='lat' dir='ltr'><em>congregatione</em></span> <span class='ocrx_word' id='word_1_244' title='bbox 970 1378 1099 1412; x_wconf 80' lang='lat' dir='ltr'><em>generali</em></span> <span class='ocrx_word' id='word_1_245' title='bbox 1120 1378 1204 1412; x_wconf 82' lang='lat' dir='ltr'><em>elegit</em></span> <span class='ocrx_word' id='word_1_246' title='bbox 1227 1378 1403 1404; x_wconf 80' lang='lat' dir='ltr'><em>Guillelmanz</em></span> <span class='ocrx_word' id='word_1_247' title='bbox 1426 1380 1561 1409; x_wconf 65' lang='lat' dir='ltr'><em>Bar-rant,</em></span> <span class='ocrx_word' id='word_1_248' title='bbox 1582 1379 1705 1414; x_wconf 80' lang='lat' dir='ltr'><em>priorem</em></span> <span class='ocrx_word' id='word_1_249' title='bbox 1728 1380 1756 1404; x_wconf 83' lang='lat' dir='ltr'><em>S.</em></span> <span class='ocrx_word' id='word_1_250' title='bbox 1774 1378 1909 1413; x_wconf 71' lang='lat' dir='ltr'><em>Dionysii,</em></span> <span class='ocrx_word' id='word_1_251' title='bbox 1933 1386 2007 1411; x_wconf 84' lang='lat' dir='ltr'><em>mag.</em></span> <span class='ocrx_word' id='word_1_252' title='bbox 2024 1377 2051 1402; x_wconf 87' lang='lat' dir='ltr'><em>in</em></span> 
     </span>
     <span class='ocr_line' id='line_1_19' title="bbox 278 1426 2051 1462; baseline 0 -11"><span class='ocrx_word' id='word_1_253' title='bbox 278 1426 373 1460; x_wconf 60' lang='lat' dir='ltr'><em>theol„</em></span> <span class='ocrx_word' id='word_1_254' title='bbox 401 1427 450 1461; x_wconf 80' lang='lat' dir='ltr'><em>qui</em></span> <span class='ocrx_word' id='word_1_255' title='bbox 470 1435 564 1452; x_wconf 84' lang='lat' dir='ltr'><em>coram</em></span> <span class='ocrx_word' id='word_1_256' title='bbox 586 1426 731 1452; x_wconf 78' lang='lat' dir='ltr'><em>cardinali</em></span> <span class='ocrx_word' id='word_1_257' title='bbox 745 1428 829 1452; x_wconf 87' lang='lat' dir='ltr'><em>Petro</em></span> <span class='ocrx_word' id='word_1_258' title='bbox 850 1427 884 1452; x_wconf 83' lang='lat' dir='ltr'><em>de</em></span> <span class='ocrx_word' id='word_1_259' title='bbox 907 1429 986 1452; x_wconf 82' lang='lat' dir='ltr'><em>Luna</em></span> <span class='ocrx_word' id='word_1_260' title='bbox 1007 1427 1122 1452; x_wconf 82' lang='lat' dir='ltr'><em>easdem</em></span> <span class='ocrx_word' id='word_1_261' title='bbox 1143 1427 1336 1453; x_wconf 79' lang='lat' dir='ltr'><em>conclusiones</em></span> <span class='ocrx_word' id='word_1_262' title='bbox 1357 1427 1392 1453; x_wconf 82' lang='lat' dir='ltr'><em>de</em></span> <span class='ocrx_word' id='word_1_263' title='bbox 1407 1429 1485 1461; x_wconf 82' lang='lat' dir='ltr'><em>facto</em></span> <span class='ocrx_word' id='word_1_264' title='bbox 1501 1427 1612 1452; x_wconf 79' lang='lat' dir='ltr'><em>unionis</em></span> <span class='ocrx_word' id='word_1_265' title='bbox 1629 1427 1767 1452; x_wconf 81' lang='lat' dir='ltr'><em>ecclesiae</em></span> <span class='ocrx_word' id='word_1_266' title='bbox 1781 1430 1959 1462; x_wconf 74' lang='lat' dir='ltr'><em>proponeret,</em></span> <span class='ocrx_word' id='word_1_267' title='bbox 1978 1435 2051 1461; x_wconf 78' lang='lat' dir='ltr'><em>qaas</em></span> 
     </span>
    </p>
   </div>
   <div class='ocr_carea' id='block_1_9' title="bbox 278 1475 1764 1545">
    <p class='ocr_par' dir='ltr' id='par_1_9' title="bbox 278 1475 1764 1545">
     <span class='ocr_line' id='line_1_20' title="bbox 278 1475 1194 1512; baseline 0.002 -12"><span class='ocrx_word' id='word_1_268' title='bbox 278 1484 353 1509; x_wconf 83' lang='lat' dir='ltr'><em>mag.</em></span> <span class='ocrx_word' id='word_1_269' title='bbox 369 1475 491 1509; x_wconf 79' lang='lat' dir='ltr'><em>Egidias</em></span> <span class='ocrx_word' id='word_1_270' title='bbox 505 1475 540 1500; x_wconf 86' lang='lat' dir='ltr'><em>de</em></span> <span class='ocrx_word' id='word_1_271' title='bbox 559 1476 672 1511; x_wconf 83' lang='lat' dir='ltr'><em>Campis</em></span> <span class='ocrx_word' id='word_1_272' title='bbox 689 1479 776 1501; x_wconf 86' lang='lat' dir='ltr'><em>antea</em></span> <span class='ocrx_word' id='word_1_273' title='bbox 789 1485 882 1501; x_wconf 79' lang='lat' dir='ltr'><em>corani</em></span> <span class='ocrx_word' id='word_1_274' title='bbox 900 1485 963 1510; x_wconf 85' lang='lat' dir='ltr'><em>rege</em></span> <span class='ocrx_word' id='word_1_275' title='bbox 977 1476 1194 1512; x_wconf 69' lang='lat' dir='ltr'><em>proposuerat‘.</em></span> 
     </span>
     <span class='ocr_line' id='line_1_21' title="bbox 1401 1512 1764 1545; baseline -0.003 -7"><span class='ocrx_word' id='word_1_276' title='bbox 1401 1513 1473 1541; x_wconf 81' lang='lat'><strong><em>7393,</em></strong></span> <span class='ocrx_word' id='word_1_277' title='bbox 1490 1512 1597 1545; x_wconf 66' lang='lat' dir='ltr'><em>Augusti</em></span> <span class='ocrx_word' id='word_1_278' title='bbox 1608 1513 1633 1541; x_wconf 82' lang='grc'><em>4,</em></span> <span class='ocrx_word' id='word_1_279' title='bbox 1649 1513 1764 1538; x_wconf 75' lang='lat' dir='ltr'><em>Parisiis.</em></span> 
     </span>
    </p>
   </div>
   <div class='ocr_carea' id='block_1_10' title="bbox 189 1599 2055 1853">
    <p class='ocr_par' dir='ltr' id='par_1_10' title="bbox 189 1599 2055 1853">
     <span class='ocr_line' id='line_1_22' title="bbox 281 1599 2051 1630; baseline -0.001 -7"><span class='ocrx_word' id='word_1_280' title='bbox 281 1601 398 1623; x_wconf 74' lang='lat' dir='ltr'><em>Auctor.</em></span> <span class='ocrx_word' id='word_1_281' title='bbox 423 1599 560 1628; x_wconf 64' lang='lat' dir='ltr'><em>Chartul„</em></span> <span class='ocrx_word' id='word_1_282' title='bbox 580 1600 600 1628; x_wconf 75' lang='lat'><em>1,</em></span> <span class='ocrx_word' id='word_1_283' title='bbox 614 1600 667 1628; x_wconf 83' lang='lat'><strong>681,</strong></span> <span class='ocrx_word' id='word_1_284' title='bbox 684 1600 723 1628; x_wconf 72' lang='lat'><em>33,</em></span> <span class='ocrx_word' id='word_1_285' title='bbox 738 1601 777 1623; x_wconf 70' lang='lat'><em>[10.</em></span> <span class='ocrx_word' id='word_1_286' title='bbox 799 1600 909 1623; x_wconf 81' lang='lat' dir='ltr'><em>Juvenal</em></span> <span class='ocrx_word' id='word_1_287' title='bbox 927 1600 972 1622; x_wconf 83' lang='lat' dir='ltr'><em>des</em></span> <span class='ocrx_word' id='word_1_288' title='bbox 989 1600 1082 1623; x_wconf 87' lang='lat' dir='ltr'><em>Ursins</em></span> <span class='ocrx_word' id='word_1_289' title='bbox 1101 1599 1126 1622; x_wconf 83' lang='lat' dir='ltr'><em>in</em></span> <span class='ocrx_word' id='word_1_290' title='bbox 1141 1600 1211 1624; x_wconf 78' lang='lat' dir='ltr'><em>Hz‘sc.</em></span> <span class='ocrx_word' id='word_1_291' title='bbox 1227 1601 1257 1623; x_wconf 80' lang='lat' dir='ltr'><em>de</em></span> <span class='ocrx_word' id='word_1_292' title='bbox 1278 1600 1392 1624; x_wconf 75' lang='lat' dir='ltr'><em>Charles</em></span> <span class='ocrx_word' id='word_1_293' title='bbox 1413 1599 1449 1623; x_wconf 84' lang='lat' dir='ltr'><em>VI</em></span> <span class='ocrx_word' id='word_1_294' title='bbox 1471 1600 1519 1629; x_wconf 84' lang='lat' dir='ltr'><em>(ed.</em></span> <span class='ocrx_word' id='word_1_295' title='bbox 1537 1600 1676 1630; x_wconf 69' lang='lat' dir='ltr'><em>Godefroy,</em></span> <span class='ocrx_word' id='word_1_296' title='bbox 1695 1608 1721 1630; x_wconf 85' lang='lat' dir='ltr'><em>p.</em></span> <span class='ocrx_word' id='word_1_297' title='bbox 1744 1600 1796 1628; x_wconf 81' lang='lat'><strong>105)</strong></span> <span class='ocrx_word' id='word_1_298' title='bbox 1811 1599 1927 1630; x_wconf 85' lang='lat' dir='ltr'><em>loquitur</em></span> <span class='ocrx_word' id='word_1_299' title='bbox 1949 1600 2000 1627; x_wconf 76' lang='lat' dir='ltr'><em>(ast</em></span> <span class='ocrx_word' id='word_1_300' title='bbox 2019 1599 2051 1621; x_wconf 75' lang='lat' dir='ltr'><em>ad</em></span> 
     </span>
     <span class='ocr_line' id='line_1_23' title="bbox 189 1643 2053 1675; baseline 0 -9"><span class='ocrx_word' id='word_1_301' title='bbox 189 1651 231 1666; x_wconf 81' lang='lat' dir='ltr'><em>an.</em></span> <span class='ocrx_word' id='word_1_302' title='bbox 249 1643 308 1666; x_wconf 75' lang='lat'><strong>1394</strong></span> <span class='ocrx_word' id='word_1_303' title='bbox 315 1644 334 1673; x_wconf 79' lang='grc'><em>2)</em></span> <span class='ocrx_word' id='word_1_304' title='bbox 348 1644 379 1667; x_wconf 85' lang='lat' dir='ltr'><em>de</em></span> <span class='ocrx_word' id='word_1_305' title='bbox 394 1643 434 1666; x_wconf 82' lang='lat' dir='ltr'><em>his</em></span> <span class='ocrx_word' id='word_1_306' title='bbox 448 1643 684 1674; x_wconf 68' lang='lat' dir='ltr'><em>propositionibus,</em></span> <span class='ocrx_word' id='word_1_307' title='bbox 702 1644 833 1675; x_wconf 85' lang='lat' dir='ltr'><em>imprimis</em></span> <span class='ocrx_word' id='word_1_308' title='bbox 849 1645 880 1667; x_wconf 84' lang='grc'><em>(16</em></span> <span class='ocrx_word' id='word_1_309' title='bbox 896 1653 957 1673; x_wconf 70' lang='lat' dir='ltr'><em>una,</em></span> <span class='ocrx_word' id='word_1_310' title='bbox 973 1652 1066 1675; x_wconf 77' lang='lat' dir='ltr'><em>ex&#39;qua</em></span> <span class='ocrx_word' id='word_1_311' title='bbox 1080 1654 1092 1665; x_wconf 76' lang='grc' dir='ltr'>α</span> <span class='ocrx_word' id='word_1_312' title='bbox 1107 1652 1170 1667; x_wconf 84' lang='lat' dir='ltr'><em>ceux</em></span> <span class='ocrx_word' id='word_1_313' title='bbox 1185 1644 1215 1667; x_wconf 86' lang='lat' dir='ltr'><em>de</em></span> <span class='ocrx_word' id='word_1_314' title='bbox 1231 1644 1398 1667; x_wconf 71' lang='lat' dir='ltr'><em>l&#39;Universite:</em></span> <span class='ocrx_word' id='word_1_315' title='bbox 1417 1647 1508 1667; x_wconf 84' lang='lat' dir='ltr'><em>eurent</em></span> <span class='ocrx_word' id='word_1_316' title='bbox 1523 1644 1554 1667; x_wconf 88' lang='lat' dir='ltr'><em>de</em></span> <span class='ocrx_word' id='word_1_317' title='bbox 1569 1645 1613 1675; x_wconf 77' lang='lat' dir='ltr'><em>luy</em></span> <span class='ocrx_word' id='word_1_318' title='bbox 1627 1652 1752 1675; x_wconf 85' lang='lat' dir='ltr'><em>response</em></span> <span class='ocrx_word' id='word_1_319' title='bbox 1767 1644 1826 1666; x_wconf 88' lang='lat' dir='ltr'><em>bien</em></span> <span class='ocrx_word' id='word_1_320' title='bbox 1842 1643 2004 1674; x_wconf 86' lang='lat' dir='ltr'><em>rigoureuse.</em></span> <span class='ocrx_word' id='word_1_321' title='bbox 2021 1643 2053 1665; x_wconf 83' lang='lat' dir='ltr'><em>Et</em></span> 
     </span>
     <span class='ocr_line' id='line_1_24' title="bbox 189 1688 2052 1720; baseline -0.001 -10"><span class='ocrx_word' id='word_1_322' title='bbox 189 1695 220 1711; x_wconf 89' lang='lat' dir='ltr'><em>en</em></span> <span class='ocrx_word' id='word_1_323' title='bbox 233 1690 306 1711; x_wconf 84' lang='lat' dir='ltr'><em>outre</em></span> <span class='ocrx_word' id='word_1_324' title='bbox 319 1688 350 1710; x_wconf 91' lang='lat' dir='ltr'><em>de</em></span> <span class='ocrx_word' id='word_1_325' title='bbox 365 1688 511 1711; x_wconf 67' lang='lat' dir='ltr'><em>l&#39;auetorite:</em></span> <span class='ocrx_word' id='word_1_326' title='bbox 527 1688 696 1719; x_wconf 82' lang='lat' dir='ltr'><em>Apostolique</em></span> <span class='ocrx_word' id='word_1_327' title='bbox 713 1689 770 1711; x_wconf 88' lang='lat' dir='ltr'><em>leur</em></span> <span class='ocrx_word' id='word_1_328' title='bbox 786 1689 901 1711; x_wconf 77' lang='lat' dir='ltr'><em>defendit</em></span> <span class='ocrx_word' id='word_1_329' title='bbox 916 1688 993 1720; x_wconf 80' lang='lat' dir='ltr'><em>qu&#39;ils</em></span> <span class='ocrx_word' id='word_1_330' title='bbox 1012 1689 1161 1711; x_wconf 76' lang='lat' dir='ltr'><em>n&#39;usasscnt</em></span> <span class='ocrx_word' id='word_1_331' title='bbox 1175 1689 1235 1719; x_wconf 87' lang='lat' dir='ltr'><em>plus</em></span> <span class='ocrx_word' id='word_1_332' title='bbox 1255 1689 1285 1711; x_wconf 85' lang='lat' dir='ltr'><em>de</em></span> <span class='ocrx_word' id='word_1_333' title='bbox 1300 1688 1374 1712; x_wconf 86' lang='lat' dir='ltr'><em>tcllcs</em></span> <span class='ocrx_word' id='word_1_334' title='bbox 1392 1689 1520 1712; x_wconf 66' lang='lat' dir='ltr'><em>manseres</em></span> <span class='ocrx_word' id='word_1_335' title='bbox 1536 1689 1567 1711; x_wconf 85' lang='grc'><em>(16</em></span> <span class='ocrx_word' id='word_1_336' title='bbox 1585 1689 1711 1719; x_wconf 77' lang='lat' dir='ltr'><em>langages</em></span> <span class='ocrx_word' id='word_1_337' title='bbox 1728 1698 1748 1712; x_wconf 68' lang='lat'><em>10,</em></span> <span class='ocrx_word' id='word_1_338' title='bbox 1766 1688 1841 1711; x_wconf 84' lang='lat' dir='ltr'><em>Certe</em></span> <span class='ocrx_word' id='word_1_339' title='bbox 1856 1688 1886 1710; x_wconf 86' lang='lat' dir='ltr'><em>de</em></span> <span class='ocrx_word' id='word_1_340' title='bbox 1904 1689 1938 1710; x_wconf 65' lang='lat'><em>5⁰·</em></span> <span class='ocrx_word' id='word_1_341' title='bbox 1953 1696 2052 1718; x_wconf 88' lang='lat' dir='ltr'><em>propo-</em></span> 
     </span>
     <span class='ocr_line' id='line_1_25' title="bbox 189 1732 2055 1764; baseline 0 -10"><span class='ocrx_word' id='word_1_342' title='bbox 189 1732 283 1755; x_wconf 87' lang='lat' dir='ltr'><em>sitione</em></span> <span class='ocrx_word' id='word_1_343' title='bbox 298 1740 379 1763; x_wconf 85' lang='lat' dir='ltr'><em>supra</em></span> <span class='ocrx_word' id='word_1_344' title='bbox 394 1736 422 1754; x_wconf 86' lang='lat' dir='ltr'><em>n⁰</em></span> <span class='ocrx_word' id='word_1_345' title='bbox 438 1733 498 1755; x_wconf 77' lang='lat'><strong>1666</strong></span> <span class='ocrx_word' id='word_1_346' title='bbox 513 1733 593 1755; x_wconf 81' lang='lat' dir='ltr'><em>allata</em></span> <span class='ocrx_word' id='word_1_347' title='bbox 609 1733 746 1763; x_wconf 84' lang='lat' dir='ltr'><em>agebatur.</em></span> <span class='ocrx_word' id='word_1_348' title='bbox 762 1733 880 1756; x_wconf 85' lang='lat' dir='ltr'><em>Clemens</em></span> <span class='ocrx_word' id='word_1_349' title='bbox 897 1733 942 1756; x_wconf 88' lang='lat' dir='ltr'><em>VII</em></span> <span class='ocrx_word' id='word_1_350' title='bbox 958 1733 988 1755; x_wconf 89' lang='lat' dir='ltr'><em>de</em></span> <span class='ocrx_word' id='word_1_351' title='bbox 1000 1733 1047 1755; x_wconf 87' lang='lat' dir='ltr'><em>hoc</em></span> <span class='ocrx_word' id='word_1_352' title='bbox 1063 1733 1219 1755; x_wconf 79' lang='lat' dir='ltr'><em>informatus</em></span> <span class='ocrx_word' id='word_1_353' title='bbox 1234 1733 1341 1764; x_wconf 79' lang='lat' dir='ltr'><em>scripsit</em></span> <span class='ocrx_word' id='word_1_354' title='bbox 1351 1733 1406 1764; x_wconf 87' lang='lat' dir='ltr'><em>regi</em></span> <span class='ocrx_word' id='word_1_355' title='bbox 1418 1736 1446 1755; x_wconf 89' lang='lat' dir='ltr'><em>ut</em></span> <span class='ocrx_word' id='word_1_356' title='bbox 1459 1733 1573 1756; x_wconf 83' lang='lat' dir='ltr'><em>mitteret</em></span> <span class='ocrx_word' id='word_1_357' title='bbox 1585 1733 1617 1755; x_wconf 80' lang='lat' dir='ltr'><em>ad</em></span> <span class='ocrx_word' id='word_1_358' title='bbox 1629 1733 1729 1755; x_wconf 78' lang='lat' dir='ltr'><em>curiam</em></span> <span class='ocrx_word' id='word_1_359' title='bbox 1740 1733 1845 1755; x_wconf 87' lang='lat' dir='ltr'><em>Petrum</em></span> <span class='ocrx_word' id='word_1_360' title='bbox 1858 1733 1888 1755; x_wconf 85' lang='lat' dir='ltr'><em>dc</em></span> <span class='ocrx_word' id='word_1_361' title='bbox 1904 1732 2012 1755; x_wconf 82' lang='lat' dir='ltr'><em>Ailliaco</em></span> <span class='ocrx_word' id='word_1_362' title='bbox 2029 1735 2055 1754; x_wconf 81' lang='lat' dir='ltr'><em>et.</em></span> 
     </span>
     <span class='ocr_line' id='line_1_26' title="bbox 189 1776 2051 1808; baseline -0.001 -9"><span class='ocrx_word' id='word_1_363' title='bbox 189 1776 312 1807; x_wconf 81' lang='lat' dir='ltr'><em>Egidium</em></span> <span class='ocrx_word' id='word_1_364' title='bbox 327 1777 359 1799; x_wconf 86' lang='lat' dir='ltr'><em>de</em></span> <span class='ocrx_word' id='word_1_365' title='bbox 375 1777 480 1807; x_wconf 81' lang='lat' dir='ltr'><em>Campis</em></span> <span class='ocrx_word' id='word_1_366' title='bbox 497 1777 623 1808; x_wconf 84' lang='lat' dir='ltr'><em>aliosque,</em></span> <span class='ocrx_word' id='word_1_367' title='bbox 641 1777 685 1808; x_wconf 88' lang='lat' dir='ltr'><em>qui</em></span> <span class='ocrx_word' id='word_1_368' title='bbox 705 1781 792 1800; x_wconf 86' lang='lat' dir='ltr'><em>tamen</em></span> <span class='ocrx_word' id='word_1_369' title='bbox 812 1777 900 1800; x_wconf 85' lang='lat' dir='ltr'><em>venire</em></span> <span class='ocrx_word' id='word_1_370' title='bbox 921 1781 1063 1800; x_wconf 82' lang='lat' dir='ltr'><em>renuerunt</em></span> <span class='ocrx_word' id='word_1_371' title='bbox 1081 1777 1174 1807; x_wconf 82' lang='lat' dir='ltr'><em>(ibid,).</em></span> <span class='ocrx_word' id='word_1_372' title='bbox 1193 1778 1221 1800; x_wconf 90' lang='lat' dir='ltr'><em>In</em></span> <span class='ocrx_word' id='word_1_373' title='bbox 1246 1778 1347 1801; x_wconf 73' lang='lat' dir='ltr'><em>Chron.</em></span> <span class='ocrx_word' id='word_1_374' title='bbox 1365 1779 1404 1801; x_wconf 82' lang='lat' dir='ltr'><em>du</em></span> <span class='ocrx_word' id='word_1_375' title='bbox 1421 1778 1472 1801; x_wconf 80' lang='lat' dir='ltr'><em>rel.</em></span> <span class='ocrx_word' id='word_1_376' title='bbox 1489 1779 1521 1801; x_wconf 75' lang='lat' dir='ltr'><em>de</em></span> <span class='ocrx_word' id='word_1_377' title='bbox 1543 1777 1742 1808; x_wconf 79' lang='lat' dir='ltr'><em>Saint-Denys,</em></span> <span class='ocrx_word' id='word_1_378' title='bbox 1763 1778 1794 1806; x_wconf 90' lang='grc'><em>11,</em></span> <span class='ocrx_word' id='word_1_379' title='bbox 1815 1777 1868 1805; x_wconf 79' lang='lat'><em>130,</em></span> <span class='ocrx_word' id='word_1_380' title='bbox 1888 1777 1936 1799; x_wconf 89' lang='lat' dir='ltr'><em>hoc</em></span> <span class='ocrx_word' id='word_1_381' title='bbox 1956 1778 2051 1799; x_wconf 82' lang='lat' dir='ltr'><em>sactum</em></span> 
     </span>
     <span class='ocr_line' id='line_1_27' title="bbox 189 1821 1507 1853; baseline 0.001 -9"><span class='ocrx_word' id='word_1_382' title='bbox 189 1821 351 1845; x_wconf 83' lang='lat' dir='ltr'><em>connectitur</em></span> <span class='ocrx_word' id='word_1_383' title='bbox 365 1830 424 1844; x_wconf 88' lang='lat' dir='ltr'><em>cum</em></span> <span class='ocrx_word' id='word_1_384' title='bbox 439 1821 552 1852; x_wconf 80' lang='lat' dir='ltr'><em>epistola</em></span> <span class='ocrx_word' id='word_1_385' title='bbox 567 1822 752 1845; x_wconf 77' lang='lat' dir='ltr'><em>Universitutis</em></span> <span class='ocrx_word' id='word_1_386' title='bbox 769 1823 801 1845; x_wconf 80' lang='lat' dir='ltr'><em>ud</em></span> <span class='ocrx_word' id='word_1_387' title='bbox 817 1831 904 1853; x_wconf 87' lang='lat' dir='ltr'><em>regem</em></span> <span class='ocrx_word' id='word_1_388' title='bbox 920 1822 1019 1845; x_wconf 78' lang='lat' dir='ltr'><em>directa</em></span> <span class='ocrx_word' id='word_1_389' title='bbox 1036 1830 1078 1845; x_wconf 81' lang='lat' dir='ltr'><em>an.</em></span> <span class='ocrx_word' id='word_1_390' title='bbox 1098 1822 1166 1850; x_wconf 74' lang='lat'><strong>1394,</strong></span> <span class='ocrx_word' id='word_1_391' title='bbox 1180 1822 1240 1846; x_wconf 85' lang='lat' dir='ltr'><em>Jun.</em></span> <span class='ocrx_word' id='word_1_392' title='bbox 1255 1824 1281 1850; x_wconf 75' lang='grc' dir='ltr'><em>(ῖς</em></span> <span class='ocrx_word' id='word_1_393' title='bbox 1299 1822 1344 1845; x_wconf 89' lang='lat' dir='ltr'><em>sed</em></span> <span class='ocrx_word' id='word_1_394' title='bbox 1359 1830 1507 1853; x_wconf 78' lang='lat' dir='ltr'><em>perperam.</em></span> 
     </span>
    </p>
   </div>
   <div class='ocr_carea' id='block_1_11' title="bbox 283 1905 2053 1937">
    <p class='ocr_par' dir='ltr' id='par_1_11' title="bbox 283 1905 2053 1937">
     <span class='ocr_line' id='line_1_28' title="bbox 283 1905 2053 1937; baseline 0.001 -10"><span class='ocrx_word' id='word_1_395' title='bbox 283 1905 306 1928; x_wconf 89' lang='lat'><em>1.</em></span> <span class='ocrx_word' id='word_1_396' title='bbox 322 1905 380 1929; x_wconf 84' lang='lat' dir='ltr'><em>Vid.</em></span> <span class='ocrx_word' id='word_1_397' title='bbox 394 1909 443 1927; x_wconf 78' lang='lat' dir='ltr'><em>num</em></span> <span class='ocrx_word' id='word_1_398' title='bbox 459 1906 527 1929; x_wconf 80' lang='lat'><strong>1666.</strong></span> <span class='ocrx_word' id='word_1_399' title='bbox 542 1919 571 1922; x_wconf 97' lang='lat'><strong>—</strong></span> <span class='ocrx_word' id='word_1_400' title='bbox 587 1906 609 1927; x_wconf 74' lang='grc'><em>2.</em></span> <span class='ocrx_word' id='word_1_401' title='bbox 622 1906 732 1928; x_wconf 80' lang='lat' dir='ltr'><em>Juvenal</em></span> <span class='ocrx_word' id='word_1_402' title='bbox 744 1909 814 1928; x_wconf 80' lang='lat' dir='ltr'><em>errat</em></span> <span class='ocrx_word' id='word_1_403' title='bbox 827 1906 947 1937; x_wconf 87' lang='lat' dir='ltr'><em>ponendo</em></span> <span class='ocrx_word' id='word_1_404' title='bbox 964 1906 1105 1929; x_wconf 79' lang='lat' dir='ltr'><em>adventum</em></span> <span class='ocrx_word' id='word_1_405' title='bbox 1121 1906 1190 1929; x_wconf 80' lang='lat' dir='ltr'><em>Petri</em></span> <span class='ocrx_word' id='word_1_406' title='bbox 1206 1906 1237 1929; x_wconf 90' lang='lat' dir='ltr'><em>de</em></span> <span class='ocrx_word' id='word_1_407' title='bbox 1250 1906 1323 1929; x_wconf 81' lang='lat' dir='ltr'><em>Luna</em></span> <span class='ocrx_word' id='word_1_408' title='bbox 1339 1906 1370 1928; x_wconf 88' lang='lat' dir='ltr'><em>ad</em></span> <span class='ocrx_word' id='word_1_409' title='bbox 1383 1914 1424 1929; x_wconf 86' lang='grc'>311.</span> <span class='ocrx_word' id='word_1_410' title='bbox 1442 1906 1509 1929; x_wconf 67' lang='lat'><em>1394.</em></span> <span class='ocrx_word' id='word_1_411' title='bbox 1523 1905 1580 1928; x_wconf 87' lang='lat' dir='ltr'><em>Vid.</em></span> <span class='ocrx_word' id='word_1_412' title='bbox 1595 1905 1669 1934; x_wconf 64' lang='lat' dir='ltr'><em>ibid..</em></span> <span class='ocrx_word' id='word_1_413' title='bbox 1682 1914 1708 1936; x_wconf 93' lang='lat' dir='ltr'><em>p.</em></span> <span class='ocrx_word' id='word_1_414' title='bbox 1721 1906 1773 1928; x_wconf 72' lang='lat'><em>104.</em></span> <span class='ocrx_word' id='word_1_415' title='bbox 1785 1906 1861 1928; x_wconf 79' lang='lat' dir='ltr'><em>Recte</em></span> <span class='ocrx_word' id='word_1_416' title='bbox 1874 1909 1958 1927; x_wconf 80' lang='lat' dir='ltr'><em>tamen</em></span> <span class='ocrx_word' id='word_1_417' title='bbox 1974 1913 2000 1935; x_wconf 86' lang='lat' dir='ltr'><em>p.</em></span> <span class='ocrx_word' id='word_1_418' title='bbox 2013 1906 2053 1928; x_wconf 70' lang='lat'><em>97.</em></span> 
     </span>
    </p>
   </div>
   <div class='ocr_carea' id='block_1_12' title="bbox 197 2070 2052 2165">
    <p class='ocr_par' dir='ltr' id='par_1_12' title="bbox 197 2070 2052 2165">
     <span class='ocr_line' id='line_1_29' title="bbox 197 2070 2052 2116; baseline -0.002 -9"><span class='ocrx_word' id='word_1_419' title='bbox 197 2070 333 2107; x_wconf 73' lang='lat'><em>1671.</em></span> <span class='ocrx_word' id='word_1_420' title='bbox 357 2080 489 2115; x_wconf 85' lang='lat' dir='ltr'><em>Epistola</em></span> <span class='ocrx_word' id='word_1_421' title='bbox 505 2080 647 2106; x_wconf 84' lang='lat' dir='ltr'><em>Bernardi</em></span> <span class='ocrx_word' id='word_1_422' title='bbox 667 2080 834 2113; x_wconf 80' lang='lat' dir='ltr'><em>Alanzancli,</em></span> <span class='ocrx_word' id='word_1_423' title='bbox 859 2081 985 2116; x_wconf 84' lang='lat' dir='ltr'><em>episcopi</em></span> <span class='ocrx_word' id='word_1_424' title='bbox 1010 2080 1249 2115; x_wconf 66' lang='lat' dir='ltr'><em>Condomienffl&#39;347</em></span> <span class='ocrx_word' id='word_1_425' title='bbox 1273 2081 1312 2105; x_wconf 86' lang='lat' dir='ltr'><em>ad</em></span> <span class='ocrx_word' id='word_1_426' title='bbox 1335 2081 1512 2106; x_wconf 77' lang='lat' dir='ltr'><em>Gnillelmnni</em></span> <span class='ocrx_word' id='word_1_427' title='bbox 1535 2080 1570 2106; x_wconf 79' lang='lat' dir='ltr'><em>de</em></span> <span class='ocrx_word' id='word_1_428' title='bbox 1592 2080 1747 2114; x_wconf 46' lang='lat' dir='ltr'><em>Gaudiaco)</em></span> <span class='ocrx_word' id='word_1_429' title='bbox 1767 2088 1823 2114; x_wconf 75' lang='lat' dir='ltr'><em>qna</em></span> <span class='ocrx_word' id='word_1_430' title='bbox 1850 2079 1875 2104; x_wconf 89' lang='lat' dir='ltr'><em>ei</em></span> <span class='ocrx_word' id='word_1_431' title='bbox 1899 2082 2052 2104; x_wconf 78' lang='lat' dir='ltr'><em>tractatum</em></span> 
     </span>
     <span class='ocr_line' id='line_1_30' title="bbox 281 2128 2052 2165; baseline -0.001 -11"><span class='ocrx_word' id='word_1_432' title='bbox 281 2137 362 2154; x_wconf 82' lang='lat' dir='ltr'><em>suum</em></span> <span class='ocrx_word' id='word_1_433' title='bbox 383 2129 417 2154; x_wconf 86' lang='lat' dir='ltr'><em>de</em></span> <span class='ocrx_word' id='word_1_434' title='bbox 439 2129 561 2154; x_wconf 80' lang='lat' dir='ltr'><em>materia</em></span> <span class='ocrx_word' id='word_1_435' title='bbox 581 2129 748 2154; x_wconf 76' lang='lat' dir='ltr'><em>Schismatis</em></span> <span class='ocrx_word' id='word_1_436' title='bbox 770 2129 946 2163; x_wconf 69' lang='lat' dir='ltr'><em>transmittit,</em></span> <span class='ocrx_word' id='word_1_437' title='bbox 971 2130 1036 2155; x_wconf 82' lang='lat' dir='ltr'><em>item</em></span> <span class='ocrx_word' id='word_1_438' title='bbox 1057 2129 1195 2165; x_wconf 80' lang='lat' dir='ltr'><em>epistolas</em></span> <span class='ocrx_word' id='word_1_439' title='bbox 1214 2130 1255 2155; x_wconf 60' lang='lat' dir='ltr'><em>wel</em></span> <span class='ocrx_word' id='word_1_440' title='bbox 1270 2129 1448 2165; x_wconf 68' lang='lat' dir='ltr'><em>exemplaria</em></span> <span class='ocrx_word' id='word_1_441' title='bbox 1465 2129 1505 2154; x_wconf 79' lang='lat' dir='ltr'><em>acl</em></span> <span class='ocrx_word' id='word_1_442' title='bbox 1520 2139 1620 2163; x_wconf 70' lang='lat' dir='ltr'><em>regern,</em></span> <span class='ocrx_word' id='word_1_443' title='bbox 1639 2129 1733 2162; x_wconf 74' lang='lat' dir='ltr'><em>duces,</em></span> <span class='ocrx_word' id='word_1_444' title='bbox 1752 2128 1915 2164; x_wconf 79' lang='lat' dir='ltr'><em>Philippum</em></span> <span class='ocrx_word' id='word_1_445' title='bbox 1929 2128 1963 2153; x_wconf 77' lang='lat' dir='ltr'><em>cle</em></span> <span class='ocrx_word' id='word_1_446' title='bbox 1982 2128 2052 2153; x_wconf 79' lang='lat' dir='ltr'><em>Mai-</em></span> 
     </span>
    </p>
   </div>
   <div class='ocr_carea' id='block_1_13' title="bbox 280 2178 1394 2214">
    <p class='ocr_par' dir='ltr' id='par_1_13' title="bbox 280 2178 1394 2214">
     <span class='ocr_line' id='line_1_31' title="bbox 280 2178 1394 2214; baseline 0.003 -12"><span class='ocrx_word' id='word_1_447' title='bbox 280 2178 378 2212; x_wconf 66' lang='grc' dir='ltr'>εἶὲν-68,</span> <span class='ocrx_word' id='word_1_448' title='bbox 398 2182 460 2211; x_wconf 60' lang='lat' dir='ltr'><em>eta,</em></span> <span class='ocrx_word' id='word_1_449' title='bbox 480 2178 666 2212; x_wconf 73' lang='lat' dir='ltr'><em>destinando7·</em></span> <span class='ocrx_word' id='word_1_450' title='bbox 683 2178 760 2214; x_wconf 83' lang='lat' dir='ltr'><em>cupit</em></span> <span class='ocrx_word' id='word_1_451' title='bbox 779 2179 994 2204; x_wconf 63' lang='lat' dir='ltr'><em>Universitatem</em></span> <span class='ocrx_word' id='word_1_452' title='bbox 1010 2179 1105 2205; x_wconf 79' lang='lat' dir='ltr'><em>Paris.</em></span> <span class='ocrx_word' id='word_1_453' title='bbox 1124 2183 1278 2204; x_wconf 79' lang='lat' dir='ltr'><em>tractatum</em></span> <span class='ocrx_word' id='word_1_454' title='bbox 1293 2179 1394 2213; x_wconf 83' lang='lat' dir='ltr'><em>legere.</em></span> 
     </span>
    </p>
   </div>
   <div class='ocr_carea' id='block_1_14' title="bbox 1348 2254 1769 2283">
    <p class='ocr_par' dir='ltr' id='par_1_14' title="bbox 1348 2254 1769 2283">
     <span class='ocr_line' id='line_1_32' title="bbox 1348 2254 1769 2283; baseline -0.002 -3"><span class='ocrx_word' id='word_1_455' title='bbox 1348 2255 1420 2283; x_wconf 81' lang='lat'><strong><em>7393,</em></strong></span> <span class='ocrx_word' id='word_1_456' title='bbox 1435 2254 1579 2280; x_wconf 76' lang='lat' dir='ltr'><em>Novembris</em></span> <span class='ocrx_word' id='word_1_457' title='bbox 1594 2255 1629 2283; x_wconf 84' lang='grc'><em>18,</em></span> <span class='ocrx_word' id='word_1_458' title='bbox 1647 2254 1769 2279; x_wconf 80' lang='lat' dir='ltr'><em>Condomi.</em></span> 
     </span>
    </p>
   </div>
   <div class='ocr_carea' id='block_1_15' title="bbox 194 2337 2058 2850">
    <p class='ocr_par' dir='ltr' id='par_1_15' title="bbox 194 2337 2058 2850">
     <span class='ocr_line' id='line_1_33' title="bbox 282 2337 2054 2380; baseline -0.001 -10"><span class='ocrx_word' id='word_1_459' title='bbox 282 2338 542 2371; x_wconf 86' lang='lat' dir='ltr'><em>Precarissimo</em></span> <span class='ocrx_word' id='word_1_460' title='bbox 569 2338 716 2371; x_wconf 90' lang='lat' dir='ltr'><em>domino</em></span> <span class='ocrx_word' id='word_1_461' title='bbox 742 2345 777 2371; x_wconf 88' lang='lat' dir='ltr'><em>et</em></span> <span class='ocrx_word' id='word_1_462' title='bbox 806 2339 935 2380; x_wconf 73' lang='lat' dir='ltr'><em>amico,</em></span> <span class='ocrx_word' id='word_1_463' title='bbox 962 2338 1108 2371; x_wconf 89' lang='lat' dir='ltr'><em>domino</em></span> <span class='ocrx_word' id='word_1_464' title='bbox 1131 2338 1329 2371; x_wconf 86' lang='lat' dir='ltr'><em>Guillelmo</em></span> <span class='ocrx_word' id='word_1_465' title='bbox 1351 2339 1395 2370; x_wconf 87' lang='lat' dir='ltr'><em>de</em></span> <span class='ocrx_word' id='word_1_466' title='bbox 1422 2338 1638 2379; x_wconf 72' lang='lat' dir='ltr'><em>Gaudiaco²‚</em></span> <span class='ocrx_word' id='word_1_467' title='bbox 1665 2338 1800 2370; x_wconf 80' lang='lat' dir='ltr'><em>decano</em></span> <span class='ocrx_word' id='word_1_468' title='bbox 1828 2337 2054 2377; x_wconf 81' lang='lat' dir='ltr'><em>Ebroicensi,</em></span> 
     </span>
     <span class='ocr_line' id='line_1_34' title="bbox 194 2403 2053 2450; baseline -0.001 -13"><span class='ocrx_word' id='word_1_469' title='bbox 194 2404 402 2437; x_wconf 83' lang='lat' dir='ltr'><em>consiliario</em></span> <span class='ocrx_word' id='word_1_470' title='bbox 431 2405 541 2450; x_wconf 85' lang='lat' dir='ltr'><em>regis.</em></span> <span class='ocrx_word' id='word_1_471' title='bbox 571 2405 723 2437; x_wconf 87' lang='lat' dir='ltr'><em>Domine</em></span> <span class='ocrx_word' id='word_1_472' title='bbox 751 2412 785 2438; x_wconf 86' lang='lat' dir='ltr'><em>et</em></span> <span class='ocrx_word' id='word_1_473' title='bbox 815 2405 926 2437; x_wconf 86' lang='grc'>3111166</span> <span class='ocrx_word' id='word_1_474' title='bbox 957 2405 1158 2446; x_wconf 72' lang='lat' dir='ltr'><em>carissime,</em></span> <span class='ocrx_word' id='word_1_475' title='bbox 1187 2411 1358 2449; x_wconf 85' lang='lat' dir='ltr'><em>quantum</em></span> <span class='ocrx_word' id='word_1_476' title='bbox 1389 2416 1537 2449; x_wconf 85' lang='lat' dir='ltr'><em>possum</em></span> <span class='ocrx_word' id='word_1_477' title='bbox 1569 2416 1623 2436; x_wconf 86' lang='grc'>1116</span> <span class='ocrx_word' id='word_1_478' title='bbox 1649 2404 1753 2437; x_wconf 90' lang='lat' dir='ltr'><em>vobis</em></span> <span class='ocrx_word' id='word_1_479' title='bbox 1785 2403 2053 2444; x_wconf 76' lang='lat' dir='ltr'><em>recommendo,</em></span> 
     </span>
     <span class='ocr_line' id='line_1_35' title="bbox 195 2470 2056 2516; baseline -0.001 -12"><span class='ocrx_word' id='word_1_480' title='bbox 195 2471 260 2503; x_wconf 85' lang='lat' dir='ltr'><em>Dei</em></span> <span class='ocrx_word' id='word_1_481' title='bbox 282 2471 394 2516; x_wconf 83' lang='lat' dir='ltr'><em>gratia</em></span> <span class='ocrx_word' id='word_1_482' title='bbox 415 2471 507 2504; x_wconf 81' lang='lat' dir='ltr'><em>bene</em></span> <span class='ocrx_word' id='word_1_483' title='bbox 528 2471 666 2512; x_wconf 77' lang='lat' dir='ltr'><em>valens⁷</em></span> <span class='ocrx_word' id='word_1_484' title='bbox 689 2478 724 2504; x_wconf 87' lang='lat' dir='ltr'><em>et</em></span> <span class='ocrx_word' id='word_1_485' title='bbox 745 2473 877 2504; x_wconf 81' lang='lat' dir='ltr'><em>utinam</em></span> <span class='ocrx_word' id='word_1_486' title='bbox 902 2472 946 2504; x_wconf 88' lang='lat' dir='ltr'><em>de</em></span> <span class='ocrx_word' id='word_1_487' title='bbox 967 2471 1071 2504; x_wconf 82' lang='lat' dir='ltr'><em>vobis</em></span> <span class='ocrx_word' id='word_1_488' title='bbox 1093 2472 1187 2504; x_wconf 89' lang='lat' dir='ltr'><em>idem</em></span> <span class='ocrx_word' id='word_1_489' title='bbox 1211 2472 1269 2511; x_wconf 65' lang='lat' dir='ltr'><em>sit,</em></span> <span class='ocrx_word' id='word_1_490' title='bbox 1293 2478 1331 2503; x_wconf 90' lang='grc'><em>111</em></span> <span class='ocrx_word' id='word_1_491' title='bbox 1352 2471 1495 2516; x_wconf 84' lang='lat' dir='ltr'><em>optatis.</em></span> <span class='ocrx_word' id='word_1_492' title='bbox 1518 2471 1699 2503; x_wconf 84' lang='lat' dir='ltr'><em>Noverilis</em></span> <span class='ocrx_word' id='word_1_493' title='bbox 1726 2470 1823 2515; x_wconf 87' lang='lat' dir='ltr'><em>quod</em></span> <span class='ocrx_word' id='word_1_494' title='bbox 1848 2470 1941 2502; x_wconf 82' lang='lat' dir='ltr'><em>circa</em></span> <span class='ocrx_word' id='word_1_495' title='bbox 1964 2470 2056 2514; x_wconf 86' lang='lat' dir='ltr'><em>prin-</em></span> 
     </span>
     <span class='ocr_line' id='line_1_36' title="bbox 195 2537 2057 2583; baseline 0 -14"><span class='ocrx_word' id='word_1_496' title='bbox 195 2537 327 2582; x_wconf 89' lang='lat' dir='ltr'><em>cipium</em></span> <span class='ocrx_word' id='word_1_497' title='bbox 350 2538 655 2583; x_wconf 79' lang='lat' dir='ltr'><em>Quadragesime³</em></span> <span class='ocrx_word' id='word_1_498' title='bbox 678 2538 839 2583; x_wconf 86' lang='lat' dir='ltr'><em>proxime</em></span> <span class='ocrx_word' id='word_1_499' title='bbox 861 2538 1032 2583; x_wconf 69' lang='lat' dir='ltr'><em>preterito</em></span> <span class='ocrx_word' id='word_1_500' title='bbox 1054 2538 1110 2570; x_wconf 92' lang='grc'>1116</span> <span class='ocrx_word' id='word_1_501' title='bbox 1131 2539 1197 2571; x_wconf 84' lang='lat' dir='ltr'><em>suit</em></span> <span class='ocrx_word' id='word_1_502' title='bbox 1217 2538 1324 2570; x_wconf 87' lang='grc'>11116111</span> <span class='ocrx_word' id='word_1_503' title='bbox 1346 2538 1479 2570; x_wconf 78' lang='lat' dir='ltr'><em>relatus</em></span> <span class='ocrx_word' id='word_1_504' title='bbox 1501 2544 1614 2570; x_wconf 84' lang='lat' dir='ltr'><em>status</em></span> <span class='ocrx_word' id='word_1_505' title='bbox 1634 2537 1852 2582; x_wconf 82' lang='lat' dir='ltr'><em>egritudinis</em></span> <span class='ocrx_word' id='word_1_506' title='bbox 1873 2537 1972 2581; x_wconf 83' lang='lat' dir='ltr'><em>regis</em></span> <span class='ocrx_word' id='word_1_507' title='bbox 1995 2548 2057 2581; x_wconf 84' lang='lat' dir='ltr'><em>per</em></span> 
     </span>
     <span class='ocr_line' id='line_1_37' title="bbox 197 2598 2058 2650; baseline -0.001 -14"><span class='ocrx_word' id='word_1_508' title='bbox 197 2616 307 2637; x_wconf 88' lang='lat' dir='ltr'><em>unum</em></span> <span class='ocrx_word' id='word_1_509' title='bbox 330 2605 512 2649; x_wconf 68' lang='lat' dir='ltr'><em>qui‚1licet</em></span> <span class='ocrx_word' id='word_1_510' title='bbox 539 2605 731 2638; x_wconf 82' lang='lat' dir='ltr'><em>illiteratus</em></span> <span class='ocrx_word' id='word_1_511' title='bbox 760 2606 819 2645; x_wconf 68' lang='lat' dir='ltr'><em>sit,</em></span> <span class='ocrx_word' id='word_1_512' title='bbox 848 2612 966 2638; x_wconf 76' lang='lat' dir='ltr'><em>tamen</em></span> <span class='ocrx_word' id='word_1_513' title='bbox 991 2605 1049 2638; x_wconf 83' lang='lat' dir='ltr'><em>vel</em></span> <span class='ocrx_word' id='word_1_514' title='bbox 1079 2617 1143 2650; x_wconf 86' lang='lat' dir='ltr'><em>per</em></span> <span class='ocrx_word' id='word_1_515' title='bbox 1169 2605 1329 2637; x_wconf 85' lang='lat' dir='ltr'><em>auditum</em></span> <span class='ocrx_word' id='word_1_516' title='bbox 1359 2598 1405 2637; x_wconf 39' lang='lat' dir='ltr'><em>ab‘</em></span> <span class='ocrx_word' id='word_1_517' title='bbox 1429 2604 1509 2637; x_wconf 78' lang='lat' dir='ltr'><em>aliis</em></span> <span class='ocrx_word' id='word_1_518' title='bbox 1537 2604 1593 2637; x_wconf 88' lang='lat' dir='ltr'><em>vel</em></span> <span class='ocrx_word' id='word_1_519' title='bbox 1622 2604 1864 2648; x_wconf 86' lang='lat' dir='ltr'><em>undecunque</em></span> <span class='ocrx_word' id='word_1_520' title='bbox 1891 2603 2058 2636; x_wconf 82' lang='lat' dir='ltr'><em>habuerit</em></span> 
     </span>
     <span class='ocr_line' id='line_1_38' title="bbox 198 2670 2056 2716; baseline -0.001 -13"><span class='ocrx_word' id='word_1_521' title='bbox 198 2670 352 2715; x_wconf 79' lang='lat' dir='ltr'><em>predixit</em></span> <span class='ocrx_word' id='word_1_522' title='bbox 382 2671 489 2704; x_wconf 91' lang='lat' dir='ltr'><em>michi</em></span> <span class='ocrx_word' id='word_1_523' title='bbox 516 2672 613 2716; x_wconf 87' lang='lat' dir='ltr'><em>quod</em></span> <span class='ocrx_word' id='word_1_524' title='bbox 641 2672 677 2704; x_wconf 90' lang='lat' dir='ltr'><em>in</em></span> <span class='ocrx_word' id='word_1_525' title='bbox 705 2672 797 2704; x_wconf 83' lang='lat' dir='ltr'><em>sacto</em></span> <span class='ocrx_word' id='word_1_526' title='bbox 820 2672 954 2711; x_wconf 78' lang='lat' dir='ltr'><em>evenit,</em></span> <span class='ocrx_word' id='word_1_527' title='bbox 981 2678 1012 2704; x_wconf 84' lang='grc'><em>61</em></span> <span class='ocrx_word' id='word_1_528' title='bbox 1036 2671 1174 2716; x_wconf 84' lang='lat' dir='ltr'><em>placeat</em></span> <span class='ocrx_word' id='word_1_529' title='bbox 1193 2671 1382 2704; x_wconf 85' lang='lat' dir='ltr'><em>Altissimo</em></span> <span class='ocrx_word' id='word_1_530' title='bbox 1409 2671 1507 2715; x_wconf 88' lang='lat' dir='ltr'><em>quod</em></span> <span class='ocrx_word' id='word_1_531' title='bbox 1538 2672 1660 2715; x_wconf 79' lang='lat' dir='ltr'><em>pejora</em></span> <span class='ocrx_word' id='word_1_532' title='bbox 1695 2683 1767 2703; x_wconf 89' lang='lat' dir='ltr'><em>non</em></span> <span class='ocrx_word' id='word_1_533' title='bbox 1795 2671 1973 2703; x_wconf 79' lang='lat' dir='ltr'><em>eveniant.</em></span> <span class='ocrx_word' id='word_1_534' title='bbox 2006 2671 2056 2701; x_wconf 90' lang='lat' dir='ltr'><em>De</em></span> 
     </span>
     <span class='ocr_line' id='line_1_39' title="bbox 198 2737 2055 2783; baseline -0.001 -13"><span class='ocrx_word' id='word_1_535' title='bbox 198 2749 323 2770; x_wconf 81' lang='lat' dir='ltr'><em>mense</em></span> <span class='ocrx_word' id='word_1_536' title='bbox 353 2744 470 2770; x_wconf 85' lang='lat' dir='ltr'><em>autem</em></span> <span class='ocrx_word' id='word_1_537' title='bbox 503 2738 666 2783; x_wconf 85' lang='lat' dir='ltr'><em>proxime</em></span> <span class='ocrx_word' id='word_1_538' title='bbox 693 2738 864 2772; x_wconf 86' lang='lat' dir='ltr'><em>Octobris</em></span> <span class='ocrx_word' id='word_1_539' title='bbox 895 2738 952 2770; x_wconf 90' lang='grc'>1116</span> <span class='ocrx_word' id='word_1_540' title='bbox 982 2738 1186 2771; x_wconf 83' lang='lat' dir='ltr'><em>audivimus</em></span> <span class='ocrx_word' id='word_1_541' title='bbox 1217 2738 1314 2770; x_wconf 87' lang='lat' dir='ltr'><em>istud</em></span> <span class='ocrx_word' id='word_1_542' title='bbox 1345 2738 1513 2770; x_wconf 83' lang='lat' dir='ltr'><em>accidens</em></span> <span class='ocrx_word' id='word_1_543' title='bbox 1547 2737 1643 2782; x_wconf 89' lang='lat' dir='ltr'><em>quod</em></span> <span class='ocrx_word' id='word_1_544' title='bbox 1674 2738 1709 2769; x_wconf 91' lang='lat' dir='ltr'><em>in</em></span> <span class='ocrx_word' id='word_1_545' title='bbox 1737 2748 1927 2782; x_wconf 83' lang='lat' dir='ltr'><em>personam</em></span> <span class='ocrx_word' id='word_1_546' title='bbox 1957 2748 2055 2768; x_wconf 83' lang='lat' dir='ltr'><em>suam</em></span> 
     </span>
     <span class='ocr_line' id='line_1_40' title="bbox 199 2803 2055 2850; baseline -0.002 -14"><span class='ocrx_word' id='word_1_547' title='bbox 199 2804 331 2845; x_wconf 85' lang='lat' dir='ltr'><em>evenit,</em></span> <span class='ocrx_word' id='word_1_548' title='bbox 355 2810 390 2837; x_wconf 86' lang='lat' dir='ltr'><em>et</em></span> <span class='ocrx_word' id='word_1_549' title='bbox 410 2804 467 2837; x_wconf 85' lang='lat' dir='ltr'><em>die</em></span> <span class='ocrx_word' id='word_1_550' title='bbox 488 2807 535 2837; x_wconf 79' lang='lat' dir='ltr'><em>vta</em></span> <span class='ocrx_word' id='word_1_551' title='bbox 555 2805 737 2850; x_wconf 86' lang='lat' dir='ltr'><em>presentis</em></span> <span class='ocrx_word' id='word_1_552' title='bbox 759 2805 896 2838; x_wconf 86' lang='lat' dir='ltr'><em>mensis</em></span> <span class='ocrx_word' id='word_1_553' title='bbox 923 2805 1044 2849; x_wconf 89' lang='lat' dir='ltr'><em>recepi</em></span> <span class='ocrx_word' id='word_1_554' title='bbox 1066 2805 1203 2846; x_wconf 82' lang='lat' dir='ltr'><em>literas,</em></span> <span class='ocrx_word' id='word_1_555' title='bbox 1221 2816 1309 2849; x_wconf 87' lang='lat' dir='ltr'><em>quas</em></span> <span class='ocrx_word' id='word_1_556' title='bbox 1337 2816 1399 2836; x_wconf 87' lang='lat' dir='ltr'><em>rex</em></span> <span class='ocrx_word' id='word_1_557' title='bbox 1420 2803 1529 2836; x_wconf 85' lang='lat' dir='ltr'><em>michi</em></span> <span class='ocrx_word' id='word_1_558' title='bbox 1550 2803 1681 2845; x_wconf 74' lang='lat' dir='ltr'><em>misit*‚</em></span> <span class='ocrx_word' id='word_1_559' title='bbox 1706 2810 1745 2836; x_wconf 91' lang='lat' dir='ltr'><em>ut</em></span> <span class='ocrx_word' id='word_1_560' title='bbox 1769 2814 1914 2835; x_wconf 86' lang='lat' dir='ltr'><em>oremus</em></span> <span class='ocrx_word' id='word_1_561' title='bbox 1943 2803 2055 2834; x_wconf 86' lang='lat' dir='ltr'><em>Deum</em></span> 
     </span>
    </p>
   </div>
   <div class='ocr_carea' id='block_1_16' title="bbox 199 2868 2057 2916">
    <p class='ocr_par' dir='ltr' id='par_1_16' title="bbox 199 2868 2057 2916">
     <span class='ocr_line' id='line_1_41' title="bbox 199 2868 2057 2916; baseline -0.002 -13"><span class='ocrx_word' id='word_1_562' title='bbox 199 2882 263 2915; x_wconf 90' lang='lat' dir='ltr'><em>pro</em></span> <span class='ocrx_word' id='word_1_563' title='bbox 285 2870 445 2903; x_wconf 87' lang='lat' dir='ltr'><em>tollenda</em></span> <span class='ocrx_word' id='word_1_564' title='bbox 466 2871 673 2916; x_wconf 84' lang='lat' dir='ltr'><em>egritudine</em></span> <span class='ocrx_word' id='word_1_565' title='bbox 694 2871 911 2916; x_wconf 84' lang='lat' dir='ltr'><em>supradicta.</em></span> <span class='ocrx_word' id='word_1_566' title='bbox 938 2873 1041 2904; x_wconf 84' lang='lat' dir='ltr'><em>Nunc</em></span> <span class='ocrx_word' id='word_1_567' title='bbox 1071 2878 1187 2904; x_wconf 80' lang='lat' dir='ltr'><em>autem</em></span> <span class='ocrx_word' id='word_1_568' title='bbox 1217 2871 1337 2904; x_wconf 88' lang='lat' dir='ltr'><em>scribo</em></span> <span class='ocrx_word' id='word_1_569' title='bbox 1366 2871 1463 2915; x_wconf 83' lang='lat' dir='ltr'><em>regi⁵</em></span> <span class='ocrx_word' id='word_1_570' title='bbox 1493 2871 1529 2902; x_wconf 94' lang='lat' dir='ltr'><em>in</em></span> <span class='ocrx_word' id='word_1_571' title='bbox 1556 2871 1682 2911; x_wconf 69' lang='lat' dir='ltr'><em>forma,</em></span> <span class='ocrx_word' id='word_1_572' title='bbox 1710 2869 1870 2914; x_wconf 79' lang='lat' dir='ltr'><em>presenti</em></span> <span class='ocrx_word' id='word_1_573' title='bbox 1897 2868 1999 2901; x_wconf 85' lang='lat' dir='ltr'><em>litere</em></span> <span class='ocrx_word' id='word_1_574' title='bbox 2020 2868 2057 2900; x_wconf 90' lang='lat' dir='ltr'><em>in</em></span> 
     </span>
    </p>
   </div>
  </div>
 </body>
</html>
