2488 3386
459 320 502 353 66
1030 326 1349 350 CHARTULARIUM
1385 324 1575 346 nulvnns.
1612 324 1742 346 Parus.
2220 306 2319 343 [1359

458 404 668 444 timuerunt,
687 414 731 435 ne
753 402 838 435 dicti
864 408 982 434 rector
1002 407 1038 434 et
1065 399 1229 445 magistri
1255 399 1382 432 artium
1409 397 1588 431 facultatis
1618 397 1654 429 in
1682 397 1783 441 ipsos
1810 396 2004 436 irruerent,
2031 405 2095 427 eos
2121 405 2140 426 a
2169 392 2320 426 sedibus

459 469 617 515 propriis
638 475 673 502 et
692 468 932 513 prerogativis
952 467 1138 500 consuetis
1159 465 1374 511 expellendo
1397 471 1430 497 et
1452 464 1682 508 sacrilegium
1705 462 1978 496 committendo.

548 536 686 568 XXIIII
709 535 801 579 [his]
829 535 917 566 Item
946 539 981 566 et
1007 533 1103 578 quod
1132 532 1226 565 dicte
1255 538 1330 564 tres
1357 530 1544 564 facultates
1570 530 1676 563 dictis
1702 529 1944 574 prerogativis
1969 528 2007 560 in
2034 526 2167 560 divinis
2193 525 2321 558 officiis

460 602 517 635 usi
538 602 684 634 fuerunt
703 612 818 645 usque
839 600 883 633 ad
903 599 1143 632 turbationem
1165 598 1203 631 in
1223 597 1294 630 hiis
1314 597 1476 630 factam¹⁶
1499 608 1563 641 per
1583 596 1700 629 dictos
1722 602 1899 628 rectorem
1922 601 1957 627 et
1976 593 2170 639 magistros
2191 592 2320 625 artium

459 668 650 701 facultatis.

548 735 660 767 XXV.
687 734 775 766 Item
796 739 831 765 et
851 732 947 777 quod
969 731 1054 764 dicti
1074 731 1238 776 magistri
1259 730 1295 762 in
1316 729 1500 774 theologia
1521 729 1675 774 quilibet
1694 729 1732 761 in
1753 728 1910 761 novitate
1931 727 1988 760 sui
2010 725 2210 771 magisterii
2225 726 2324 770 jurat

460 807 495 834 et
522 801 646 844 jurare
675 798 865 832 consuevit
896 797 1056 830 honores
1086 803 1120 830 et
1150 796 1398 841 prerogativas
1432 796 1525 828 dicte
1555 795 1734 828 facultatis
1767 794 1951 839 theologie
1981 793 2025 826 ad
2057 802 2323 838 quemcumque

461 874 589 900 statum
612 866 778 899 deveniat
797 863 1055 897 inviolabiliter
1076 863 1283 895 observare.

548 933 679 966 XXVI.
708 932 793 963 Item
817 937 852 963 et
872 929 969 974 quod
990 936 1058 962 tam
1087 935 1251 974 pretextu
1273 928 1359 961 dicti
1380 928 1540 960 scandali
1566 928 1736 969 evitandi,
1763 939 1868 972 quam
1891 925 2088 971 juramenti
2113 924 2324 970 hujusmodi

461 998 692 1038 observandi,
714 997 799 1030 dicti
821 996 983 1041 magistri
1004 996 1041 1027 in
1062 995 1245 1039 theologia
1266 994 1302 1026 in
1323 994 1414 1039 ipsis
1435 994 1569 1027 divinis
1586 994 1715 1027 officiis
1735 1006 1816 1027 cum
1839 993 1920 1038 ipso
1942 999 2082 1025 rectore
2103 998 2139 1024 et
2157 990 2324 1025 facultate

460 1066 588 1098 artium
610 1075 817 1108 comparere
838 1062 915 1095 ausi
937 1074 1009 1094 non
1029 1062 1186 1094 fuerunt.

548 1131 695 1164 XXVII.
723 1131 810 1162 Item
833 1135 867 1161 et
887 1128 971 1160 licet
991 1127 1034 1160 ab
1055 1127 1202 1172 antiquo
1223 1127 1260 1159 in
1281 1126 1386 1159 archa
1407 1126 1589 1159 communi
1609 1126 1726 1171 ipsius
1747 1109 2015 1166 Universitatis,
2037 1124 2100 1157 ubi
2121 1124 2326 1157 custoditur

460 1208 650 1230 commune
671 1195 832 1240 sigillum
860 1194 1038 1239 ejusdem,
1064 1193 1323 1226 consueverint
1348 1204 1430 1225 esse
1456 1199 1491 1225 et
1516 1192 1652 1225 fuerint
1672 1198 1826 1237 quatuor
1847 1192 1966 1225 claves
1987 1198 2022 1224 et
2042 1191 2222 1224 clavature
2243 1202 2327 1236 qua-

458 1270 541 1296 tuor
560 1262 781 1302 facultatum,
797 1261 844 1293 ita
866 1260 962 1305 quod
983 1260 1162 1293 clavatura
1179 1266 1214 1292 et
1233 1259 1344 1292 clavis
1360 1259 1567 1305 theologice
1586 1258 1765 1292 facultatis
1787 1265 1823 1291 et
1842 1258 2074 1304 postmodum
2095 1257 2324 1291 decretorum

459 1337 494 1363 et
514 1329 692 1362 medicine
713 1340 752 1361 ac
773 1327 978 1360 artistarum
998 1326 1204 1359 facultatum
1226 1326 1385 1358 seriatim
1408 1332 1442 1358 et
1468 1325 1644 1371 gradatim
1664 1326 1800 1358 fuerint
1824 1325 1989 1370 apposite
2010 1331 2046 1357 et
2069 1331 2167 1357 tente
2188 1336 2206 1357 a
2227 1330 2325 1357 tanto

459 1403 621 1440 tempore
642 1395 686 1427 de
707 1406 777 1439 quo
799 1406 872 1426 non
893 1400 987 1426 extat
1008 1393 1195 1431 memoria;
1214 1399 1486 1437 verumptamen
1507 1404 1624 1437 nuper
1645 1399 1680 1425 et
1703 1392 1747 1425 de
1769 1404 1863 1425 novo
1884 1391 1994 1424 iidem
2016 1397 2136 1424 rector
2155 1397 2190 1424 et
2211 1390 2325 1436 magi-

460 1462 524 1495 stri
545 1461 673 1494 artium
695 1461 810 1493 dictos
832 1460 967 1504 gradus
995 1465 1031 1492 et
1057 1459 1188 1492 seriem
1216 1465 1528 1492 commutaverunt
1556 1470 1621 1503 pro
1642 1470 1708 1491 sue
1729 1458 1833 1491 libito
1854 1457 2063 1498 voluntatis,
2089 1469 2188 1490 suam
2209 1456 2326 1490 clava·
2355 1478 2358 1479 ν

460 1535 572 1561 turam
596 1534 630 1560 et
649 1527 783 1560 clavem
804 1538 868 1571 pre
889 1525 1019 1559 ceteris
1041 1524 1202 1559 clavibus
1224 1532 1258 1558 et
1279 1524 1470 1558 clavaturis
1496 1525 1644 1558 aliarum
1673 1525 1881 1558 facultatum
1907 1524 2125 1570 preferendo
2147 1530 2182 1556 et
2209 1523 2325 1568 presi-

461 1594 608 1633 tuando,
634 1593 670 1625 in
702 1593 868 1637 injuriam
898 1598 933 1625 et
962 1591 1122 1624 dedecus
1154 1591 1270 1636 ipsius
1298 1591 1554 1624 Universitatis
1582 1598 1616 1624 et
1646 1591 1836 1636 presertim
1864 1590 2043 1624 facultatis
2067 1589 2265 1635 theologie,
2290 1595 2326 1623 et

460 1666 584 1693 contra
604 1659 889 1692 consuetudines
910 1664 945 1690 et
965 1657 1220 1690 observancias
1241 1657 1459 1690 inconcusse
1481 1657 1518 1690 in
1539 1658 1750 1702 preteritum
1773 1657 1995 1690 observatas.

548 1726 713 1759 XXVIII.
742 1726 829 1758 Item
859 1724 956 1769 quod
986 1736 1028 1756 eo
1060 1730 1223 1768 pretextu
1255 1724 1351 1768 quod
1381 1724 1467 1756 dicti
1497 1724 1661 1769 magistri
1691 1724 1854 1769 theologi
1885 1735 1969 1756 suas
1999 1723 2200 1768 primitates
2224 1723 2326 1767 juxta

461 1804 581 1825 mores
601 1791 717 1836 ipsius
739 1791 993 1824 Universitatis
1020 1790 1161 1823 debitas
1184 1790 1255 1823 nisi
1275 1791 1422 1823 fuerunt
1442 1791 1642 1823 secundum
1662 1795 1738 1831 [sua
1754 1791 1959 1835 juramenta
1980 1789 2189 1830 observare,
2207 1789 2325 1822 dictus

461 1862 591 1899 rector]
614 1858 674 1902 qui
704 1869 769 1902 pro
796 1864 958 1902 tempore
987 1857 1066 1897 fuit,
1094 1863 1129 1889 et
1156 1856 1304 1889 facultas
1325 1857 1452 1889 artium
1481 1856 1623 1901 aliquos
1655 1857 1850 1902 magistros
1878 1856 2087 1902 theologos,
2113 1868 2194 1889 cum
2224 1855 2326 1900 prius

461 1925 618 1957 fuissent
637 1930 672 1956 et
692 1930 816 1956 essent
836 1923 999 1968 magistri
1024 1923 1152 1955 artium
1173 1923 1364 1964 facultatis,
1389 1922 1432 1955 ab
1453 1923 1530 1968 ipsa
1551 1923 1718 1956 facultate
1745 1930 1780 1956 et
1800 1924 1879 1968 ejus
1900 1922 2118 1964 con[sorcio,
2141 1925 2326 1967 quantum]

461 1991 498 2023 in
527 1990 617 2035 ipsis
647 1996 787 2022 rectore
818 1996 853 2022 et
878 1989 1044 2022 facultate
1078 1989 1206 2021 artium
1241 1989 1320 2030 fuit,
1356 1990 1543 2034 privarunt
1578 1996 1613 2023 et
1647 1990 1806 2035 privatos
1844 1989 1989 2034 publice
2019 1989 2249 2030 nunciarunt,
2288 1988 2326 2022 in

462 2056 741 2090 diffamationem
764 2062 799 2088 et
819 2055 1026 2088 scandalum
1048 2055 1245 2088 eorundem
1267 2067 1306 2088 ac
1328 2056 1438 2089 totius
1459 2056 1644 2101 theologie
1669 2056 1874 2097 fa[cultatis,
1896 2059 1941 2096 et]
1966 2055 2115 2088 fuerat¹⁷
2140 2067 2205 2100 pro
2226 2061 2326 2100 parte

461 2123 640 2155 facultatis
662 2121 844 2166 theologie
866 2122 1027 2166 predicte
1048 2128 1172 2154 contra
1193 2122 1309 2155 dictos
1335 2129 1513 2155 rectorem
1535 2129 1570 2155 et
1595 2123 1790 2167 magistros
1811 2122 1975 2167 ejusdem
1997 2121 2176 2155 facultatis
2197 2121 2325 2155 artium

462 2188 691 2234 appellatum.

551 2256 682 2287 XXIX.
710 2256 796 2287 Item
820 2261 854 2287 et
874 2254 971 2298 quod
991 2266 1009 2286 a
1030 2254 1217 2287 nonnullis
1235 2255 1459 2299 temporibus
1479 2255 1580 2297 citra,
1598 2262 1723 2288 contra
1743 2267 1864 2289 mores
1882 2254 2138 2289 Universitatis
2158 2254 2326 2299 antiquos

462 2320 663 2354 laudabiles
679 2322 820 2365 juratos
837 2327 871 2353 et
890 2319 1121 2365 approbatos,
1139 2320 1234 2353 idem
1255 2328 1388 2363 rector,
1405 2328 1572 2366 tanquam
1590 2328 1688 2355 esset
1708 2329 1814 2367 caput
1831 2329 1864 2355 et
1886 2322 2056 2367 superior
2071 2320 2326 2355 Universitatis

463 2394 498 2420 et
517 2387 722 2419 facultatum
744 2386 920 2431 ejusdem,
940 2386 1033 2419 sicut
1054 2398 1178 2420 revera
1198 2399 1271 2419 non
1292 2394 1360 2428 est,
1379 2394 1417 2420 ut
1437 2388 1524 2420 satis
1545 2394 1666 2432 potest
1686 2399 1729 2421 ex
1749 2388 1940 2433 premissis
1958 2387 2119 2421 dilucide
2139 2398 2325 2432 apparere,

463 2453 500 2486 in
526 2453 669 2494 litteris,
697 2465 766 2497 que
794 2452 837 2485 ab
865 2452 941 2497 ipsa
963 2452 1206 2486 Universitate
1234 2453 1468 2498 [diri]guntur
1497 2460 1532 2487 et
1559 2454 1799 2496 destinantur,
1827 2467 1960 2488 nomen
1990 2466 2095 2488 suum
2130 2454 2257 2486 nititur
2282 2453 2328 2486 de

462 2519 554 2552 facto
578 2519 778 2563 exprimere
800 2525 835 2551 et
854 2530 1057 2563 preponere
1079 2518 1233 2551 dicendo
1253 2531 1259 2551 :
1284 2534 1298 2550 «
1324 2521 1454 2552 Rector
1475 2526 1509 2552 et
1529 2520 1749 2553 universitas
1770 2521 2026 2566 magistrorum
2049 2527 2084 2553 et
2103 2519 2327 2553 studentium

462 2585 623 2618 Parisius
641 2598 670 2626 »,
688 2591 749 2617 aut
768 2584 876 2617 verba
896 2584 1111 2626 consimilia,
1129 2585 1166 2617 in
1187 2585 1303 2629 ipsius
1324 2585 1579 2619 Universitatis
1601 2593 1636 2619 et
1655 2586 1862 2619 facultatum
1884 2586 2062 2631 ejusdem,
2080 2592 2115 2619 et
2134 2585 2327 2630 presertim

463 2650 641 2683 facultatis
662 2650 858 2695 theologie,
881 2650 1099 2694 vituperium
1121 2657 1156 2683 et
1176 2650 1348 2693 dedecus,
1376 2652 1568 2696 presertim
1589 2664 1670 2685 cum
1691 2652 1804 2697 ipsam
1827 2652 2107 2686 Universitatem
2129 2658 2190 2685 aut
2214 2650 2327 2684 facul-

462 2723 553 2750 tates
575 2716 770 2762 theologie,
794 2716 1021 2749 decretorum
1043 2722 1078 2749 et
1097 2716 1276 2749 medicine
1297 2729 1370 2750 non
1391 2724 1505 2763 regat,
1527 2718 1592 2751 sed
1612 2718 1656 2751 ab
1683 2718 1761 2763 ipsa
1783 2719 2027 2752 Universitate
2053 2724 2213 2763 regatur,
2239 2717 2328 2751 diri·-

462 2789 567 2828 gatur
596 2789 631 2816 et
664 2783 866 2816 destinetur
892 2782 936 2815 ad
965 2782 1118 2827 negocia
1151 2784 1242 2828 ejus,
1276 2790 1384 2828 prout
1415 2795 1482 2829 per
1511 2796 1588 2817 eam
1623 2784 1821 2817 deliberata
1853 2785 2001 2826 fuerint,
2031 2783 2260 2829 procuranda
2292 2789 2328 2817 et

463 2849 666 2882 executioni
687 2848 900 2890 mandanda,
925 2848 1023 2893 quod
1043 2855 1078 2882 et
1097 2850 1304 2882 necessario
1326 2862 1391 2895 per
1411 2861 1517 2883 suum
1532 2851 1779 2895 juramentum
1800 2857 1944 2884 tenetur
1964 2850 2124 2896 explere.

586 2908 611 2930 9.
