2488 3386
448 320 491 353 64
1035 327 1349 350 CHAR'PULARIUM
1386 326 1573 348 nnwnas.
1610 325 1738 347 rmus.
2213 311 2312 348 [1359

447 403 621 444 absentia]
640 403 814 446 theologi,
833 402 983 435 medicis
1005 408 1038 434 et
1059 401 1194 434 artistis
1216 401 1454 445 preferretur,
1478 399 1630 443 fierique
1652 405 1775 443 postea
1796 397 1985 430 consuevit
2007 397 2043 429 iu
2064 397 2142 442 ipsa
2159 397 2312 430 Univer-

448 470 552 503 sitate
569 481 680 514 super
696 469 792 502 dicto
813 469 960 513 negotio
982 480 1046 500 seu
1070 467 1300 500 nunciatione
1322 466 1448 499 relatio
1470 477 1534 510 per
1551 465 1683 497 dictum
1706 463 1918 508 theologum
1937 464 1980 504 [si
2001 463 2121 508 suerit]
2143 475 2310 508 presens,

446 535 535 569 alias
561 548 625 580 per
646 536 875 568 decretistem
898 535 983 576 (sic)
1005 534 1062 567 vel
1084 534 1277 574 medicum,
1300 533 1524 577 deputatos⁷,
1547 531 1710 564 sedendo
1733 537 1768 563 et
1788 542 1860 563 non
1883 530 2029 571 stando;
2054 536 2173 563 rector
2193 537 2310 563 autem

448 602 596 647 prefatis
622 602 737 635 tribus
763 601 943 646 deputatis
964 600 1177 633 absentibus
1199 599 1409 632 relationem
1432 598 1545 642 ipsam
1568 597 1665 637 facit,
1694 597 1771 638 [sed
1797 601 1944 637 tantum]
1968 597 2004 629 in
2025 596 2195 642 pedibus,
2217 603 2256 630 ut
2275 597 2312 630 in

447 668 529 701 aliis
551 680 658 713 supra
681 675 811 701 tactum
834 674 899 700 est.

536 736 612 768 XV.
637 736 724 767 Item
746 734 829 766 licet
851 734 1010 778 prefatus
1032 739 1163 772 rector,
1187 732 1238 765 sic
1260 738 1403 764 creatus
1424 737 1460 764 et
1480 731 1630 771 electus,
1655 730 1910 763 Universitatis
1932 730 2077 775 negotia
2093 731 2193 775 juxta
2214 742 2314 764 man-

447 801 569 834 datum
587 807 621 833 et
642 800 838 833 deliberata
855 799 1017 844 ejusdem
1035 799 1162 831 habeat
1183 810 1377 843 procurare
1397 797 1602 830 executioni
1626 796 1855 838 [mandando,
1873 800 1958 837 non]
1978 805 2094 829 tamen
2115 796 2313 842 theologis,

447 867 653 900 decretistis
674 873 733 899 aut
753 866 903 899 medicis
924 866 961 898 in
982 865 1102 909 aliquo
1125 871 1247 909 preest
1267 871 1434 908 tanquam
1456 863 1624 908 superior
1644 869 1703 896 aut
1726 869 1845 908 caput,
1867 863 1903 895 in
1924 870 2060 896 tantum
2082 863 2193 896 eciam
2215 863 2313 908 quod

447 934 485 966 in
514 933 716 979 privilegiis
746 932 999 965 Universitatis
1037 931 1176 976 [ipsius]
1211 943 1283 963 non
1314 930 1521 963 nominatur
1554 936 1615 962 aut
1639 929 1854 962 inscribitur
1888 930 2118 975 regulariter,
2149 930 2312 975 quinimo

447 999 657 1044 hujusmodi
679 998 868 1044 privilegia
889 998 1129 1030 communiter
1150 997 1358 1042 diriguntur
1378 996 1605 1029 universitati
1626 996 1881 1041 magistrorum
1905 1003 1940 1029 et
1960 996 2183 1029 studentium
2204 996 2314 1038 [Pari-

447 1066 538 1107 sius,
561 1066 719 1105 minime]
749 1065 864 1109 ipsius
887 1064 1039 1097 rectoris
1062 1063 1244 1096 mentione
1266 1064 1367 1103 facta,
1391 1062 1495 1095 licet⁸
1517 1063 1595 1108 ipsa
1618 1062 1844 1095 Universitas
1865 1075 2047 1108 nunquam
2070 1063 2151 1108 ipso
2173 1069 2313 1097 rectore

450 1137 579 1163 careat.

536 1197 633 1229 XVI.
655 1197 741 1228 Item
765 1195 868 1227 etiam
892 1194 979 1227 satis
1006 1200 1166 1239 apparet,
1194 1194 1290 1238 quod
1319 1194 1414 1226 idem
1447 1201 1566 1226 rector
1591 1205 1664 1226 non
1690 1200 1746 1226 est
1774 1200 1882 1238 caput
1912 1194 2029 1238 ipsius
2059 1194 2314 1228 Universitatis

448 1266 506 1292 aut
528 1260 707 1304 superior,
730 1266 768 1292 ut
793 1259 985 1304 prefertur,
1009 1265 1077 1291 tam
1106 1270 1148 1291 ex
1173 1258 1275 1291 factis
1297 1258 1468 1303 superius
1488 1257 1647 1291 recitatis
1669 1269 1773 1302 quam
1797 1258 1913 1299 [etiam
1935 1270 1978 1291 ex
1998 1262 2054 1299 eo]
2075 1258 2173 1303 quod
2193 1258 2314 1304 aliquo

449 1324 579 1356 scolari
609 1323 665 1356 vel
697 1323 869 1368 magistro
902 1323 1157 1356 Uuiversitatis
1188 1322 1350 1366 ejusdcm
1383 1323 1583 1355 decedente
1611 1323 1794 1363 intestato,
1817 1322 1911 1355 bona
1933 1322 2096 1367 ejusdem
2119 1334 2183 1368 per
2203 1335 2314 1356 unum

448 1390 492 1423 ab
514 1390 687 1435 episcopo
709 1389 906 1422 Parisiensi
928 1396 961 1422 et
990 1401 1054 1434 per
1078 1389 1185 1422 alium
1212 1388 1255 1421 ab
1284 1389 1360 1433 ipsa
1390 1389 1633 1422 Universitate
1661 1389 1895 1434 de[putatum]
1923 1388 2057 1422 habent
2084 1389 2260 1422 custodiri
2281 1396 2317 1423 et

446 1457 670 1492 conservari.
694 1463 727 1489 et
754 1456 791 1488 in
812 1468 897 1488 casu
919 1455 1102 1496 distribui,
1126 1455 1207 1500 ipso
1231 1463 1372 1488 rectore
1394 1468 1466 1488 non
1489 1456 1678 1500 requisito,
1700 1462 1759 1488 aut
1780 1456 1816 1488 in
1842 1455 1910 1488 hoc
1931 1456 2085 1500 aliquam
2107 1455 2177 1489 sibi
2199 1456 2316 1501 preci-

452 1523 621 1568 puitatem
643 1522 789 1555 minime
810 1522 1036 1555 vendicante.

539 1591 651 1623 XVII.
676 1590 762 1621 Item
785 1588 882 1633 quod
903 1589 939 1620 in
962 1589 1204 1621 Universitate
1225 1601 1296 1621 nou
1321 1589 1366 1621 sit
1388 1589 1481 1621 idem
1510 1595 1628 1621 rector
1654 1596 1759 1634 caput
1779 1596 1838 1622 aut
1860 1589 2040 1634 superior,
2064 1596 2102 1622 ut
2122 1590 2316 1634 prefertur,

450 1656 537 1690 satis
563 1661 710 1700 apparet
730 1667 772 1688 ex
794 1667 836 1687 eo
861 1655 957 1699 quod
980 1655 1102 1687 nullus
1124 1655 1296 1699 magister
1318 1655 1525 1700 theologus,
1549 1655 1742 1688 decretista
1764 1662 1824 1689 aut
1844 1656 2008 1689 medicus
2032 1655 2102 1689 sibi
2117 1657 2229 1701 jurat,
2250 1667 2317 1689 nec

451 1724 488 1756 in
509 1724 729 1767 juramento,
752 1721 848 1766 quod
871 1721 979 1753 iidem
1007 1721 1169 1766 magistri
1195 1721 1231 1753 in
1258 1721 1414 1754 novitate
1442 1722 1498 1754 sui
1524 1722 1724 1767 magisterii
1747 1723 1784 1755 in
1812 1722 2055 1755 Universitate
2081 1729 2244 1768 prestant
2273 1722 2317 1755 de

452 1788 659 1822 obediendo
691 1788 820 1828 eidem,
860 1794 978 1820 rector
1012 1794 1072 1820 aut
1102 1800 1255 1832 persona
1289 1788 1442 1821 rectoris
1470 1788 1703 1829 null[a]tenus
1731 1785 1956 1834 exprimitur,
1994 1801 2059 1822 nec
2090 1789 2195 1822 etiam
2221 1788 2317 1822 idem

454 1862 572 1888 rector
588 1854 792 1887 mandatum
814 1860 874 1886 aut
895 1861 1103 1898 preceptum
1125 1855 1335 1887 auctoritate
1357 1866 1420 1887 sua
1442 1861 1562 1899 potest.
1582 1862 1642 1888 aut
1661 1856 1853 1888 consuevit
1871 1856 1990 1888 facere
2012 1867 2077 1889 seu
2098 1856 2180 1889 facit
2196 1855 2317 1901 aliquo

455 1922 627 1967 magistro
654 1920 841 1965 theologo,
869 1920 1062 1953 decretiste
1090 1920 1147 1953 vel
1177 1921 1337 1958 medinm
1366 1921 1482 1965 quod⁹
1510 1922 1539 1953 si
1570 1922 1715 1963 faceret,
1743 1934 1815 1954 non
1840 1928 2026 1955 teneretur
2046 1921 2163 1955 eidem
2186 1922 2318 1955 rectori

453 1988 618 2021 obedire.

542 2055 674 2087 XVIII.
699 2055 787 2086 Item
808 2053 905 2098 quod
927 2065 999 2085 non
1020 2053 1067 2086 sit
1087 2060 1203 2098 caput,
1227 2061 1374 2099 apparet
1395 2055 1498 2087 etiam
1522 2067 1564 2087 ex
1586 2066 1628 2087 eo
1650 2055 1748 2099 quod
1769 2055 1863 2088 idem
1887 2062 2006 2088 rector
2026 2056 2260 2101 pecuniarum
2281 2055 2319 2089 in

454 2121 547 2154 dicta
574 2120 740 2153 facultate
770 2119 898 2152 artium
928 2120 1229 2164 recipiendarum,
1257 2132 1321 2165 pro
1349 2133 1578 2165 quocumque
1607 2128 1686 2154 actu
1708 2121 1913 2163 scolastico,
1936 2122 2057 2155 nudus
2078 2129 2134 2155 est
2154 2122 2320 2156 minister

453 2194 489 2221 et
509 2192 690 2231 receptor,
712 2186 882 2230 ipsasque
906 2193 1047 2218 tenetur
1073 2198 1253 2231 exponere
1279 2187 1322 2219 ad
1349 2199 1441 2232 opus
1469 2194 1502 2220 et
1531 2188 1732 2220 mandatum
1765 2188 2021 2222 Universitatis
2049 2195 2258 2231 memorate,
2285 2195 2321 2222 et

456 2254 500 2286 de
521 2253 612 2298 ipsis
634 2252 799 2298 pecuniis
820 2252 1010 2285 consuevit
1031 2253 1183 2286 reddere
1205 2253 1392 2286 rationem.

544 2321 641 2352 XIX.
665 2320 754 2351 Item
777 2325 810 2351 et
831 2318 928 2362 quod
950 2318 993 2351 de
1016 2319 1204 2363 premissis
1227 2326 1259 2352 et
1281 2332 1405 2353 eorum
1428 2321 1585 2365 singulis
1607 2327 1663 2354 est
1682 2321 1719 2353 in
1740 2321 1818 2366 ipsa
1841 2322 2083 2355 Universitate
2105 2328 2140 2354 et.
2159 2321 2320 2356 Parisius

455 2386 598 2432 publica
617 2397 686 2418 vox
706 2391 741 2417 et
761 2385 862 2417 fama.
887 2386 929 2417 Et
950 2385 993 2417 de
1014 2384 1085 2418 hiis
1107 2392 1162 2418 est
1181 2398 1397 2431 unaqueque
1418 2387 1623 2420 facultatum
1646 2388 1918 2432 premissarum,
1942 2395 1977 2421 et
1997 2388 2187 2433 presertim
2209 2388 2321 2422 facul-

455 2456 509 2482 tas
530 2447 727 2492 theologie,
751 2447 787 2479 in
809 2447 1045 2491 possessione
1067 2454 1102 2479 et
1122 2448 1225 2491 quasi
1241 2460 1259 2480 a
1280 2448 1387 2481 dictis
1408 2449 1634 2493 temporibus
1655 2456 1690 2482 et
1706 2450 1806 2482 citra.

544 2515 623 2547 XX.
647 2515 734 2546 Item
762 2513 856 2545 sicut
875 2512 970 2545 idem
1000 2520 1130 2554 rector,
1161 2520 1199 2546 ut
1223 2521 1370 2559 apparet
1397 2525 1439 2547 ex
1467 2516 1637 2560 superius
1668 2516 1857 2557 enarratis,
1885 2516 2019 2549 nullam
2046 2517 2320 2561 precipuitatem

454 2588 516 2616 aut
549 2579 838 2625 superioritatem
879 2579 915 2611 in
951 2579 1108 2624 negotiis
1146 2580 1400 2614 Universitatis
1434 2580 1560 2622 habet,
1592 2594 1673 2626 ymo
1709 2582 1862 2626 quilibet
1897 2582 2071 2627 magister
2106 2582 2320 2628 theologus,

461 2647 653 2681 decretista
681 2645 739 2678 vel
766 2645 929 2677 medicus
962 2645 998 2677 in
1030 2646 1129 2686 sede,
1156 2658 1244 2679 voce
1274 2653 1309 2679 et
1334 2647 1518 2692 suffragiis
1544 2659 1582 2680 ac
1599 2648 1762 2692 judiciis,
1785 2648 1988 2681 honoribus
2019 2655 2053 2681 et
2080 2649 2322 2694 prerogativis

457 2713 673 2759 supratactis
690 2711 815 2757 pocior
831 2718 863 2744 et
881 2711 1130 2744 honorabilior
1150 2712 1230 2756 ipso
1253 2720 1392 2745 rectore
1414 2713 1578 2755 habetur,
1601 2714 1653 2746 sic
1674 2721 1709 2747 et
1729 2714 1766 2746 in
1787 2715 1910 2747 missis
1938 2727 1977 2747 ac
2006 2714 2319 2760 processionibus,

457 2779 646 2824 obsequiis
668 2778 801 2811 divinis
823 2783 858 2810 et
879 2777 1110 2810 sermonibus
1130 2778 1246 2822 ipsius
1268 2779 1523 2812 Universitatis
1547 2780 1687 2812 fortiori
1707 2780 1846 2813 ratione
1867 2781 1994 2825 pocior
2019 2788 2053 2814 et
2072 2780 2322 2814 honorabilior

459 2847 540 2892 ipso
557 2845 666 2878 debet
687 2844 856 2889 reputari.
875 2845 961 2876 Nam
983 2844 1019 2876 in
1039 2844 1162 2877 missis
1179 2844 1431 2890 solempnibus
1449 2846 1703 2879 Universitatis
1720 2847 1756 2879 in
1778 2847 1901 2880 dextra
1923 2854 2022 2892 parte
2043 2848 2145 2881 chori
2166 2847 2321 2881 ecclesie
