2488 3386
430 340 492 373 582
1005 345 1322 369 ann'ruLAmun
1356 345 1547 367 cmvi-:as
1584 345 1712 367 PARIS.
2194 331 2289 369 [1381

434 479 573 517 1637
599 497 613 513 «
629 489 710 513 Anno
730 487 844 512 Domini
864 486 1013 512 millesimo
1035 486 1233 519 CCCLXXXJ,
1252 484 1298 510 die
1316 490 1370 510 arx·
1390 484 1495 510 mensis
1511 484 1593 519 Maii,
1619 484 1793 510 Universitas
1814 484 1999 517 parisiensis,
2017 482 2244 519 solempnissime
2264 484 2293 509 in

518 536 689 563 monasterio
707 538 733 562 S.
754 535 897 562 Bernarcli
911 535 1043 561 Par-isius
1060 533 1259 569 congregata&
1277 533 1454 559 concorditer
1469 532 1666 559 determinavit
1682 541 1735 568 per
1753 536 1878 568 quatuor
1894 532 2062 567 facultates,
2085 531 2196 559 scilicet
2211 532 2291 559 theo-

518 586 600 620 logie,
619 585 803 619 decretorum,
822 584 960 610 medicine
981 587 1008 610 et
1023 583 1137 617 artium,
1155 583 1226 608 viam
1245 582 1363 608 Concilii
1377 582 1522 617 generalis
1538 591 1600 608 esse
1617 581 1777 616 tenendam,
1796 585 1823 607 et
1842 590 1873 608 se
1891 590 1944 618 pro
1965 585 2022 607 toto
2040 590 2126 617 posse
2146 590 2198 607 suo
2219 581 2292 607 hanc

515 638 626 671 partem
640 634 701 659 suis
715 634 819 659 litteris
833 637 859 659 et
873 632 1002 669 epistolis
1015 631 1210 668 persuasoriis
1222 635 1249 657 et
1265 630 1469 657 ezhortatoriis
1486 631 1566 667 apud
1579 631 1733 667 principes,
1752 630 1867 656 comites
1884 634 1911 657 et
1923 630 2054 667 prelatos
2070 634 2263 657 eaeecuturam.
2277 639 2291 656 ›

1679 738 1749 767 1381,
1766 737 1826 764 uati
1835 738 1878 768 20,
1892 738 2005 764 Parisiis.

522 844 558 866 Ex
574 843 701 873 Epistola
723 841 837 866 Concilii
854 840 983 872 (consilii)
1002 841 1080 870 pacis
1100 842 1260 871 nuncupata,
1277 839 1423 871 composita
1443 839 1476 862 ab
1493 839 1603 863 Heni-ico
1619 840 1650 863 de
1666 840 1760 863 Hassia
1781 848 1826 863 seu
1841 840 1873 863 de
1896 839 2078 871 Langenstein‚
2100 847 2166 871 quae
2182 839 2291 871 incipit:

427 887 588 917 ‹rUniversis
600 886 718 909 navicula
731 885 800 909 Petri
809 883 1187 916 gubernacula....regentibus
1197 893 1219 914 n,
1232 883 1258 906 in
1270 883 1338 906 Bibl.
1353 886 1406 907 nat..
1419 883 1513 913 Paris.y
1525 892 1574 907 ms.
1586 884 1632 907 lat.
1645 884 1721 907 14643
1733 884 1806 914 (eod.
1818 884 1843 907 S.
1852 884 1969 914 Victor.),
1982 884 2027 907 fol.
2040 884 2095 914 223,
2107 884 2151 907 232
2164 885 2230 915 (cap.
2243 884 2291 913 13).

428 933 463 956 De
479 932 538 955 aliis
558 931 639 954 msstis
656 930 709 954 vid.
729 931 820 958 Kneer,
837 929 888 953 Dic
908 929 1087 959 Entstehuny
1106 930 1156 952 der
1175 927 1364 952 Konziliaren
1389 928 1505 952 Theorie
1524 928 1625 958 (Roma,
1642 929 1721 958 1893),
1738 937 1764 959 p.
1786 929 1822 958 77,
1840 931 1894 951 not.
1915 929 1937 951 2.
1956 928 2120 960 Adjungendi
2140 931 2202 951 sunt
2222 928 2294 952 mssfl

428 978 564 1007 Rotomag.
588 976 617 1000 O.
637 977 666 998 20
685 975 746 1004 (vid.
767 979 817 997 num
833 973 911 1004 1629),
930 975 946 997 s.
968 973 1025 1001 117;
1047 973 1181 1001 Mam—in„
1207 981 1256 996 ms.
1274 973 1333 995 1081
1355 973 1453 1002 (Catal.
1473 973 1538 1002 943),
1565 973 1608 996 rol.
1631 972 1702 996 1681‘.
1718 972 1787 996 Edit.
1805 981 1810 996 :
1829 973 1884 996 Von
1899 973 1946 996 der
1965 973 2057 1001 Hardt,
2073 973 2170 1003 Mayn.
2186 979 2291 997 oecum-

430 1023 570 1046 Constant.
591 1020 705 1045 Concil..
722 1020 752 1046 ΙΙ,
776 1028 802 1050 p.
818 1019 856 1049 33,
873 1027 886 1041 e
902 1027 952 1050 quo
968 1018 994 1041 in
1012 1018 1078 1048 Opp.
1104 1018 1230 1046 Gcrson„
1251 1017 1292 1040 ed.
1313 1016 1409 1048 Dupin,
1428 1017 1460 1045 Π,
1482 1018 1536 1041 822.
1553 1017 1681 1047 Epistola
1701 1017 1820 1042 Consilii
1836 1017 1914 1048 pacis
1937 1025 1979 1041 an.
1997 1017 2055 1040 1381
2077 1017 2177 1049 scripta
2194 1020 2242 1046 est,
2265 1020 2294 1041 ut

428 1069 539 1098 apparet
550 1073 562 1088 e
577 1073 635 1096 cap.
653 1065 690 1093 12,
706 1067 731 1087 et
747 1064 852 1095 quidem
868 1066 929 1094 post
942 1063 1002 1086 Jun.
1020 1063 1058 1085 15.
1075 1062 1138 1093 Cup.
1156 1063 1184 1085 13
1201 1062 1328 1085 Henricus
1343 1061 1374 1085 de
1391 1061 1485 1085 Bassia
1501 1062 1531 1085 14
1546 1061 1693 1085 rationibus
1709 1061 1813 1089 astruit,
1830 1061 1976 1085 Concilium
1992 1062 2113 1093 generale
2128 1070 2185 1085 esse
2198 1070 2294 1085 convo-

427 1110 548 1133 candum.
562 1110 599 1132 Ad
610 1109 676 1131 hanc
689 1108 827 1139 epistolam
841 1108 909 1131 etad
923 1107 1001 1130 istam
1012 1106 1243 1138 congregationem
1256 1106 1442 1130 Universitatis
1454 1106 1550 1129 alludit
1561 1115 1604 1129 an.
1618 1106 1679 1129 1408
1690 1106 1822 1129 Johannes
1835 1106 1935 1130 Gerson
1951 1106 1977 1129 in
1991 1107 2189 1136 propositione
2198 1113 2294 1131 coram

428 1154 564 1185 Anqlicis,
586 1153 684 1176 consid.
705 1154 728 1182 3,
749 1153 774 1175 in
791 1152 859 1175 Bibl.
881 1155 934 1175 nat.
954 1152 1037 1175 Paris.
1060 1160 1109 1175 ms.
1130 1151 1177 1174 lat.
1193 1151 1275 1180 1573·,
1293 1151 1337 1174 sol.
1357 1151 1399 1178 29;
1420 1159 1484 1174 mss.
1503 1151 1565 1174 3126
1585 1154 1610 1174 et
1629 1151 1720 1178 1490&
1739 1152 1804 1181 Opp.
1822 1151 1948 1179 Gerson..
1967 1150 2007 1174 ed.
2024 1150 2119 1182 Dupin,
2136 1151 2169 1176 Π.
2192 1151 2246 1175 126.
2261 1151 2294 1175 Et

429 1200 530 1224 Chron.
546 1200 585 1222 du
599 1198 648 1222 rel.
665 1199 697 1221 de
712 1197 910 1227 Saint-Denys,
924 1196 964 1220 ed.
977 1196 1122 1227 Belluguet,
1135 1196 1154 1224 l,
1166 1197 1196 1219 86
1209 1204 1214 1219 ·.
1233 1204 1244 1218 α
1259 1196 1420 1219 doctores....
1435 1203 1502 1218 nunc
1513 1195 1639 1227 privatim
1651 1195 1832 1226 disceptando,
1849 1195 2005 1219 conserendo
2020 1198 2045 1218 et
2060 1195 2208 1225 scribendo,
2224 1204 2293 1219 nunc

426 1244 531 1275 publico
547 1243 573 1266 in
589 1242 734 1265 scolasticis
755 1241 857 1264 actibus
877 1241 1021 1272 arguendo,
1043 1241 1165 1264 standum
1183 1240 1292 1264 consilio
1308 1240 1425 1271 generali
1445 1248 1526 1271 super
1540 1240 1673 1263 discordia
1691 1239 1829 1263 amborum
1844 1240 2055 1263 contendentium
2070 1240 2101 1263 de
2116 1243 2216 1272 papatu
2230 1248 2293 1264 con-

426 1288 567 1311 cludebant
585 1297 603 1310 ι».
621 1288 692 1310 Hunc
708 1286 901 1310 conclusionem
917 1285 1104 1309 Universitutis
1121 1285 1242 1316 designat
1259 1285 1337 1308 etium
1362 1285 1513 1309 Tractatus
1524 1291 1578 1315 pro
1598 1285 1704 1309 unione
1723 1285 1786 1309 eccl.
1802 1285 1881 1314 (in-'ra
1900 1289 1929 1307 n⁰
1944 1285 2013 1314 1663)
2029 1293 2043 1308 a
2059 1285 2173 1316 quodum
2187 1285 2293 1309 doctore

427 1333 510 1356 Paris.
522 1340 564 1355 an.
579 1332 637 1355 1391
650 1331 823 1362 conscriptus,
841 1331 867 1354 in
880 1331 942 1354 Cod.
955 1331 1011 1353 vat.
1027 1331 1098 1359 4927,
1115 1330 1159 1353 sol.
1175 1331 1205 1353 92
1222 1338 1227 1353 :
1246 1338 1258 1352 «
1274 1330 1317 1353 via
1331 1338 1379 1361 per
1393 1329 1538 1353 Concilium
1549 1330 1671 1361 generale
1684 1329 1834 1361 justissima
1844 1332 1870 1352 et
1880 1329 2117 1353 rationabilissima
2131 1333 2180 1358 est,
2190 1336 2293 1354 secun-

426 1379 494 1401 dum
508 1378 582 1407 quod
598 1377 670 1400 alias
682 1375 861 1407 pretendebat
877 1376 968 1399 Paris.
991 1375 1160 1399 Universitas
1177 1383 1198 1398 n.
1218 1374 1289 1397 Idem
1309 1374 1370 1397 tacit
1390 1374 1555 1398 Uuiversitas
1575 1374 1635 1405 ipsa
1654 1382 1697 1398 an.
1716 1374 1785 1402 1394,
1804 1373 1950 1403 Februarii,
1964 1374 1990 1396 in
2009 1374 2139 1397 schedula
2151 1374 2292 1398 communi.

427 1422 483 1445 Vid.
501 1426 529 1444 11⁰
546 1422 612 1444 1680.
630 1421 669 1444 Cf.
686 1420 763 1443 etiam
781 1420 869 1444 Istore
884 1424 911 1444 et
925 1420 1022 1444 chron.
1039 1421 1070 1443 dc
1085 1420 1231 1447 Flandrcs,
1249 1419 1282 1449 11,
1299 1419 1353 1448 511,
1371 1419 1411 1442 ed.
1424 1418 1529 1450 Kervyn
1543 1419 1574 1442 de
1590 1418 1756 1442 Lettenhove.

520 1519 544 1542 1.
561 1519 596 1542 De
609 1519 658 1541 hac
673 1517 876 1549 congregatione
890 1521 915 1541 et
929 1517 960 1541 de
975 1517 1164 1541 deliberatione
1179 1520 1233 1542 nat.
1245 1517 1405 1548 Anglicnnae
1420 1517 1474 1540 vid.
1490 1518 1607 1541 Auctar.
1624 1516 1761 1547 Chartul.‚
1777 1517 1797 1547 l,
1810 1525 1837 1548 p.
1853 1517 1908 1546 607,
1921 1517 1951 1539 37
1969 1524 2027 1548 sqq.

432 1730 570 1767 1638.
597 1739 722 1765 Clemens
743 1740 793 1765 VII
803 1739 943 1775 permittit
958 1739 1100 1765 Aimerico
1123 1740 1210 1775 episc.
1227 1739 1334 1772 Paris„
1358 1743 1388 1765 ut
1411 1739 1551 1773 beneficia
1572 1738 1679 1773 eccles.⁷
1700 1738 1803 1774 quibus
1831 1738 2029 1764 Universitatis
2044 1738 2138 1763 Paris.
2161 1737 2292 1763 alumnos

514 1788 732 1814 Bartlzolomaeo
749 1788 878 1823 (Urbano
900 1788 945 1821 VI)
962 1788 1153 1814 adhaerentes
1166 1788 1270 1824 privat,
1289 1787 1357 1814 aliis
1373 1787 1470 1822 dignis
1491 1787 1688 1814 Universitatis
1704 1787 1863 1823 suppositis
1879 1789 2018 1822 conferat.

1669 1881 1738 1911 1381,
1754 1881 1823 1907 duni!
1835 1882 1859 1911 6,
1875 1881 2005 1907 Arsinoae.

514 1961 723 1995 Venerabili
743 1962 842 1994 fratri
864 1962 1055 2007 Aymerico
1077 1961 1251 2007 episcopo
1273 1961 1484 2002 Parisiensi,
1509 1960 1677 2002 salutem,
1696 1967 1762 1994 etc.
1785 1962 1981 1993 Personam
1999 1966 2152 1993 tuam...
2175 1959 2291 1993 Hodie

427 2028 605 2072 siquidem
629 2040 692 2073 per
713 2040 779 2061 nos
800 2035 947 2073 accepto
972 2028 1069 2073 quod
1090 2028 1126 2061 in
1148 2029 1219 2061 tuis
1242 2028 1385 2061 civitate
1407 2035 1442 2061 et
1462 2028 1601 2061 diocesi
1629 2027 1804 2061 nonnulle
1826 2027 2073 2060 ecclesiastice
2095 2026 2291 2070 (seculares

427 2101 461 2127 et
486 2094 686 2139 regulares,
705 2101 868 2139 exempto
890 2102 925 2128 et
945 2107 1018 2128 non
1044 2096 1219 2140 exempto)
1242 2106 1399 2140 persone
1421 2094 1626 2127 existebant
1646 2106 1716 2139 que
1738 2094 1914 2127 scelerato
1935 2093 2013 2126 viro
2035 2092 2290 2127 Bartholomeo

426 2161 510 2193 olim
541 2161 814 2206 archiepiscopo
843 2162 995 2195 Barensi
1024 2173 1088 2206 per
1115 2161 1323 2195 violentiam
1353 2168 1388 2194 et
1416 2161 1697 2206 impressionem
1725 2161 1886 2194 notorias
1914 2160 1951 2193 in
1978 2160 2175 2205 apostolica
2202 2159 2290 2193 sede

426 2227 566 2260 intruso
590 2227 765 2261 adherere
783 2240 847 2261 seu
871 2229 907 2260 in
929 2229 1067 2261 crimen
1088 2229 1305 2261 intrusionis
1327 2228 1538 2273 hujusmodi
1559 2228 1733 2261 assistere
1755 2234 1790 2260 et
1809 2227 2016 2268 consilium,
2039 2226 2210 2259 auxilium
2231 2233 2291 2259 aut

424 2294 581 2326 favorem
604 2294 756 2338 prebere
778 2295 1052 2340 presumptione
1070 2295 1290 2340 dampnabili
1312 2307 1385 2328 non
1401 2294 1621 2328 verebantur
1640 2307 1646 2327 :
1666 2306 1733 2327 nos
1750 2294 1814 2327 tibi
1836 2293 2058 2339 procedendi
2079 2293 2290 2326 auctoritate

426 2367 547 2392 nostra
568 2367 691 2393 contra
712 2373 838 2394 omnes
860 2368 894 2394 et
915 2362 1078 2407 singulas
1100 2374 1276 2407 personas
1296 2362 1506 2407 hujusmodi
1527 2374 1566 2395 ac
1584 2373 1644 2394 eas
1665 2361 1840 2406 puniendi
1863 2367 1897 2393 et
1916 2359 2126 2405 corrigendi
2147 2371 2290 2392 necnon

426 2425 612 2459 beneficiis
634 2427 745 2459 eccleis
766 2428 1058 2473 quibuscunque,
1082 2429 1185 2461 etiam
1209 2429 1240 2462 si
1261 2429 1458 2474 dignitates
1480 2429 1585 2462 etiam
1608 2429 1644 2461 in
1665 2427 1933 2461 cathedralibus
1955 2433 2037 2472 post
2062 2426 2288 2471 pontificales

426 2493 579 2536 majores
600 2493 656 2525 vel
677 2494 713 2525 in
735 2494 937 2539 collegiatis
959 2495 1125 2528 ecclesiis
1148 2495 1368 2540 principales
1390 2502 1450 2528 aut
1471 2502 1686 2540 personatus
1709 2506 1771 2527 seu
1794 2494 1909 2526 officia
1930 2494 2062 2534 forent,
2084 2500 2145 2526 aut
2166 2504 2286 2526 curam

425 2557 600 2591 haberent
628 2560 838 2601 animarum,
871 2561 1035 2605 privandi
1066 2568 1101 2594 et
1129 2562 1320 2595 amovendi
1354 2562 1397 2595 ab
1428 2562 1481 2595 eis
1512 2562 1653 2607 plenam
1685 2568 1720 2594 et
1752 2560 1901 2594 liberam
1933 2572 1998 2605 per
2027 2559 2114 2593 alias
2144 2566 2288 2593 nostras

425 2624 562 2657 litteras
588 2626 837 2659 concessimus
864 2627 1080 2660 facultatem.
1112 2630 1185 2661 Nos
1215 2629 1328 2674 igitur
1351 2629 1518 2662 volentes
1546 2629 1650 2661 etiam
1680 2627 1859 2661 honorare
1890 2638 2081 2672 personam
2113 2630 2232 2667 [tuam]
2254 2632 2289 2659 et

425 2702 489 2735 per
518 2690 691 2724 honorem
724 2691 787 2724 tibi
817 2692 1014 2726 exhibitum
1046 2694 1126 2727 aliis
1159 2695 1361 2740 provideri,
1392 2695 1606 2728 fraternitati
1638 2701 1710 2735 tue7
1745 2694 1779 2727 si
1810 2693 2051 2739 predictarum
2086 2693 2285 2725 litterarum

424 2757 549 2802 vigore
570 2758 707 2802 aliquos
726 2758 768 2791 de
793 2760 1035 2794 Universitate
1054 2761 1170 2795 studii
1193 2763 1418 2795 Parisiensis
1439 2763 1630 2795 existentes
1651 2761 1827 2806 beneficiis
1847 2761 1925 2793 suis
1946 2759 2204 2793 ecclesiasticis
2218 2770 2288 2803 per

425 2829 456 2856 te
470 2825 619 2868 privari
638 2825 847 2869 contigerit,
864 2827 1075 2859 conserendi
1096 2827 1305 2872 hujusmodi
1326 2828 1514 2870 beneficia,
1534 2828 1577 2861 de
1599 2828 1731 2873 quibus
1753 2839 1816 2860 eos
1838 2826 2036 2872 privaveris
2129 2825 2286 2871 singulis

425 2890 592 2933 personis
612 2891 765 2935 ydoneis
786 2891 829 2924 de
848 2893 1089 2925 Universitale
1112 2894 1271 2938 predicta
1289 2907 1327 2927 ac
1349 2895 1385 2927 in
1403 2895 1608 2928 obedientia
1626 2901 1661 2927 et
1681 2894 1874 2927 devotione
1891 2900 2014 2926 nostra
2031 2891 2284 2934 existentibus,
