2488 3386
429 338 491 370 192
1000 345 1319 367 anaTULAmUM
1354 343 1545 366 UNivEns.
1580 343 1709 364 PARIS.
2112 360 2114 362 .
2191 329 2290 365 [1370

426 427 667 460 convertatur,
691 420 853 452 noscitur
876 420 1069 464 pertinere,
1093 431 1234 451 omnem
1267 425 1299 450 et
1331 429 1585 462 qualicumque
1614 416 1814 457 emendam,
1838 417 1873 448 in
1899 428 1967 460 qua
1992 422 2144 460 ‘propter
2165 428 2290 460 supra-

427 487 519 519 dicta
537 498 621 530 erga
643 498 709 518 nos
731 486 846 518 teneri
868 492 1017 530 possent
1038 484 1278 529 quovismodo
1301 490 1335 516 et
1355 491 1536 524 tenentur,
1556 483 1692 516 eisdem
1716 492 1751 515 et
1771 495 1895 516 eorum
1913 482 2064 515 cuilibet
2083 482 2290 516 remisimus

427 559 463 585 et
478 553 513 584 in
532 552 626 585 dicto
648 564 733 584 casu
751 552 967 584 remittimus
989 552 1033 584 de
1055 552 1196 583 nostra⁵
1215 557 1310 583 certa
1333 550 1483 583 scientia
1505 556 1540 582 et
1560 550 1673 594 gratia
1695 549 1857 594 speciali,
1880 549 1927 582 ita
1950 555 2080 590 tamen,
2103 549 2200 594 quod
2220 549 2291 594 ipsi

428 626 462 651 et
482 631 604 651 eorum
623 618 790 651 cuilibet⁰
812 618 984 662 deinceps
1001 619 1124 662 jurare
1141 624 1176 649 et.
1195 616 1473 661 aprobacionem
1493 623 1615 661 petere
1633 623 1739 661 prout
1760 616 1923 648 decuerit
1943 616 2143 648 secundum
2166 627 2289 648 eorum

428 685 631 730 privillegia
653 691 853 718 teneantur.
879 686 921 717 Et
947 697 990 717 ex
1016 684 1252 724 habundanti,
1279 690 1413 716 attento
1436 683 1533 728 quod
1557 683 1643 716 dicti
1671 689 1894 728 exponentes
1923 694 1961 715 se
1985 689 2114 727 sponte
2136 682 2292 715 offerunt

429 764 492 796 pro
520 751 626 784 nobis
657 758 691 784 et
718 751 878 783 remedio
899 751 1015 783 anime
1040 757 1164 782 nostre
1194 756 1477 794 nostrorumque
1504 750 1806 795 predecessorum
1833 756 1868 782 et
1894 749 1931 781 in
1955 750 2114 782 futurum
2146 761 2292 782 succes-

429 830 564 858 sorum,
588 818 699 863 gratis
720 818 892 851 visituros
921 824 955 850 et.
984 824 1238 861 preparaturos
1262 828 1453 861 pauperes,
1477 817 1537 861 qui
1564 816 1600 848 in
1621 815 1863 861 hospitalibus
1889 816 2001 860 recipi
2026 828 2099 848 non
2125 822 2291 860 possunt,

429 892 463 917 et
483 885 543 929 qui
570 897 693 917 corum
715 884 983 917 visitationibus
1004 890 1039 916 et
1059 883 1230 915 remediis
1252 882 1482 927 indigebunt,
1505 883 1674 916 volumus
1695 889 1730 916 et
1750 882 1803 915 eis
1824 882 2071 923 concedimus,
2094 889 2133 915 ut
2155 882 2226 927 ipsi
2249 882 2294 915 ad

428 951 544 983 dictos
565 951 774 984 vulneratos
801 963 864 983 seu
887 962 1011 982 eorum
1035 950 1184 983 vulnera
1206 956 1240 982 et
1266 949 1390 994 plagas
1416 949 1632 983 revelandos
1658 949 1761 982 aliter
1782 961 1886 994 quam
1911 949 2081 994 superius
2104 955 2140 982 et
2159 949 2195 981 in
2216 949 2294 982 suis

429 1017 645 1062 privillegiis
675 1029 738 1061 per
759 1029 824 1049 nos
853 1029 917 1049 scu
944 1023 1088 1049 nostros
1118 1016 1400 1060 predecessores
1429 1016 1482 1048 eis
1513 1016 1713 1056 concessis,
1739 1015 1783 1048 de
1811 1015 1944 1060 quibus
1971 1015 2076 1048 vobis
2105 1015 2208 1048 licuit
2235 1022 2294 1049 aut

428 1084 592 1128 liquebit,
623 1090 678 1116 est
707 1090 861 1124 cautum,
892 1084 1056 1115 necnon7
1086 1083 1128 1115 ad
1154 1083 1359 1115 faciendum
1386 1082 1558 1115 excubias
1586 1082 1643 1115 vel
1673 1074 1875 1115 custodiam
1898 1083 2090 1126 januarum
2121 1082 2294 1127 deinceps

429 1150 575 1182 minime
596 1150 669 1182 sint
694 1150 844 1190 astricti,
872 1150 936 1182 sed
965 1150 1085 1194 potius
1112 1149 1184 1182 sint
1210 1149 1315 1181 liberi
1342 1156 1377 1182 et
1402 1149 1595 1182 immunes.
1622 1148 1836 1181 Mandantes
1858 1148 1977 1189 vobis,
2000 1149 2170 1193 quatinus
2194 1149 2295 1194 ipsos

430 1223 464 1249 et
485 1228 609 1248 eorum
631 1215 830 1260 quemlibet
850 1222 973 1248 nostra
994 1215 1155 1260 presenti
1177 1215 1297 1260 gracia
1314 1222 1349 1248 et
1369 1215 1609 1248 concessione
1626 1215 1678 1248 uti
1698 1215 1837 1247 faciatis
1858 1221 1893 1248 et
1914 1215 2127 1259 permittatis
2149 1215 2296 1260 pacifice

429 1289 464 1315 et
485 1283 618 1327 quiete,
640 1283 742 1327 ipsos
767 1294 831 1315 seu
859 1282 1015 1326 aliquem
1038 1282 1198 1326 ipsorum
1226 1282 1263 1314 in
1284 1282 1503 1314 contrarium
1531 1282 1739 1315 nullatenus
1766 1281 1994 1314 molestando
2021 1293 2085 1314 seu
2110 1281 2296 1315 molestari

429 1349 592 1381 faciendo
610 1349 667 1382 vel
688 1349 791 1381 etiam
815 1349 1058 1393 permittendo
1079 1348 1283 1393 aliqualiter
1305 1348 1340 1380 in
1361 1360 1515 1393 corpore
1538 1349 1614 1381 sive
1636 1348 1760 1388 bonis;
1784 1348 1849 1380 sed
1863 1349 1936 1392 jam
1959 1354 2080 1381 exacta
2100 1348 2137 1380 in
2157 1354 2297 1381 contra-

430 1416 536 1456 rium,
554 1422 592 1448 ut
612 1422 667 1448 est
687 1415 834 1456 dictum,
848 1416 1052 1459 juramenta
1069 1421 1193 1447 contra
1211 1413 1359 1447 suorum
1382 1415 1671 1460 privillegiorum
1694 1422 1856 1448 tenorem
1878 1421 1914 1447 et
1934 1414 2066 1447 seriem
2088 1414 2295 1456 relaxando,

430 1493 499 1526 que
522 1493 588 1514 nos
610 1481 774 1522 ei[s]dem
796 1482 833 1513 in
854 1493 938 1513 casu
967 1481 1146 1526 premisso
1175 1488 1300 1513 tenore
1332 1481 1561 1526 presencium
1589 1481 1791 1514 relaxamus
1820 1487 1855 1513 et
1882 1480 2071 1513 silencium
2097 1492 2207 1525 super
2227 1480 2298 1514 hiis

431 1547 600 1580 omnibus
622 1554 747 1580 nostro
778 1548 1003 1592 procuratori
1031 1547 1252 1592 imponimus
1282 1560 1346 1592 per
1374 1555 1576 1592 presentes.
1606 1549 1733 1580 Datum
1768 1547 1805 1580 in
1832 1547 1997 1592 hospicio
2024 1554 2149 1580 nostro
2179 1547 2299 1581 Sancti

432 1614 544 1655 Pauli,
563 1614 620 1646 die
642 1615 714 1658 xxja
734 1614 896 1655 111e[n]sis
911 1614 1024 1655 Jullii,
1047 1626 1141 1646 anno
1163 1614 1308 1646 Domini
1330 1614 1524 1647 millesimo
1546 1614 1802 1647 trecentesimo
1819 1614 2104 1659 septuagesimo,
2122 1614 2299 1659 regnique

432 1681 547 1714 nostri
570 1681 736 1725 septimo.

532 1791 658 1815 Vidimus
675 1791 701 1814 in
717 1791 792 1814 Livre
813 1795 869 1815 vert
891 1792 967 1815 vieux
984 1793 1078 1815 second
1097 1793 1131 1815 du
1153 1793 1293 1820 Chastelet,
1312 1793 1388 1816 Arch.
1410 1796 1463 1816 nat.
1480 1793 1539 1816 Par.
1554 1793 1573 1815 Y
1590 1794 1613 1819 4,
1629 1793 1672 1815 sol.
1690 1792 1762 1815 147¹).
1778 1806 1806 1810 —-
1823 1792 1947 1817 ordonn.
1962 1794 2008 1817 des
2027 1792 2095 1820 rois,
2112 1792 2139 1820 V,
2157 1793 2215 1820 322;
2235 1792 2301 1816 Rec-

432 1836 548 1865 9e'ne'ral
562 1837 607 1859 des
620 1836 751 1860 ancienn.
769 1836 819 1860 lois
836 1838 942 1866 franc„
959 1837 988 1865 V,
999 1838 1057 1864 34ίις
1075 1838 1192 1865 Statum,
1208 1837 1305 1867 privil.
1323 1842 1347 1861 et
1365 1838 1532 1868 reylements
1551 1839 1590 1861 du
1610 1838 1717 1867 colleqe
1731 1839 1763 1861 de
1780 1837 1929 1867 Chiruryie
1946 1838 1978 1860 de
1994 1836 2089 1865 Paris,
2105 1845 2131 1868 p.
2145 1838 2185 1860 66.
2202 1850 2234 1854 -
2249 1836 2301 1860 flas

433 1880 533 1903 litteras
549 1880 714 1903 confirmavit
728 1880 837 1903 Carolus
855 1881 898 1904 Vll
915 1889 956 1904 an.
980 1882 1046 1910 1441,
1065 1882 1166 1909 Octob„
1184 1882 1332 1905 Ludovicus
1354 1883 1385 1905 XI
1406 1890 1449 1905 nn.
1473 1882 1616 1912 1470-1471,
1634 1882 1737 1909 Martii;
1758 1882 1869 1905 Carolus
1885 1882 1942 1905 Vltl
1959 1889 2002 1904 an.
2021 1882 2090 1910 1484,
2110 1881 2164 1904 Jul.
2181 1881 2221 1904 Cf.
2237 1880 2300 1904 edit.

435 1932 515 1955 supra
534 1929 563 1947 11⁰
578 1925 648 1954 1296,
665 1927 718 1948 not.

528 2036 550 2058 1.
573 2036 677 2067 Hugoni
702 2036 818 2060 Aubriot.
844 2050 874 2053 -
892 2038 915 2060 2.
934 2037 981 2060 Ms.
1000 2040 1025 2060 et
1041 2037 1081 2060 ed.
1102 2045 1106 2059 z
1126 2047 1138 2058 u
1156 2040 1225 2060 esset
1243 2047 1263 2060 ».
1283 2051 1313 2053 —
1330 2038 1353 2061 3.
1372 2037 1430 2062 Vid.
1449 2045 1530 2068 supra
1548 2042 1577 2060 n⁰
1595 2037 1664 2060 1296.
1682 2051 1714 2054 —
1732 2038 1755 2061 l«.
1778 2038 1826 2060 Ms.
1844 2041 1870 2060 et
1886 2037 1927 2060 ed.
1947 2045 1951 2060 :
1972 2047 1984 2059 «ι
2003 2045 2080 2068 quem
2100 2046 2123 2061 n.
2143 2051 2166 2054 —
2187 2039 2209 2060 5.
2229 2037 2277 2060 Ms.
2294 2044 2300 2060 τ

438 2089 449 2103 α
466 2083 555 2103 nostre
569 2088 590 2104 υ.
607 2094 638 2098 -—
651 2082 673 2104 6.
691 2081 711 2104 l.
727 2089 749 2104 e.
763 2081 881 2112 quilibet.
893 2095 924 2098 —
938 2082 957 2104 7.
975 2082 1024 2104 Ms.
1042 2085 1068 2104 et
1082 2082 1121 2104 ed.
1138 2090 1143 2104 ·.
1161 2091 1174 2103 α
1192 2090 1237 2104 nec
1255 2090 1315 2105 nom
1331 2092 1354 2105 n.

443 2259 581 2296 1361.
605 2268 780 2295 Deliberatio
801 2270 998 2296 Universitatis
1021 2270 1056 2296 de
1068 2279 1163 2306 poena
1180 2270 1310 2297 librariis
1326 2271 1493 2306 infligenda,
1512 2271 1561 2307 qui
1582 2272 1610 2297 in
1634 2271 1793 2297 venditione
1809 2271 1945 2296 librorum
1966 2279 2021 2296 non
2040 2270 2114 2296 satis
2134 2269 2263 2305 fideliter·
2275 2277 2307 2296 se

523 2321 632 2349 gerunt.

1598 2379 1674 2408 1370,
1689 2377 1835 2404 Novembris
1846 2378 1890 2406 23.
1906 2377 2020 2404 Pal-ielis.

529 2480 635 2511 Anno
658 2481 801 2512 Domini
826 2482 907 2514 1370
928 2483 1213 2526 congregatione
1237 2483 1490 2515 Universitatis
1520 2482 1683 2527 generali
1713 2483 1802 2515 facta
1823 2482 1918 2527 apud
1945 2482 1979 2515 S.
2003 2482 2222 2514 Maturinum
2244 2486 2309 2526 per

435 2546 679 2589 juramentum
701 2548 743 2579 23
764 2547 990 2588 Novembris,
1014 2555 1132 2580 rector
1154 2549 1245 2581 duos
1266 2549 1439 2582 articulos
1461 2549 1653 2594 proposuit
1675 2549 1808 2582 ibidem
1833 2548 2142 2582 determinandos.
2166 2547 2309 2580 Primus

440 2611 612 2644 articulus
633 2613 710 2653 fuit,
729 2624 839 2657 super
855 2614 1042 2657 punitione
1064 2614 1293 2647 librariorum
1313 2615 1603 2660 delinquentium
1625 2615 1661 2647 in
1680 2615 1756 2648 suis
1774 2615 1903 2648 officiis
1924 2615 2060 2659 injuste
2080 2613 2307 2659 gubernatis,

441 2677 574 2721 quibus
595 2679 767 2711 correctis
795 2691 905 2724 super
926 2692 1049 2712 eorum
1078 2681 1314 2722 admissione,
1338 2688 1370 2714 et
1401 2688 1605 2714 ceterorum
1636 2681 1840 2714 consimilia
1870 2681 2078 2714 habentium
2111 2680 2238 2721 officia,
2265 2679 2309 2712 ad

442 2744 711 2777 renovationem
734 2745 947 2778 audiendam
964 2747 1252 2790 juramentorum
1275 2759 1385 2792 super
1402 2747 1690 2792 obligationibus
1712 2748 1790 2780 suis
1811 2748 2058 2792 fidejussoriis
2081 2745 2309 2786 exhibendis,
2339 2739 2342 2742 ’

443 2822 460 2842 a
489 2810 780 2855 quibuscumque
811 2811 952 2856 aliquos
984 2813 1190 2857 receperint
1222 2813 1336 2846 libros
1366 2814 1593 2846 vendendos.
1626 2814 1693 2847 Cui
1726 2814 1877 2846 articulo
1909 2826 1988 2846 cum
2027 2813 2103 2846 suis
2137 2811 2310 2845 membris

443 2876 630 2909 servandis
658 2877 752 2909 natio
774 2884 896 2910 nostra
917 2877 1153 2911 deliberando
1175 2879 1406 2912 assentiebat.
1435 2880 1624 2913 Secundus
1650 2880 1825 2913 articulus
1851 2891 2080 2913 concernens
2104 2878 2312 2924 appellatio-
