<?xml version="1.0" encoding="UTF-8"?>
<!DOCTYPE html PUBLIC "-//W3C//DTD XHTML 1.0 Transitional//EN"
    "http://www.w3.org/TR/xhtml1/DTD/xhtml1-transitional.dtd">
<html xmlns="http://www.w3.org/1999/xhtml" xml:lang="en" lang="en">
 <head>
  <title>
</title>
<meta http-equiv="Content-Type" content="text/html;charset=utf-8" />
  <meta name='ocr-system' content='tesseract 3.04.00' />
  <meta name='ocr-capabilities' content='ocr_page ocr_carea ocr_par ocr_line ocrx_word'/>
</head>
<body>
  <div class='ocr_page' id='page_1' title='image "auctariumchartul03univuoft_0691.png"; bbox 0 0 2488 3386; ppageno 0'>
   <div class='ocr_carea' id='block_1_1' title="bbox 886 333 2068 366">
    <p class='ocr_par' dir='ltr' id='par_1_1' title="bbox 886 333 2068 366">
     <span class='ocr_line' id='line_1_1' title="bbox 886 333 2068 366; baseline 0 -1"><span class='ocrx_word' id='word_1_1' title='bbox 886 344 1064 365; x_wconf 57' lang='lat' dir='ltr'><strong>s&#39;m&#39;ru&#39;ra</strong></span> <span class='ocrx_word' id='word_1_2' title='bbox 1098 344 1179 366; x_wconf 75' lang='lat' dir='ltr'><strong>FAC.</strong></span> <span class='ocrx_word' id='word_1_3' title='bbox 1217 344 1384 365; x_wconf 81' lang='lat' dir='ltr'><strong>DECRET.</strong></span> <span class='ocrx_word' id='word_1_4' title='bbox 2003 333 2068 365; x_wconf 85' lang='lat'><strong>643</strong></span> 
     </span>
    </p>
   </div>
   <div class='ocr_carea' id='block_1_2' title="bbox 203 417 2070 582">
    <p class='ocr_par' dir='ltr' id='par_1_2' title="bbox 203 417 2070 582">
     <span class='ocr_line' id='line_1_2' title="bbox 203 417 2068 449; baseline -0.001 -8"><span class='ocrx_word' id='word_1_5' title='bbox 203 426 229 449; x_wconf 91' lang='lat' dir='ltr'><strong>p.</strong></span> <span class='ocrx_word' id='word_1_6' title='bbox 244 419 300 442; x_wconf 82' lang='grc'>503.</span> <span class='ocrx_word' id='word_1_7' title='bbox 313 431 344 435; x_wconf 90' lang='grc'>-</span> <span class='ocrx_word' id='word_1_8' title='bbox 356 419 378 440; x_wconf 87' lang='grc'><strong>3.</strong></span> <span class='ocrx_word' id='word_1_9' title='bbox 394 417 470 446; x_wconf 85' lang='lat' dir='ltr'><strong>lbid.,</strong></span> <span class='ocrx_word' id='word_1_10' title='bbox 484 426 511 449; x_wconf 87' lang='lat' dir='ltr'><strong>p.</strong></span> <span class='ocrx_word' id='word_1_11' title='bbox 526 419 580 441; x_wconf 76' lang='lat'><strong>504.</strong></span> <span class='ocrx_word' id='word_1_12' title='bbox 595 431 626 436; x_wconf 91' lang='lat'><strong>·—-</strong></span> <span class='ocrx_word' id='word_1_13' title='bbox 639 419 662 441; x_wconf 73' lang='lat'><strong>1¹.</strong></span> <span class='ocrx_word' id='word_1_14' title='bbox 680 418 756 446; x_wconf 63' lang='lat' dir='ltr'><strong>ibid„</strong></span> <span class='ocrx_word' id='word_1_15' title='bbox 772 426 799 449; x_wconf 88' lang='lat' dir='ltr'><strong>p.</strong></span> <span class='ocrx_word' id='word_1_16' title='bbox 816 419 870 441; x_wconf 84' lang='lat'><strong>503.</strong></span> <span class='ocrx_word' id='word_1_17' title='bbox 884 431 914 435; x_wconf 92' lang='lat'>—</span> <span class='ocrx_word' id='word_1_18' title='bbox 929 420 952 441; x_wconf 87' lang='grc'><strong>5.</strong></span> <span class='ocrx_word' id='word_1_19' title='bbox 966 418 1024 441; x_wconf 87' lang='lat' dir='ltr'><strong>Vid.</strong></span> <span class='ocrx_word' id='word_1_20' title='bbox 1043 418 1184 447; x_wconf 57' lang='lat' dir='ltr'><strong>Chartul„</strong></span> <span class='ocrx_word' id='word_1_21' title='bbox 1200 418 1244 445; x_wconf 86' lang='grc'>111,</span> <span class='ocrx_word' id='word_1_22' title='bbox 1262 426 1288 448; x_wconf 87' lang='lat' dir='ltr'><strong>p.</strong></span> <span class='ocrx_word' id='word_1_23' title='bbox 1304 418 1357 446; x_wconf 68' lang='lat'><strong>443,</strong></span> <span class='ocrx_word' id='word_1_24' title='bbox 1373 421 1398 440; x_wconf 89' lang='lat' dir='ltr'><strong>et</strong></span> <span class='ocrx_word' id='word_1_25' title='bbox 1413 418 1444 446; x_wconf 89' lang='lat' dir='ltr'><strong>Il,</strong></span> <span class='ocrx_word' id='word_1_26' title='bbox 1463 426 1490 449; x_wconf 86' lang='lat' dir='ltr'><strong>p.</strong></span> <span class='ocrx_word' id='word_1_27' title='bbox 1507 419 1560 441; x_wconf 68' lang='lat'><strong>504.</strong></span> <span class='ocrx_word' id='word_1_28' title='bbox 1576 418 1669 441; x_wconf 88' lang='lat' dir='ltr'><strong>Forma</strong></span> <span class='ocrx_word' id='word_1_29' title='bbox 1685 418 1873 440; x_wconf 83' lang='lat' dir='ltr'><strong>sententiarum</strong></span> <span class='ocrx_word' id='word_1_30' title='bbox 1888 420 1914 440; x_wconf 78' lang='lat' dir='ltr'><strong>et.</strong></span> <span class='ocrx_word' id='word_1_31' title='bbox 1928 417 2068 440; x_wconf 77' lang='lat' dir='ltr'><strong>verborum</strong></span> 
     </span>
     <span class='ocr_line' id='line_1_3' title="bbox 203 462 2068 493; baseline -0.001 -8"><span class='ocrx_word' id='word_1_32' title='bbox 203 470 285 493; x_wconf 80' lang='lat' dir='ltr'><strong>supra</strong></span> <span class='ocrx_word' id='word_1_33' title='bbox 304 462 401 493; x_wconf 89' lang='lat' dir='ltr'><strong>partim</strong></span> <span class='ocrx_word' id='word_1_34' title='bbox 419 466 458 486; x_wconf 86' lang='lat' dir='ltr'><strong>est</strong></span> <span class='ocrx_word' id='word_1_35' title='bbox 474 462 637 493; x_wconf 77' lang='lat' dir='ltr'><strong>tempestatis</strong></span> <span class='ocrx_word' id='word_1_36' title='bbox 654 462 787 486; x_wconf 87' lang='lat' dir='ltr'><strong>Gnillelmi</strong></span> <span class='ocrx_word' id='word_1_37' title='bbox 803 463 874 485; x_wconf 78' lang='lat' dir='ltr'><strong>card.</strong></span> <span class='ocrx_word' id='word_1_38' title='bbox 896 463 927 485; x_wconf 89' lang='lat' dir='ltr'><strong>de</strong></span> <span class='ocrx_word' id='word_1_39' title='bbox 943 462 1124 485; x_wconf 87' lang='lat' dir='ltr'><strong>Estonteville.</strong></span> <span class='ocrx_word' id='word_1_40' title='bbox 1138 475 1168 479; x_wconf 91' lang='lat'>—</span> <span class='ocrx_word' id='word_1_41' title='bbox 1181 463 1204 485; x_wconf 83' lang='grc'><strong>6,</strong></span> <span class='ocrx_word' id='word_1_42' title='bbox 1225 462 1361 491; x_wconf 70' lang='grc' dir='ltr'><strong>Οὴανηιῖ.,</strong></span> <span class='ocrx_word' id='word_1_43' title='bbox 1378 463 1411 490; x_wconf 85' lang='lat' dir='ltr'><strong>II,</strong></span> <span class='ocrx_word' id='word_1_44' title='bbox 1429 467 1456 484; x_wconf 83' lang='grc' dir='ltr'><strong>11ο</strong></span> <span class='ocrx_word' id='word_1_45' title='bbox 1472 463 1542 491; x_wconf 83' lang='grc'>1191,</span> <span class='ocrx_word' id='word_1_46' title='bbox 1559 465 1619 485; x_wconf 83' lang='lat' dir='ltr'><strong>stat.</strong></span> <span class='ocrx_word' id='word_1_47' title='bbox 1638 462 1660 485; x_wconf 82' lang='grc'><strong>1.</strong></span> <span class='ocrx_word' id='word_1_48' title='bbox 1674 475 1705 480; x_wconf 95' lang='grc'>-</span> <span class='ocrx_word' id='word_1_49' title='bbox 1720 463 1742 485; x_wconf 90' lang='grc'><strong>7.</strong></span> <span class='ocrx_word' id='word_1_50' title='bbox 1758 462 1816 484; x_wconf 84' lang='lat' dir='ltr'><strong>vid.</strong></span> <span class='ocrx_word' id='word_1_51' title='bbox 1833 462 1907 490; x_wconf 86' lang='lat' dir='ltr'><strong>ibid.,</strong></span> <span class='ocrx_word' id='word_1_52' title='bbox 1925 465 1985 485; x_wconf 85' lang='lat' dir='ltr'><strong>stat.</strong></span> <span class='ocrx_word' id='word_1_53' title='bbox 2003 462 2026 484; x_wconf 82' lang='lat'><strong>2.</strong></span> <span class='ocrx_word' id='word_1_54' title='bbox 2041 475 2068 480; x_wconf 77' lang='lat'><em>-</em></span> 
     </span>
     <span class='ocr_line' id='line_1_4' title="bbox 204 506 2070 538; baseline -0.001 -8"><span class='ocrx_word' id='word_1_55' title='bbox 204 508 228 530; x_wconf 80' lang='lat'><strong>8.</strong></span> <span class='ocrx_word' id='word_1_56' title='bbox 243 506 309 530; x_wconf 81' lang='lat' dir='ltr'><strong>ibid.</strong></span> <span class='ocrx_word' id='word_1_57' title='bbox 327 520 354 524; x_wconf 93' lang='lat'><strong>—</strong></span> <span class='ocrx_word' id='word_1_58' title='bbox 368 508 391 529; x_wconf 83' lang='grc'><strong>9.</strong></span> <span class='ocrx_word' id='word_1_59' title='bbox 408 507 486 535; x_wconf 67' lang='lat' dir='ltr'><strong>ibid„</strong></span> <span class='ocrx_word' id='word_1_60' title='bbox 502 515 530 538; x_wconf 87' lang='lat' dir='ltr'><strong>p.</strong></span> <span class='ocrx_word' id='word_1_61' title='bbox 545 508 598 535; x_wconf 72' lang='lat'><strong>504,</strong></span> <span class='ocrx_word' id='word_1_62' title='bbox 613 507 737 536; x_wconf 74' lang='grc'><strong>01,111,110</strong></span> <span class='ocrx_word' id='word_1_63' title='bbox 751 507 821 530; x_wconf 82' lang='lat'><strong>1363.</strong></span> <span class='ocrx_word' id='word_1_64' title='bbox 835 520 866 524; x_wconf 97' lang='lat'><strong>—</strong></span> <span class='ocrx_word' id='word_1_65' title='bbox 879 507 918 530; x_wconf 89' lang='grc'><strong>10.</strong></span> <span class='ocrx_word' id='word_1_66' title='bbox 934 507 1050 534; x_wconf 86' lang='lat' dir='ltr'><strong>Vid.111,</strong></span> <span class='ocrx_word' id='word_1_67' title='bbox 1066 515 1094 538; x_wconf 87' lang='lat' dir='ltr'><strong>p.</strong></span> <span class='ocrx_word' id='word_1_68' title='bbox 1109 507 1165 530; x_wconf 75' lang='lat'><strong>426.</strong></span> <span class='ocrx_word' id='word_1_69' title='bbox 1176 519 1207 524; x_wconf 89' lang='lat'><em>-</em></span> <span class='ocrx_word' id='word_1_70' title='bbox 1221 506 1260 530; x_wconf 88' lang='lat'><strong>11.</strong></span> <span class='ocrx_word' id='word_1_71' title='bbox 1276 506 1334 530; x_wconf 85' lang='lat' dir='ltr'><strong>Vid.</strong></span> <span class='ocrx_word' id='word_1_72' title='bbox 1352 507 1384 534; x_wconf 85' lang='lat'><strong>11,</strong></span> <span class='ocrx_word' id='word_1_73' title='bbox 1401 515 1429 538; x_wconf 89' lang='lat' dir='ltr'><strong>p.</strong></span> <span class='ocrx_word' id='word_1_74' title='bbox 1445 507 1502 534; x_wconf 85' lang='lat'>708;</span> <span class='ocrx_word' id='word_1_75' title='bbox 1517 507 1561 535; x_wconf 79' lang='lat'><strong>111,</strong></span> <span class='ocrx_word' id='word_1_76' title='bbox 1577 507 1678 530; x_wconf 76' lang='lat'><strong>1101229</strong></span> <span class='ocrx_word' id='word_1_77' title='bbox 1691 510 1715 529; x_wconf 85' lang='lat' dir='ltr'><strong>et</strong></span> <span class='ocrx_word' id='word_1_78' title='bbox 1729 515 1756 537; x_wconf 86' lang='lat' dir='ltr'><strong>p.</strong></span> <span class='ocrx_word' id='word_1_79' title='bbox 1771 507 1827 536; x_wconf 81' lang='lat'><strong>430,</strong></span> <span class='ocrx_word' id='word_1_80' title='bbox 1843 506 1889 530; x_wconf 86' lang='lat' dir='ltr'><strong>lin.</strong></span> <span class='ocrx_word' id='word_1_81' title='bbox 1906 506 1965 529; x_wconf 93' lang='grc'><strong>1.-</strong></span> <span class='ocrx_word' id='word_1_82' title='bbox 1980 506 2017 529; x_wconf 81' lang='lat'><strong>12.</strong></span> <span class='ocrx_word' id='word_1_83' title='bbox 2034 506 2070 529; x_wconf 85' lang='lat' dir='ltr'><strong>Ut</strong></span> 
     </span>
     <span class='ocr_line' id='line_1_5' title="bbox 204 551 622 582; baseline 0 -8"><span class='ocrx_word' id='word_1_84' title='bbox 204 559 285 582; x_wconf 82' lang='lat' dir='ltr'><strong>supra</strong></span> <span class='ocrx_word' id='word_1_85' title='bbox 301 560 329 582; x_wconf 89' lang='lat' dir='ltr'><strong>p.</strong></span> <span class='ocrx_word' id='word_1_86' title='bbox 343 552 397 581; x_wconf 81' lang='lat'><strong>537,</strong></span> <span class='ocrx_word' id='word_1_87' title='bbox 413 551 497 574; x_wconf 82' lang='lat' dir='ltr'><strong>ultim.</strong></span> <span class='ocrx_word' id='word_1_88' title='bbox 513 559 622 582; x_wconf 78' lang='lat' dir='ltr'>paragr.</span> 
     </span>
    </p>
   </div>
   <div class='ocr_carea' id='block_1_3' title="bbox 208 722 1682 767">
    <p class='ocr_par' dir='ltr' id='par_1_3' title="bbox 208 722 1682 767">
     <span class='ocr_line' id='line_1_6' title="bbox 208 722 1682 767; baseline 0 -10"><span class='ocrx_word' id='word_1_89' title='bbox 208 722 349 759; x_wconf 81' lang='grc'>1698.</span> <span class='ocrx_word' id='word_1_90' title='bbox 373 740 387 756; x_wconf 67' lang='grc'><strong>1(</strong></span> <span class='ocrx_word' id='word_1_91' title='bbox 402 733 564 767; x_wconf 80' lang='lat' dir='ltr'><strong>Sequuntur</strong></span> <span class='ocrx_word' id='word_1_92' title='bbox 572 732 740 766; x_wconf 75' lang='lat' dir='ltr'><strong>juramenta</strong></span> <span class='ocrx_word' id='word_1_93' title='bbox 757 740 811 766; x_wconf 80' lang='lat' dir='ltr'><strong>que</strong></span> <span class='ocrx_word' id='word_1_94' title='bbox 828 731 931 757; x_wconf 74' lang='lat' dir='ltr'><strong>debent</strong></span> <span class='ocrx_word' id='word_1_95' title='bbox 942 735 1075 767; x_wconf 81' lang='lat' dir='ltr'><strong><em>prestare</em></strong></span> <span class='ocrx_word' id='word_1_96' title='bbox 1090 731 1215 757; x_wconf 82' lang='lat' dir='ltr'><em>admissi</em></span> <span class='ocrx_word' id='word_1_97' title='bbox 1229 731 1268 757; x_wconf 83' lang='lat' dir='ltr'><strong>ad</strong></span> <span class='ocrx_word' id='word_1_98' title='bbox 1282 731 1404 766; x_wconf 78' lang='lat' dir='ltr'><strong>gradum</strong></span> <span class='ocrx_word' id='word_1_99' title='bbox 1421 731 1646 757; x_wconf 78' lang='lat' dir='ltr'><strong>baccalariatus.</strong></span> <span class='ocrx_word' id='word_1_100' title='bbox 1669 742 1682 756; x_wconf 87' lang='lat'>»</span> 
     </span>
    </p>
   </div>
   <div class='ocr_carea' id='block_1_4' title="bbox 202 840 2076 2925">
    <p class='ocr_par' dir='ltr' id='par_1_4' title="bbox 202 840 2070 923">
     <span class='ocr_line' id='line_1_7' title="bbox 257 840 2070 874; baseline 0 -8"><span class='ocrx_word' id='word_1_101' title='bbox 257 845 260 849; x_wconf 87' lang='lat'>&#39;</span> <span class='ocrx_word' id='word_1_102' title='bbox 293 840 331 874; x_wconf 90' lang='lat'><strong>(1)</strong></span> <span class='ocrx_word' id='word_1_103' title='bbox 352 840 450 866; x_wconf 90' lang='lat' dir='ltr'><strong>Primo</strong></span> <span class='ocrx_word' id='word_1_104' title='bbox 466 840 601 873; x_wconf 75' lang='lat' dir='ltr'>jurabitis</span> <span class='ocrx_word' id='word_1_105' title='bbox 620 841 823 868; x_wconf 84' lang='lat' dir='ltr'><strong>reverentiam.</strong></span> <span class='ocrx_word' id='word_1_106' title='bbox 844 841 1039 867; x_wconf 68' lang='lat' dir='ltr'>obedientiam</span> <span class='ocrx_word' id='word_1_107' title='bbox 1061 842 1089 867; x_wconf 90' lang='grc'><strong>01</strong></span> <span class='ocrx_word' id='word_1_108' title='bbox 1111 842 1254 867; x_wconf 83' lang='lat' dir='ltr'>honorem</span> <span class='ocrx_word' id='word_1_109' title='bbox 1274 841 1386 867; x_wconf 83' lang='lat' dir='ltr'><strong>exibere</strong></span> <span class='ocrx_word' id='word_1_110' title='bbox 1407 841 1517 866; x_wconf 90' lang='lat' dir='ltr'><strong>decano</strong></span> <span class='ocrx_word' id='word_1_111' title='bbox 1536 842 1565 866; x_wconf 88' lang='lat' dir='ltr'><strong>ct</strong></span> <span class='ocrx_word' id='word_1_112' title='bbox 1583 840 1702 873; x_wconf 80' lang='lat' dir='ltr'><strong>collegio</strong></span> <span class='ocrx_word' id='word_1_113' title='bbox 1717 848 1748 866; x_wconf 92' lang='lat' dir='ltr'><strong>ac</strong></span> <span class='ocrx_word' id='word_1_114' title='bbox 1763 840 1884 873; x_wconf 84' lang='lat' dir='ltr'><strong>singulis</strong></span> <span class='ocrx_word' id='word_1_115' title='bbox 1904 840 2070 866; x_wconf 79' lang='lat' dir='ltr'><strong>doctoribus</strong></span> 
     </span>
     <span class='ocr_line' id='line_1_8' title="bbox 202 889 1534 923; baseline 0.001 -9"><span class='ocrx_word' id='word_1_116' title='bbox 202 889 345 915; x_wconf 85' lang='lat' dir='ltr'><strong>facultatis</strong></span> <span class='ocrx_word' id='word_1_117' title='bbox 361 889 561 919; x_wconf 88' lang='lat' dir='ltr'><strong>Decretorum,</strong></span> <span class='ocrx_word' id='word_1_118' title='bbox 578 890 758 922; x_wconf 79' lang='lat' dir='ltr'><strong>presentibus</strong></span> <span class='ocrx_word' id='word_1_119' title='bbox 771 891 799 915; x_wconf 82' lang='lat' dir='ltr'><strong>et</strong></span> <span class='ocrx_word' id='word_1_120' title='bbox 812 890 927 919; x_wconf 78' lang='lat' dir='ltr'><strong>futuris,</strong></span> <span class='ocrx_word' id='word_1_121' title='bbox 944 890 979 915; x_wconf 89' lang='lat' dir='ltr'><strong>ad</strong></span> <span class='ocrx_word' id='word_1_122' title='bbox 995 898 1216 923; x_wconf 89' lang='lat' dir='ltr'><strong>quemcumque</strong></span> <span class='ocrx_word' id='word_1_123' title='bbox 1229 892 1338 915; x_wconf 88' lang='lat' dir='ltr'><strong>statum</strong></span> <span class='ocrx_word' id='word_1_124' title='bbox 1353 890 1534 915; x_wconf 81' lang='lat' dir='ltr'><strong>deveneritis.</strong></span> 
     </span>
    </p>

    <p class='ocr_par' dir='ltr' id='par_1_5' title="bbox 204 937 2070 1070">
     <span class='ocr_line' id='line_1_9' title="bbox 293 937 2070 972; baseline 0 -9"><span class='ocrx_word' id='word_1_125' title='bbox 293 937 331 972; x_wconf 81' lang='lat'><strong>(2)</strong></span> <span class='ocrx_word' id='word_1_126' title='bbox 347 938 420 963; x_wconf 91' lang='lat' dir='ltr'><strong>Item</strong></span> <span class='ocrx_word' id='word_1_127' title='bbox 440 940 557 967; x_wconf 86' lang='lat' dir='ltr'><strong>statuta,</strong></span> <span class='ocrx_word' id='word_1_128' title='bbox 576 938 654 972; x_wconf 89' lang='lat' dir='ltr'><strong>jura,</strong></span> <span class='ocrx_word' id='word_1_129' title='bbox 678 939 834 966; x_wconf 77' lang='lat' dir='ltr'><strong>libertates,</strong></span> <span class='ocrx_word' id='word_1_130' title='bbox 860 939 1059 964; x_wconf 76' lang='lat' dir='ltr'><strong>conclusiones</strong></span> <span class='ocrx_word' id='word_1_131' title='bbox 1073 940 1101 965; x_wconf 87' lang='lat' dir='ltr'><strong>et</strong></span> <span class='ocrx_word' id='word_1_132' title='bbox 1126 939 1290 967; x_wconf 85' lang='lat' dir='ltr'><strong>sententias.</strong></span> <span class='ocrx_word' id='word_1_133' title='bbox 1312 938 1508 964; x_wconf 89' lang='lat' dir='ltr'><strong>ordinationes</strong></span> <span class='ocrx_word' id='word_1_134' title='bbox 1526 940 1554 964; x_wconf 91' lang='grc'><strong>01</strong></span> <span class='ocrx_word' id='word_1_135' title='bbox 1574 938 1798 964; x_wconf 88' lang='lat' dir='ltr'><strong>consuetudines</strong></span> <span class='ocrx_word' id='word_1_136' title='bbox 1817 938 1974 964; x_wconf 80' lang='lat' dir='ltr'><strong>laudabiles</strong></span> <span class='ocrx_word' id='word_1_137' title='bbox 1995 938 2070 964; x_wconf 85' lang='lat' dir='ltr'><strong>dicte</strong></span> 
     </span>
     <span class='ocr_line' id='line_1_10' title="bbox 205 987 2070 1020; baseline 0.001 -8"><span class='ocrx_word' id='word_1_138' title='bbox 205 987 348 1013; x_wconf 74' lang='lat' dir='ltr'><strong>facultatis</strong></span> <span class='ocrx_word' id='word_1_139' title='bbox 369 987 510 1013; x_wconf 87' lang='lat' dir='ltr'><strong>hactenus</strong></span> <span class='ocrx_word' id='word_1_140' title='bbox 532 987 703 1017; x_wconf 77' lang='lat' dir='ltr'><strong>observatas,</strong></span> <span class='ocrx_word' id='word_1_141' title='bbox 721 987 756 1012; x_wconf 91' lang='lat' dir='ltr'><strong>ad</strong></span> <span class='ocrx_word' id='word_1_142' title='bbox 777 995 998 1020; x_wconf 89' lang='lat' dir='ltr'><strong>quemcumque</strong></span> <span class='ocrx_word' id='word_1_143' title='bbox 1018 989 1127 1013; x_wconf 87' lang='lat' dir='ltr'><strong>statum</strong></span> <span class='ocrx_word' id='word_1_144' title='bbox 1143 996 1191 1013; x_wconf 92' lang='lat' dir='ltr'><strong>vos</strong></span> <span class='ocrx_word' id='word_1_145' title='bbox 1210 987 1365 1020; x_wconf 87' lang='lat' dir='ltr'><strong>contigerit</strong></span> <span class='ocrx_word' id='word_1_146' title='bbox 1379 987 1522 1016; x_wconf 82' lang='lat' dir='ltr'><strong>devenire,</strong></span> <span class='ocrx_word' id='word_1_147' title='bbox 1540 987 1630 1012; x_wconf 88' lang='lat' dir='ltr'><strong>illesas</strong></span> <span class='ocrx_word' id='word_1_148' title='bbox 1645 989 1673 1013; x_wconf 86' lang='grc'><strong>01</strong></span> <span class='ocrx_word' id='word_1_149' title='bbox 1688 987 1766 1013; x_wconf 87' lang='grc'>1110511</span> <span class='ocrx_word' id='word_1_150' title='bbox 1781 995 1901 1013; x_wconf 86' lang='lat' dir='ltr'><strong>servare.</strong></span> <span class='ocrx_word' id='word_1_151' title='bbox 1918 995 1970 1013; x_wconf 82' lang='lat' dir='ltr'><strong>nec</strong></span> <span class='ocrx_word' id='word_1_152' title='bbox 1985 987 2070 1013; x_wconf 78' lang='lat' dir='ltr'><strong>tacite</strong></span> 
     </span>
     <span class='ocr_line' id='line_1_11' title="bbox 204 1036 1840 1070; baseline -0.001 -9"><span class='ocrx_word' id='word_1_153' title='bbox 204 1036 249 1062; x_wconf 85' lang='lat' dir='ltr'><strong>vel</strong></span> <span class='ocrx_word' id='word_1_154' title='bbox 263 1044 402 1069; x_wconf 77' lang='lat' dir='ltr'><strong>expresse,</strong></span> <span class='ocrx_word' id='word_1_155' title='bbox 420 1036 527 1062; x_wconf 84' lang='lat' dir='ltr'><strong>directe</strong></span> <span class='ocrx_word' id='word_1_156' title='bbox 540 1036 582 1062; x_wconf 70' lang='lat' dir='ltr'><strong>vel</strong></span> <span class='ocrx_word' id='word_1_157' title='bbox 598 1037 748 1065; x_wconf 79' lang='lat' dir='ltr'><strong>indirecte,</strong></span> <span class='ocrx_word' id='word_1_158' title='bbox 765 1044 816 1070; x_wconf 88' lang='lat' dir='ltr'><strong>per</strong></span> <span class='ocrx_word' id='word_1_159' title='bbox 829 1044 877 1062; x_wconf 88' lang='lat' dir='ltr'><strong>vos</strong></span> <span class='ocrx_word' id='word_1_160' title='bbox 892 1037 935 1062; x_wconf 87' lang='lat' dir='ltr'><strong>vel</strong></span> <span class='ocrx_word' id='word_1_161' title='bbox 950 1044 1001 1070; x_wconf 89' lang='lat' dir='ltr'><strong>per</strong></span> <span class='ocrx_word' id='word_1_162' title='bbox 1014 1037 1116 1066; x_wconf 76' lang='lat' dir='ltr'><strong>alium,</strong></span> <span class='ocrx_word' id='word_1_163' title='bbox 1130 1037 1227 1069; x_wconf 89' lang='lat' dir='ltr'><strong>palam</strong></span> <span class='ocrx_word' id='word_1_164' title='bbox 1241 1037 1284 1062; x_wconf 86' lang='lat' dir='ltr'><strong>vel</strong></span> <span class='ocrx_word' id='word_1_165' title='bbox 1299 1037 1421 1066; x_wconf 86' lang='lat' dir='ltr'><strong>occulte,</strong></span> <span class='ocrx_word' id='word_1_166' title='bbox 1438 1036 1497 1069; x_wconf 88' lang='lat' dir='ltr'><strong>ipsa</strong></span> <span class='ocrx_word' id='word_1_167' title='bbox 1513 1036 1556 1061; x_wconf 76' lang='lat' dir='ltr'><strong>vel</strong></span> <span class='ocrx_word' id='word_1_168' title='bbox 1569 1036 1642 1069; x_wconf 88' lang='lat' dir='ltr'><strong>ipsas</strong></span> <span class='ocrx_word' id='word_1_169' title='bbox 1657 1036 1840 1069; x_wconf 80' lang='lat' dir='ltr'><strong>impugnare.</strong></span> 
     </span>
    </p>

    <p class='ocr_par' dir='ltr' id='par_1_6' title="bbox 206 1082 2071 1167">
     <span class='ocr_line' id='line_1_12' title="bbox 297 1082 2071 1118; baseline 0 -8"><span class='ocrx_word' id='word_1_170' title='bbox 297 1085 333 1117; x_wconf 79' lang='lat'><strong>(3)</strong></span> <span class='ocrx_word' id='word_1_171' title='bbox 347 1085 420 1110; x_wconf 91' lang='lat' dir='ltr'><strong>Item</strong></span> <span class='ocrx_word' id='word_1_172' title='bbox 434 1087 550 1110; x_wconf 76' lang='lat' dir='ltr'><strong>vocatus</strong></span> <span class='ocrx_word' id='word_1_173' title='bbox 566 1093 616 1118; x_wconf 90' lang='lat' dir='ltr'><strong>per</strong></span> <span class='ocrx_word' id='word_1_174' title='bbox 631 1085 773 1111; x_wconf 90' lang='lat' dir='ltr'><strong>bidellum</strong></span> <span class='ocrx_word' id='word_1_175' title='bbox 789 1085 832 1111; x_wconf 82' lang='lat' dir='ltr'><strong>vel</strong></span> <span class='ocrx_word' id='word_1_176' title='bbox 848 1086 1045 1111; x_wconf 85' lang='lat' dir='ltr'><strong>subbidellum</strong></span> <span class='ocrx_word' id='word_1_177' title='bbox 1062 1085 1215 1113; x_wconf 81' lang='lat' dir='ltr'><strong>facultatis.</strong></span> <span class='ocrx_word' id='word_1_178' title='bbox 1232 1085 1320 1111; x_wconf 91' lang='lat' dir='ltr'><strong>etiam</strong></span> <span class='ocrx_word' id='word_1_179' title='bbox 1334 1085 1393 1111; x_wconf 91' lang='lat' dir='ltr'><strong>solo</strong></span> <span class='ocrx_word' id='word_1_180' title='bbox 1408 1085 1469 1111; x_wconf 82' lang='lat' dir='ltr'><strong>vive</strong></span> <span class='ocrx_word' id='word_1_181' title='bbox 1484 1085 1558 1110; x_wconf 78' lang='lat' dir='ltr'><strong>vocis</strong></span> <span class='ocrx_word' id='word_1_182' title='bbox 1573 1085 1700 1114; x_wconf 80' lang='lat' dir='ltr'><strong>oraculo,</strong></span> <span class='ocrx_word' id='word_1_183' title='bbox 1717 1082 1815 1110; x_wconf 81' lang='lat' dir='ltr'><strong>coram</strong></span> <span class='ocrx_word' id='word_1_184' title='bbox 1827 1085 1909 1111; x_wconf 87' lang='grc'>(110115</span> <span class='ocrx_word' id='word_1_185' title='bbox 1922 1085 2031 1111; x_wconf 86' lang='lat' dir='ltr'><strong>decano</strong></span> <span class='ocrx_word' id='word_1_186' title='bbox 2044 1086 2071 1111; x_wconf 89' lang='lat' dir='ltr'><strong>et</strong></span> 
     </span>
     <span class='ocr_line' id='line_1_13' title="bbox 206 1133 1815 1167; baseline -0.001 -8"><span class='ocrx_word' id='word_1_187' title='bbox 206 1133 327 1166; x_wconf 84' lang='lat' dir='ltr'><strong>collegio</strong></span> <span class='ocrx_word' id='word_1_188' title='bbox 342 1141 543 1166; x_wconf 72' lang='lat' dir='ltr'><strong>responsurus,</strong></span> <span class='ocrx_word' id='word_1_189' title='bbox 560 1134 763 1167; x_wconf 81' lang='lat' dir='ltr'><strong>comparebitis</strong></span> <span class='ocrx_word' id='word_1_190' title='bbox 776 1134 965 1166; x_wconf 72' lang='lat' dir='ltr'><strong>personaliter</strong></span> <span class='ocrx_word' id='word_1_191' title='bbox 980 1135 1008 1160; x_wconf 87' lang='lat' dir='ltr'><strong>et</strong></span> <span class='ocrx_word' id='word_1_192' title='bbox 1023 1134 1191 1167; x_wconf 88' lang='lat' dir='ltr'><strong>objiciendis</strong></span> <span class='ocrx_word' id='word_1_193' title='bbox 1203 1142 1235 1159; x_wconf 87' lang='lat' dir='ltr'><strong>ac</strong></span> <span class='ocrx_word' id='word_1_194' title='bbox 1251 1134 1382 1167; x_wconf 89' lang='lat' dir='ltr'><strong>petendis</strong></span> <span class='ocrx_word' id='word_1_195' title='bbox 1397 1133 1615 1166; x_wconf 80' lang='lat' dir='ltr'><strong>respondebitis.</strong></span> <span class='ocrx_word' id='word_1_196' title='bbox 1627 1133 1687 1166; x_wconf 88' lang='lat' dir='ltr'><strong>juri</strong></span> <span class='ocrx_word' id='word_1_197' title='bbox 1703 1133 1815 1159; x_wconf 89' lang='lat' dir='ltr'><strong>stando.</strong></span> 
     </span>
    </p>

    <p class='ocr_par' dir='ltr' id='par_1_7' title="bbox 295 1181 1963 1216">
     <span class='ocr_line' id='line_1_14' title="bbox 295 1181 1963 1216; baseline -0.001 -8"><span class='ocrx_word' id='word_1_198' title='bbox 295 1181 334 1216; x_wconf 71' lang='grc'><strong>(4)</strong></span> <span class='ocrx_word' id='word_1_199' title='bbox 350 1183 423 1208; x_wconf 82' lang='lat' dir='ltr'><strong>Item</strong></span> <span class='ocrx_word' id='word_1_200' title='bbox 436 1182 571 1215; x_wconf 81' lang='lat' dir='ltr'><strong>jurabitis</strong></span> <span class='ocrx_word' id='word_1_201' title='bbox 586 1183 748 1208; x_wconf 83' lang='lat' dir='ltr'><strong>satisfecisse</strong></span> <span class='ocrx_word' id='word_1_202' title='bbox 764 1183 871 1216; x_wconf 81' lang='lat' dir='ltr'><strong>legenti</strong></span> <span class='ocrx_word' id='word_1_203' title='bbox 884 1184 933 1208; x_wconf 90' lang='lat' dir='ltr'><strong>aut</strong></span> <span class='ocrx_word' id='word_1_204' title='bbox 950 1183 1052 1208; x_wconf 86' lang='lat' dir='ltr'><strong>saltem</strong></span> <span class='ocrx_word' id='word_1_205' title='bbox 1065 1183 1223 1208; x_wconf 79' lang='lat' dir='ltr'><strong>satisfacere</strong></span> <span class='ocrx_word' id='word_1_206' title='bbox 1238 1184 1397 1216; x_wconf 88' lang='lat' dir='ltr'><strong>antequam</strong></span> <span class='ocrx_word' id='word_1_207' title='bbox 1413 1182 1520 1208; x_wconf 87' lang='lat' dir='ltr'><strong>faciatis</strong></span> <span class='ocrx_word' id='word_1_208' title='bbox 1535 1182 1719 1215; x_wconf 88' lang='lat' dir='ltr'><strong>propositum</strong></span> <span class='ocrx_word' id='word_1_209' title='bbox 1735 1183 1778 1208; x_wconf 73' lang='lat' dir='ltr'><strong>vel</strong></span> <span class='ocrx_word' id='word_1_210' title='bbox 1794 1182 1963 1215; x_wconf 73' lang='lat' dir='ltr'><strong>harengum.</strong></span> 
     </span>
    </p>

    <p class='ocr_par' dir='ltr' id='par_1_8' title="bbox 209 1230 2073 1313">
     <span class='ocr_line' id='line_1_15' title="bbox 297 1230 2073 1265; baseline 0 -9"><span class='ocrx_word' id='word_1_211' title='bbox 297 1230 336 1265; x_wconf 82' lang='grc'><strong>(5)</strong></span> <span class='ocrx_word' id='word_1_212' title='bbox 352 1232 424 1257; x_wconf 83' lang='lat' dir='ltr'><strong>Item</strong></span> <span class='ocrx_word' id='word_1_213' title='bbox 441 1231 541 1264; x_wconf 82' lang='lat' dir='ltr'><strong>legetis</strong></span> <span class='ocrx_word' id='word_1_214' title='bbox 556 1231 586 1256; x_wconf 94' lang='grc'><strong>111</strong></span> <span class='ocrx_word' id='word_1_215' title='bbox 597 1231 711 1257; x_wconf 90' lang='grc'>(10001111</span> <span class='ocrx_word' id='word_1_216' title='bbox 725 1232 839 1261; x_wconf 88' lang='grc'>1111111111,</span> <span class='ocrx_word' id='word_1_217' title='bbox 855 1231 985 1257; x_wconf 75' lang='lat' dir='ltr'><strong>videlicet</strong></span> <span class='ocrx_word' id='word_1_218' title='bbox 1001 1232 1021 1257; x_wconf 92' lang='lat' dir='ltr'><strong>si</strong></span> <span class='ocrx_word' id='word_1_219' title='bbox 1037 1232 1097 1256; x_wconf 86' lang='lat' dir='ltr'><strong>sitis</strong></span> <span class='ocrx_word' id='word_1_220' title='bbox 1110 1231 1139 1256; x_wconf 92' lang='lat' dir='ltr'><strong>in</strong></span> <span class='ocrx_word' id='word_1_221' title='bbox 1154 1231 1237 1257; x_wconf 89' lang='lat' dir='ltr'><strong>sacris</strong></span> <span class='ocrx_word' id='word_1_222' title='bbox 1250 1231 1402 1257; x_wconf 89' lang='lat' dir='ltr'><strong>ordinibus</strong></span> <span class='ocrx_word' id='word_1_223' title='bbox 1413 1231 1599 1260; x_wconf 77' lang='lat' dir='ltr'><strong>constitutus,</strong></span> <span class='ocrx_word' id='word_1_224' title='bbox 1612 1231 1712 1264; x_wconf 84' lang='lat' dir='ltr'><strong>legetis</strong></span> <span class='ocrx_word' id='word_1_225' title='bbox 1727 1231 1756 1256; x_wconf 94' lang='lat' dir='ltr'><strong>in</strong></span> <span class='ocrx_word' id='word_1_226' title='bbox 1773 1239 1841 1264; x_wconf 87' lang='lat' dir='ltr'><strong>capa</strong></span> <span class='ocrx_word' id='word_1_227' title='bbox 1857 1231 1962 1259; x_wconf 77' lang='lat' dir='ltr'><strong>clausa.</strong></span> <span class='ocrx_word' id='word_1_228' title='bbox 1977 1231 1999 1256; x_wconf 90' lang='lat' dir='ltr'><strong>si</strong></span> <span class='ocrx_word' id='word_1_229' title='bbox 2014 1239 2073 1257; x_wconf 89' lang='lat' dir='ltr'><strong>non</strong></span> 
     </span>
     <span class='ocr_line' id='line_1_16' title="bbox 209 1280 1281 1313; baseline -0.001 -7"><span class='ocrx_word' id='word_1_230' title='bbox 209 1280 239 1306; x_wconf 89' lang='lat' dir='ltr'><strong>in</strong></span> <span class='ocrx_word' id='word_1_231' title='bbox 253 1280 338 1305; x_wconf 87' lang='lat' dir='ltr'><strong>sacris</strong></span> <span class='ocrx_word' id='word_1_232' title='bbox 350 1280 512 1310; x_wconf 81' lang='lat' dir='ltr'><strong>ordinibus,</strong></span> <span class='ocrx_word' id='word_1_233' title='bbox 529 1281 559 1306; x_wconf 92' lang='lat' dir='ltr'><strong>in</strong></span> <span class='ocrx_word' id='word_1_234' title='bbox 573 1288 642 1313; x_wconf 87' lang='lat' dir='ltr'><strong>capa</strong></span> <span class='ocrx_word' id='word_1_235' title='bbox 656 1282 757 1313; x_wconf 80' lang='lat' dir='ltr'><strong>rugata</strong></span> <span class='ocrx_word' id='word_1_236' title='bbox 770 1281 854 1313; x_wconf 85' lang='lat' dir='ltr'><strong>juxta</strong></span> <span class='ocrx_word' id='word_1_237' title='bbox 870 1281 1113 1306; x_wconf 86' lang='lat' dir='ltr'><strong>consuetudinem</strong></span> <span class='ocrx_word' id='word_1_238' title='bbox 1128 1280 1281 1306; x_wconf 85' lang='lat' dir='ltr'><strong>facultatis.</strong></span> 
     </span>
    </p>

    <p class='ocr_par' dir='ltr' id='par_1_9' title="bbox 206 1328 2073 1410">
     <span class='ocr_line' id='line_1_17' title="bbox 296 1328 2073 1363; baseline 0 -9"><span class='ocrx_word' id='word_1_239' title='bbox 296 1328 334 1362; x_wconf 88' lang='grc'><strong>(6)</strong></span> <span class='ocrx_word' id='word_1_240' title='bbox 347 1330 420 1355; x_wconf 87' lang='grc'>110111</span> <span class='ocrx_word' id='word_1_241' title='bbox 435 1329 515 1362; x_wconf 85' lang='lat' dir='ltr'><strong>quod</strong></span> <span class='ocrx_word' id='word_1_242' title='bbox 528 1330 599 1354; x_wconf 87' lang='lat' dir='ltr'><strong>hora</strong></span> <span class='ocrx_word' id='word_1_243' title='bbox 615 1337 673 1362; x_wconf 85' lang='lat' dir='ltr'><strong>qua</strong></span> <span class='ocrx_word' id='word_1_244' title='bbox 687 1329 837 1355; x_wconf 83' lang='lat' dir='ltr'><strong>intenditis</strong></span> <span class='ocrx_word' id='word_1_245' title='bbox 852 1330 954 1362; x_wconf 79' lang='lat' dir='ltr'><strong>legere,</strong></span> <span class='ocrx_word' id='word_1_246' title='bbox 971 1329 1070 1355; x_wconf 86' lang='lat' dir='ltr'><strong>dicetis</strong></span> <span class='ocrx_word' id='word_1_247' title='bbox 1085 1329 1268 1363; x_wconf 86' lang='lat' dir='ltr'><strong>propositum</strong></span> <span class='ocrx_word' id='word_1_248' title='bbox 1286 1331 1424 1359; x_wconf 71' lang='lat' dir='ltr'><strong>vestrum,</strong></span> <span class='ocrx_word' id='word_1_249' title='bbox 1441 1329 1494 1354; x_wconf 88' lang='lat' dir='ltr'><strong>nisi</strong></span> <span class='ocrx_word' id='word_1_250' title='bbox 1510 1337 1560 1362; x_wconf 90' lang='lat' dir='ltr'><strong>per</strong></span> <span class='ocrx_word' id='word_1_251' title='bbox 1575 1329 1731 1362; x_wconf 79' lang='lat' dir='ltr'><strong>collegium</strong></span> <span class='ocrx_word' id='word_1_252' title='bbox 1753 1329 1901 1354; x_wconf 75' lang='lat' dir='ltr'><strong>vobiscum</strong></span> <span class='ocrx_word' id='word_1_253' title='bbox 1921 1329 2008 1354; x_wconf 89' lang='lat' dir='ltr'><strong>fuerit</strong></span> <span class='ocrx_word' id='word_1_254' title='bbox 2026 1329 2073 1355; x_wconf 89' lang='lat' dir='ltr'><strong>di-</strong></span> 
     </span>
     <span class='ocr_line' id='line_1_18' title="bbox 206 1379 385 1410; baseline 0 -7"><span class='ocrx_word' id='word_1_255' title='bbox 206 1379 385 1410; x_wconf 84' lang='lat' dir='ltr'><strong>spensatum.</strong></span> 
     </span>
    </p>

    <p class='ocr_par' dir='ltr' id='par_1_10' title="bbox 207 1426 2074 1558">
     <span class='ocr_line' id='line_1_19' title="bbox 296 1426 2074 1460; baseline 0 -8"><span class='ocrx_word' id='word_1_256' title='bbox 296 1426 333 1460; x_wconf 88' lang='lat'><strong>(7)</strong></span> <span class='ocrx_word' id='word_1_257' title='bbox 350 1427 423 1453; x_wconf 88' lang='lat' dir='ltr'><strong>Item</strong></span> <span class='ocrx_word' id='word_1_258' title='bbox 436 1427 516 1460; x_wconf 90' lang='lat' dir='ltr'><strong>quod</strong></span> <span class='ocrx_word' id='word_1_259' title='bbox 530 1427 605 1452; x_wconf 86' lang='lat' dir='ltr'><strong>infra</strong></span> <span class='ocrx_word' id='word_1_260' title='bbox 621 1427 791 1460; x_wconf 88' lang='lat' dir='ltr'><strong>quindecim</strong></span> <span class='ocrx_word' id='word_1_261' title='bbox 806 1427 865 1453; x_wconf 93' lang='lat' dir='ltr'><strong>dies</strong></span> <span class='ocrx_word' id='word_1_262' title='bbox 880 1427 964 1452; x_wconf 89' lang='lat' dir='ltr'><strong>utiles</strong></span> <span class='ocrx_word' id='word_1_263' title='bbox 977 1427 1075 1453; x_wconf 89' lang='lat' dir='ltr'><strong>dicetis</strong></span> <span class='ocrx_word' id='word_1_264' title='bbox 1091 1427 1275 1460; x_wconf 86' lang='lat' dir='ltr'><strong>propositum</strong></span> <span class='ocrx_word' id='word_1_265' title='bbox 1291 1428 1318 1452; x_wconf 91' lang='grc'><strong>01</strong></span> <span class='ocrx_word' id='word_1_266' title='bbox 1332 1427 1502 1459; x_wconf 81' lang='lat' dir='ltr'><strong>harengam,</strong></span> <span class='ocrx_word' id='word_1_267' title='bbox 1520 1427 1573 1452; x_wconf 87' lang='lat' dir='ltr'><strong>nisi</strong></span> <span class='ocrx_word' id='word_1_268' title='bbox 1589 1434 1640 1460; x_wconf 83' lang='lat' dir='ltr'><strong>per</strong></span> <span class='ocrx_word' id='word_1_269' title='bbox 1651 1426 1807 1459; x_wconf 80' lang='lat' dir='ltr'><strong>collegium</strong></span> <span class='ocrx_word' id='word_1_270' title='bbox 1822 1427 1971 1452; x_wconf 86' lang='lat' dir='ltr'><strong>vobiscum</strong></span> <span class='ocrx_word' id='word_1_271' title='bbox 1989 1427 2074 1453; x_wconf 88' lang='lat' dir='ltr'><strong>fuerit</strong></span> 
     </span>
     <span class='ocr_line' id='line_1_20' title="bbox 207 1475 2072 1509; baseline 0 -8"><span class='ocrx_word' id='word_1_272' title='bbox 207 1475 417 1508; x_wconf 85' lang='lat' dir='ltr'><strong>dispensatum.</strong></span> <span class='ocrx_word' id='word_1_273' title='bbox 441 1476 497 1508; x_wconf 90' lang='lat' dir='ltr'><strong>Qui</strong></span> <span class='ocrx_word' id='word_1_274' title='bbox 519 1476 579 1501; x_wconf 88' lang='lat' dir='ltr'><strong>dies</strong></span> <span class='ocrx_word' id='word_1_275' title='bbox 600 1478 777 1509; x_wconf 86' lang='lat' dir='ltr'><strong>reputantur</strong></span> <span class='ocrx_word' id='word_1_276' title='bbox 793 1476 888 1506; x_wconf 88' lang='lat' dir='ltr'><strong>utiles,</strong></span> <span class='ocrx_word' id='word_1_277' title='bbox 906 1476 935 1501; x_wconf 94' lang='lat' dir='ltr'><strong>in</strong></span> <span class='ocrx_word' id='word_1_278' title='bbox 956 1476 1064 1509; x_wconf 89' lang='lat' dir='ltr'><strong>quibus</strong></span> <span class='ocrx_word' id='word_1_279' title='bbox 1080 1476 1243 1501; x_wconf 88' lang='lat' dir='ltr'><strong>secundum</strong></span> <span class='ocrx_word' id='word_1_280' title='bbox 1263 1476 1397 1501; x_wconf 85' lang='lat' dir='ltr'><strong>ordinem</strong></span> <span class='ocrx_word' id='word_1_281' title='bbox 1413 1475 1574 1500; x_wconf 85' lang='lat' dir='ltr'><strong>Kalendarii</strong></span> <span class='ocrx_word' id='word_1_282' title='bbox 1590 1477 1684 1508; x_wconf 87' lang='lat' dir='ltr'><strong>posset</strong></span> <span class='ocrx_word' id='word_1_283' title='bbox 1699 1476 1795 1509; x_wconf 74' lang='lat' dir='ltr'><strong>logici</strong></span> <span class='ocrx_word' id='word_1_284' title='bbox 1813 1477 1883 1501; x_wconf 85' lang='lat' dir='ltr'><strong>esset</strong></span> <span class='ocrx_word' id='word_1_285' title='bbox 1903 1476 2072 1508; x_wconf 80' lang='lat' dir='ltr'><strong>legendum,</strong></span> 
     </span>
     <span class='ocr_line' id='line_1_21' title="bbox 208 1524 1672 1558; baseline -0.001 -8"><span class='ocrx_word' id='word_1_286' title='bbox 208 1524 341 1558; x_wconf 87' lang='lat' dir='ltr'><strong>quamvis</strong></span> <span class='ocrx_word' id='word_1_287' title='bbox 356 1525 507 1550; x_wconf 88' lang='lat' dir='ltr'><strong>actualiter</strong></span> <span class='ocrx_word' id='word_1_288' title='bbox 521 1526 641 1557; x_wconf 89' lang='lat' dir='ltr'><strong>propter</strong></span> <span class='ocrx_word' id='word_1_289' title='bbox 656 1525 775 1557; x_wconf 83' lang='lat' dir='ltr'><strong>aliquod</strong></span> <span class='ocrx_word' id='word_1_290' title='bbox 791 1525 980 1558; x_wconf 82' lang='lat' dir='ltr'><strong>repentinum</strong></span> <span class='ocrx_word' id='word_1_291' title='bbox 994 1525 1200 1558; x_wconf 82' lang='lat' dir='ltr'><strong>superveniens</strong></span> <span class='ocrx_word' id='word_1_292' title='bbox 1213 1524 1461 1558; x_wconf 88' lang='lat' dir='ltr'><strong>impedimentum</strong></span> <span class='ocrx_word' id='word_1_293' title='bbox 1476 1532 1536 1549; x_wconf 92' lang='lat' dir='ltr'><strong>non</strong></span> <span class='ocrx_word' id='word_1_294' title='bbox 1549 1524 1672 1557; x_wconf 80' lang='lat' dir='ltr'><strong>legatur.</strong></span> 
     </span>
    </p>

    <p class='ocr_par' dir='ltr' id='par_1_11' title="bbox 207 1573 2075 1655">
     <span class='ocr_line' id='line_1_22' title="bbox 298 1573 2075 1607; baseline -0.001 -8"><span class='ocrx_word' id='word_1_295' title='bbox 298 1573 335 1607; x_wconf 88' lang='grc'><strong>(8)</strong></span> <span class='ocrx_word' id='word_1_296' title='bbox 348 1574 421 1599; x_wconf 87' lang='lat' dir='ltr'><strong>Item</strong></span> <span class='ocrx_word' id='word_1_297' title='bbox 441 1573 533 1607; x_wconf 83' lang='lat' dir='ltr'><strong>pridie</strong></span> <span class='ocrx_word' id='word_1_298' title='bbox 549 1581 606 1606; x_wconf 88' lang='lat' dir='ltr'><strong>qua</strong></span> <span class='ocrx_word' id='word_1_299' title='bbox 622 1574 722 1599; x_wconf 89' lang='lat' dir='ltr'><strong>dicetis</strong></span> <span class='ocrx_word' id='word_1_300' title='bbox 738 1574 908 1606; x_wconf 79' lang='lat' dir='ltr'><strong>harengam,</strong></span> <span class='ocrx_word' id='word_1_301' title='bbox 926 1574 1075 1599; x_wconf 76' lang='lat' dir='ltr'><strong>visitabitis</strong></span> <span class='ocrx_word' id='word_1_302' title='bbox 1096 1574 1225 1607; x_wconf 82' lang='lat' dir='ltr'><strong>singulos</strong></span> <span class='ocrx_word' id='word_1_303' title='bbox 1240 1573 1371 1599; x_wconf 88' lang='lat' dir='ltr'><strong>doctores</strong></span> <span class='ocrx_word' id='word_1_304' title='bbox 1386 1581 1437 1606; x_wconf 89' lang='lat' dir='ltr'><strong>per</strong></span> <span class='ocrx_word' id='word_1_305' title='bbox 1456 1573 1559 1598; x_wconf 91' lang='lat' dir='ltr'><strong>domos</strong></span> <span class='ocrx_word' id='word_1_306' title='bbox 1578 1573 1720 1606; x_wconf 82' lang='lat' dir='ltr'><strong>ipsorum,</strong></span> <span class='ocrx_word' id='word_1_307' title='bbox 1737 1573 1775 1599; x_wconf 92' lang='lat' dir='ltr'><strong>eis</strong></span> <span class='ocrx_word' id='word_1_308' title='bbox 1790 1573 1980 1606; x_wconf 90' lang='lat' dir='ltr'><strong>supplicando</strong></span> <span class='ocrx_word' id='word_1_309' title='bbox 1995 1573 2075 1606; x_wconf 87' lang='lat' dir='ltr'><strong>quod</strong></span> 
     </span>
     <span class='ocr_line' id='line_1_23' title="bbox 207 1622 751 1655; baseline 0.002 -8"><span class='ocrx_word' id='word_1_310' title='bbox 207 1622 238 1648; x_wconf 92' lang='lat' dir='ltr'><strong>in</strong></span> <span class='ocrx_word' id='word_1_311' title='bbox 251 1623 343 1648; x_wconf 86' lang='lat' dir='ltr'><strong>vestra</strong></span> <span class='ocrx_word' id='word_1_312' title='bbox 358 1622 486 1655; x_wconf 81' lang='lat' dir='ltr'><strong>harcnga</strong></span> <span class='ocrx_word' id='word_1_313' title='bbox 502 1623 591 1648; x_wconf 83' lang='lat' dir='ltr'><strong>velint</strong></span> <span class='ocrx_word' id='word_1_314' title='bbox 606 1623 751 1648; x_wconf 83' lang='lat' dir='ltr'><strong>interesse.</strong></span> 
     </span>
    </p>

    <p class='ocr_par' dir='ltr' id='par_1_12' title="bbox 208 1670 2075 1753">
     <span class='ocr_line' id='line_1_24' title="bbox 297 1670 2075 1705; baseline 0 -9"><span class='ocrx_word' id='word_1_315' title='bbox 297 1670 337 1705; x_wconf 81' lang='grc'><strong>(9)</strong></span> <span class='ocrx_word' id='word_1_316' title='bbox 353 1672 424 1696; x_wconf 86' lang='lat' dir='ltr'><strong>Item</strong></span> <span class='ocrx_word' id='word_1_317' title='bbox 442 1671 522 1704; x_wconf 85' lang='lat' dir='ltr'><strong>quod</strong></span> <span class='ocrx_word' id='word_1_318' title='bbox 536 1671 610 1696; x_wconf 91' lang='lat' dir='ltr'><strong>infra</strong></span> <span class='ocrx_word' id='word_1_319' title='bbox 626 1673 691 1697; x_wconf 91' lang='lat' dir='ltr'><strong>octo</strong></span> <span class='ocrx_word' id='word_1_320' title='bbox 708 1671 767 1696; x_wconf 90' lang='lat' dir='ltr'><strong>dies</strong></span> <span class='ocrx_word' id='word_1_321' title='bbox 783 1671 938 1697; x_wconf 80' lang='lat' dir='ltr'><strong>continuos</strong></span> <span class='ocrx_word' id='word_1_322' title='bbox 954 1671 1066 1697; x_wconf 77' lang='lat' dir='ltr'><strong>solvetis</strong></span> <span class='ocrx_word' id='word_1_323' title='bbox 1081 1673 1210 1704; x_wconf 88' lang='lat' dir='ltr'><strong>quatuor</strong></span> <span class='ocrx_word' id='word_1_324' title='bbox 1224 1671 1324 1696; x_wconf 89' lang='lat' dir='ltr'><strong>bursas</strong></span> <span class='ocrx_word' id='word_1_325' title='bbox 1346 1679 1414 1696; x_wconf 90' lang='grc'>011111</span> <span class='ocrx_word' id='word_1_326' title='bbox 1437 1670 1558 1696; x_wconf 88' lang='lat' dir='ltr'><strong>dimidia</strong></span> <span class='ocrx_word' id='word_1_327' title='bbox 1577 1671 1766 1696; x_wconf 86' lang='lat' dir='ltr'><strong>conformiter</strong></span> <span class='ocrx_word' id='word_1_328' title='bbox 1780 1670 1816 1696; x_wconf 88' lang='lat' dir='ltr'><strong>ad</strong></span> <span class='ocrx_word' id='word_1_329' title='bbox 1832 1672 1948 1699; x_wconf 85' lang='lat' dir='ltr'><strong>statuta.</strong></span> <span class='ocrx_word' id='word_1_330' title='bbox 1966 1672 1994 1696; x_wconf 89' lang='lat' dir='ltr'><strong>et</strong></span> <span class='ocrx_word' id='word_1_331' title='bbox 2008 1672 2075 1696; x_wconf 89' lang='lat' dir='ltr'><strong>aute</strong></span> 
     </span>
     <span class='ocr_line' id='line_1_25' title="bbox 208 1720 1057 1753; baseline 0 -8"><span class='ocrx_word' id='word_1_332' title='bbox 208 1720 378 1752; x_wconf 81' lang='lat' dir='ltr'><strong>harengam.</strong></span> <span class='ocrx_word' id='word_1_333' title='bbox 396 1720 417 1745; x_wconf 92' lang='lat' dir='ltr'><strong>si</strong></span> <span class='ocrx_word' id='word_1_334' title='bbox 430 1720 505 1745; x_wconf 88' lang='lat' dir='ltr'><strong>infra</strong></span> <span class='ocrx_word' id='word_1_335' title='bbox 521 1722 586 1746; x_wconf 91' lang='lat' dir='ltr'><strong>octo</strong></span> <span class='ocrx_word' id='word_1_336' title='bbox 601 1720 660 1746; x_wconf 90' lang='lat' dir='ltr'><strong>dies</strong></span> <span class='ocrx_word' id='word_1_337' title='bbox 673 1720 764 1746; x_wconf 74' lang='lat' dir='ltr'><strong>velitis</strong></span> <span class='ocrx_word' id='word_1_338' title='bbox 780 1720 871 1746; x_wconf 89' lang='lat' dir='ltr'><strong>facere</strong></span> <span class='ocrx_word' id='word_1_339' title='bbox 887 1720 1057 1753; x_wconf 83' lang='lat' dir='ltr'><strong>harengam.</strong></span> 
     </span>
    </p>

    <p class='ocr_par' dir='ltr' id='par_1_13' title="bbox 207 1767 2075 1843">
     <span class='ocr_line' id='line_1_26' title="bbox 296 1767 2075 1803; baseline 0 -10"><span class='ocrx_word' id='word_1_340' title='bbox 296 1767 353 1803; x_wconf 86' lang='grc'>(10)</span> <span class='ocrx_word' id='word_1_341' title='bbox 370 1769 441 1793; x_wconf 89' lang='grc'>110111</span> <span class='ocrx_word' id='word_1_342' title='bbox 460 1769 573 1794; x_wconf 67' lang='lat' dir='ltr'><strong>solvetis</strong></span> <span class='ocrx_word' id='word_1_343' title='bbox 586 1769 616 1794; x_wconf 93' lang='lat' dir='ltr'><strong>in</strong></span> <span class='ocrx_word' id='word_1_344' title='bbox 632 1769 759 1801; x_wconf 86' lang='lat' dir='ltr'><strong>harenga</strong></span> <span class='ocrx_word' id='word_1_345' title='bbox 774 1770 866 1794; x_wconf 77' lang='lat' dir='ltr'><strong>vestra</strong></span> <span class='ocrx_word' id='word_1_346' title='bbox 881 1769 1000 1794; x_wconf 87' lang='lat' dir='ltr'><strong>cuilibet</strong></span> <span class='ocrx_word' id='word_1_347' title='bbox 1015 1768 1127 1794; x_wconf 87' lang='lat' dir='ltr'><strong>doctori</strong></span> <span class='ocrx_word' id='word_1_348' title='bbox 1144 1776 1207 1794; x_wconf 70' lang='lat' dir='ltr'><strong>vere</strong></span> <span class='ocrx_word' id='word_1_349' title='bbox 1223 1768 1334 1801; x_wconf 82' lang='lat' dir='ltr'><strong>regenti</strong></span> <span class='ocrx_word' id='word_1_350' title='bbox 1350 1770 1478 1801; x_wconf 90' lang='lat' dir='ltr'><strong>quatuor</strong></span> <span class='ocrx_word' id='word_1_351' title='bbox 1493 1768 1597 1793; x_wconf 85' lang='lat' dir='ltr'><strong>solidos</strong></span> <span class='ocrx_word' id='word_1_352' title='bbox 1612 1768 1758 1801; x_wconf 75' lang='lat' dir='ltr'><strong>parisiens,</strong></span> <span class='ocrx_word' id='word_1_353' title='bbox 1779 1770 1867 1801; x_wconf 89' lang='lat' dir='ltr'><strong>prout</strong></span> <span class='ocrx_word' id='word_1_354' title='bbox 1883 1768 2022 1794; x_wconf 87' lang='lat' dir='ltr'><strong>hactenus</strong></span> <span class='ocrx_word' id='word_1_355' title='bbox 2035 1769 2075 1794; x_wconf 86' lang='lat' dir='ltr'><strong>est</strong></span> 
     </span>
     <span class='ocr_line' id='line_1_27' title="bbox 207 1817 472 1843; baseline 0 -1"><span class='ocrx_word' id='word_1_356' title='bbox 207 1817 271 1843; x_wconf 87' lang='lat' dir='ltr'><strong>fieri</strong></span> <span class='ocrx_word' id='word_1_357' title='bbox 286 1819 472 1843; x_wconf 81' lang='lat' dir='ltr'><strong>consuetum.</strong></span> 
     </span>
    </p>

    <p class='ocr_par' dir='ltr' id='par_1_14' title="bbox 208 1865 2076 1948">
     <span class='ocr_line' id='line_1_28' title="bbox 298 1865 2076 1899; baseline 0 -9"><span class='ocrx_word' id='word_1_358' title='bbox 298 1866 353 1899; x_wconf 82' lang='grc'>(11)</span> <span class='ocrx_word' id='word_1_359' title='bbox 369 1866 439 1891; x_wconf 89' lang='grc'>110111</span> <span class='ocrx_word' id='word_1_360' title='bbox 452 1866 587 1899; x_wconf 84' lang='lat' dir='ltr'><strong>jurabitis</strong></span> <span class='ocrx_word' id='word_1_361' title='bbox 600 1866 645 1891; x_wconf 89' lang='lat' dir='ltr'><strong>dic</strong></span> <span class='ocrx_word' id='word_1_362' title='bbox 656 1874 714 1899; x_wconf 89' lang='lat' dir='ltr'><strong>qua</strong></span> <span class='ocrx_word' id='word_1_363' title='bbox 730 1866 837 1892; x_wconf 87' lang='lat' dir='ltr'><strong>facietis</strong></span> <span class='ocrx_word' id='word_1_364' title='bbox 851 1867 1011 1899; x_wconf 83' lang='lat' dir='ltr'><strong>harengam</strong></span> <span class='ocrx_word' id='word_1_365' title='bbox 1027 1868 1152 1892; x_wconf 65' lang='lat' dir='ltr'><strong>vestram</strong></span> <span class='ocrx_word' id='word_1_366' title='bbox 1165 1866 1232 1892; x_wconf 91' lang='lat' dir='ltr'><strong>dare</strong></span> <span class='ocrx_word' id='word_1_367' title='bbox 1247 1866 1407 1899; x_wconf 85' lang='lat' dir='ltr'><strong>prandium</strong></span> <span class='ocrx_word' id='word_1_368' title='bbox 1417 1866 1527 1891; x_wconf 90' lang='lat' dir='ltr'><strong>doctori</strong></span> <span class='ocrx_word' id='word_1_369' title='bbox 1544 1867 1645 1893; x_wconf 76' lang='lat' dir='ltr'><strong>vestro.</strong></span> <span class='ocrx_word' id='word_1_370' title='bbox 1661 1873 1721 1891; x_wconf 92' lang='lat' dir='ltr'><strong>uno</strong></span> <span class='ocrx_word' id='word_1_371' title='bbox 1736 1865 1791 1891; x_wconf 88' lang='lat' dir='ltr'><strong>alio</strong></span> <span class='ocrx_word' id='word_1_372' title='bbox 1801 1865 1918 1891; x_wconf 88' lang='lat' dir='ltr'><strong>doctore</strong></span> <span class='ocrx_word' id='word_1_373' title='bbox 1929 1865 1964 1890; x_wconf 88' lang='lat' dir='ltr'><strong>ad</strong></span> <span class='ocrx_word' id='word_1_374' title='bbox 1977 1865 2076 1891; x_wconf 87' lang='lat' dir='ltr'><strong>minus</strong></span> 
     </span>
     <span class='ocr_line' id='line_1_29' title="bbox 208 1914 1596 1948; baseline -0.001 -7"><span class='ocrx_word' id='word_1_375' title='bbox 208 1915 244 1941; x_wconf 91' lang='lat' dir='ltr'><strong>ad</strong></span> <span class='ocrx_word' id='word_1_376' title='bbox 260 1914 476 1948; x_wconf 86' lang='lat' dir='ltr'><strong>beneplacitum</strong></span> <span class='ocrx_word' id='word_1_377' title='bbox 492 1915 623 1947; x_wconf 89' lang='lat' dir='ltr'><strong>ejusdcm</strong></span> <span class='ocrx_word' id='word_1_378' title='bbox 638 1915 764 1940; x_wconf 88' lang='lat' dir='ltr'><strong>doctoris</strong></span> <span class='ocrx_word' id='word_1_379' title='bbox 779 1923 877 1940; x_wconf 89' lang='lat' dir='ltr'><strong>secum</strong></span> <span class='ocrx_word' id='word_1_380' title='bbox 893 1915 1039 1944; x_wconf 88' lang='lat' dir='ltr'><strong>associato,</strong></span> <span class='ocrx_word' id='word_1_381' title='bbox 1055 1916 1098 1941; x_wconf 69' lang='lat' dir='ltr'><strong>vel</strong></span> <span class='ocrx_word' id='word_1_382' title='bbox 1113 1915 1180 1940; x_wconf 91' lang='lat' dir='ltr'><strong>alias</strong></span> <span class='ocrx_word' id='word_1_383' title='bbox 1196 1915 1355 1940; x_wconf 81' lang='lat' dir='ltr'><strong>satisfacere</strong></span> <span class='ocrx_word' id='word_1_384' title='bbox 1368 1916 1460 1940; x_wconf 68' lang='lat' dir='ltr'><strong>vestro</strong></span> <span class='ocrx_word' id='word_1_385' title='bbox 1474 1914 1596 1940; x_wconf 84' lang='lat' dir='ltr'><strong>doctori.</strong></span> 
     </span>
    </p>

    <p class='ocr_par' dir='ltr' id='par_1_15' title="bbox 208 1963 2074 2191">
     <span class='ocr_line' id='line_1_30' title="bbox 297 1963 2074 1998; baseline 0 -10"><span class='ocrx_word' id='word_1_386' title='bbox 297 1963 355 1998; x_wconf 83' lang='lat'>(12)</span> <span class='ocrx_word' id='word_1_387' title='bbox 370 1964 443 1989; x_wconf 86' lang='lat' dir='ltr'><strong>Item</strong></span> <span class='ocrx_word' id='word_1_388' title='bbox 460 1963 596 1996; x_wconf 86' lang='lat' dir='ltr'><strong>jurabitis</strong></span> <span class='ocrx_word' id='word_1_389' title='bbox 618 1963 752 1989; x_wconf 84' lang='lat' dir='ltr'><strong>interesse</strong></span> <span class='ocrx_word' id='word_1_390' title='bbox 767 1964 901 1997; x_wconf 88' lang='lat' dir='ltr'><strong>quinque</strong></span> <span class='ocrx_word' id='word_1_391' title='bbox 921 1964 1013 1989; x_wconf 89' lang='lat' dir='ltr'><strong>missis</strong></span> <span class='ocrx_word' id='word_1_392' title='bbox 1035 1965 1117 1990; x_wconf 87' lang='lat' dir='ltr'><strong>beate</strong></span> <span class='ocrx_word' id='word_1_393' title='bbox 1139 1964 1234 1993; x_wconf 73' lang='lat' dir='ltr'><strong>Mario,</strong></span> <span class='ocrx_word' id='word_1_394' title='bbox 1252 1964 1280 1989; x_wconf 89' lang='lat' dir='ltr'><strong>in</strong></span> <span class='ocrx_word' id='word_1_395' title='bbox 1304 1964 1418 1989; x_wconf 87' lang='lat' dir='ltr'><strong>duabus</strong></span> <span class='ocrx_word' id='word_1_396' title='bbox 1440 1963 1532 1988; x_wconf 87' lang='lat' dir='ltr'><strong>missis</strong></span> <span class='ocrx_word' id='word_1_397' title='bbox 1554 1963 1628 1988; x_wconf 87' lang='lat' dir='ltr'><strong>beati</strong></span> <span class='ocrx_word' id='word_1_398' title='bbox 1648 1963 1761 1996; x_wconf 73' lang='lat' dir='ltr'><strong>Nicolay</strong></span> <span class='ocrx_word' id='word_1_399' title='bbox 1783 1965 1811 1988; x_wconf 89' lang='lat' dir='ltr'><strong>et</strong></span> <span class='ocrx_word' id='word_1_400' title='bbox 1830 1963 1860 1988; x_wconf 94' lang='lat' dir='ltr'><strong>in</strong></span> <span class='ocrx_word' id='word_1_401' title='bbox 1886 1963 1969 1988; x_wconf 89' lang='lat' dir='ltr'><strong>missa</strong></span> <span class='ocrx_word' id='word_1_402' title='bbox 1993 1963 2074 1988; x_wconf 86' lang='lat' dir='ltr'><strong>beate</strong></span> 
     </span>
     <span class='ocr_line' id='line_1_31' title="bbox 208 2012 2073 2046; baseline -0.001 -8"><span class='ocrx_word' id='word_1_403' title='bbox 208 2012 363 2038; x_wconf 85' lang='lat' dir='ltr'><strong>Catherine</strong></span> <span class='ocrx_word' id='word_1_404' title='bbox 378 2012 431 2037; x_wconf 90' lang='lat' dir='ltr'><strong>suh</strong></span> <span class='ocrx_word' id='word_1_405' title='bbox 447 2020 521 2045; x_wconf 88' lang='lat' dir='ltr'><strong>pena</strong></span> <span class='ocrx_word' id='word_1_406' title='bbox 536 2014 664 2045; x_wconf 87' lang='lat' dir='ltr'><strong>quatuor</strong></span> <span class='ocrx_word' id='word_1_407' title='bbox 680 2012 841 2038; x_wconf 90' lang='lat' dir='ltr'><strong>solidorum</strong></span> <span class='ocrx_word' id='word_1_408' title='bbox 854 2013 1000 2045; x_wconf 84' lang='lat' dir='ltr'><strong>parisiens.</strong></span> <span class='ocrx_word' id='word_1_409' title='bbox 1019 2020 1071 2046; x_wconf 89' lang='lat' dir='ltr'><strong>pro</strong></span> <span class='ocrx_word' id='word_1_410' title='bbox 1087 2013 1219 2046; x_wconf 87' lang='lat' dir='ltr'><strong>quolibet</strong></span> <span class='ocrx_word' id='word_1_411' title='bbox 1231 2013 1357 2038; x_wconf 86' lang='lat' dir='ltr'><strong>deffectu</strong></span> <span class='ocrx_word' id='word_1_412' title='bbox 1371 2012 1406 2037; x_wconf 89' lang='lat' dir='ltr'><strong>ad</strong></span> <span class='ocrx_word' id='word_1_413' title='bbox 1422 2020 1491 2037; x_wconf 87' lang='lat' dir='ltr'><strong>usus</strong></span> <span class='ocrx_word' id='word_1_414' title='bbox 1506 2012 1744 2045; x_wconf 87' lang='lat' dir='ltr'><strong>cappellanorum</strong></span> <span class='ocrx_word' id='word_1_415' title='bbox 1759 2012 1856 2036; x_wconf 82' lang='lat' dir='ltr'><strong>missas</strong></span> <span class='ocrx_word' id='word_1_416' title='bbox 1871 2019 1923 2044; x_wconf 90' lang='lat' dir='ltr'><strong>pro</strong></span> <span class='ocrx_word' id='word_1_417' title='bbox 1939 2012 2073 2037; x_wconf 83' lang='lat' dir='ltr'><strong>facultate</strong></span> 
     </span>
     <span class='ocr_line' id='line_1_32' title="bbox 208 2060 2073 2094; baseline -0.001 -7"><span class='ocrx_word' id='word_1_418' title='bbox 208 2061 420 2087; x_wconf 85' lang='lat' dir='ltr'><strong>celebrantium</strong></span> <span class='ocrx_word' id='word_1_419' title='bbox 436 2061 711 2090; x_wconf 75' lang='lat' dir='ltr'><strong>convertendorum,</strong></span> <span class='ocrx_word' id='word_1_420' title='bbox 729 2061 782 2086; x_wconf 92' lang='lat' dir='ltr'><strong>nisi</strong></span> <span class='ocrx_word' id='word_1_421' title='bbox 796 2061 933 2086; x_wconf 76' lang='lat' dir='ltr'><strong>infirmus</strong></span> <span class='ocrx_word' id='word_1_422' title='bbox 947 2061 1058 2087; x_wconf 85' lang='lat' dir='ltr'><strong>fueritis</strong></span> <span class='ocrx_word' id='word_1_423' title='bbox 1073 2061 1116 2087; x_wconf 86' lang='lat' dir='ltr'><strong>vel</strong></span> <span class='ocrx_word' id='word_1_424' title='bbox 1136 2061 1237 2087; x_wconf 88' lang='lat' dir='ltr'><strong>absens</strong></span> <span class='ocrx_word' id='word_1_425' title='bbox 1252 2069 1266 2086; x_wconf 90' lang='lat' dir='ltr'><strong>a</strong></span> <span class='ocrx_word' id='word_1_426' title='bbox 1283 2061 1349 2086; x_wconf 89' lang='lat' dir='ltr'><strong>villa</strong></span> <span class='ocrx_word' id='word_1_427' title='bbox 1361 2061 1439 2094; x_wconf 89' lang='lat' dir='ltr'><strong>justa</strong></span> <span class='ocrx_word' id='word_1_428' title='bbox 1455 2062 1482 2086; x_wconf 85' lang='lat' dir='ltr'><strong>et</strong></span> <span class='ocrx_word' id='word_1_429' title='bbox 1498 2060 1627 2092; x_wconf 82' lang='lat' dir='ltr'><strong>legitima</strong></span> <span class='ocrx_word' id='word_1_430' title='bbox 1642 2060 1677 2086; x_wconf 87' lang='lat' dir='ltr'><strong>de</strong></span> <span class='ocrx_word' id='word_1_431' title='bbox 1690 2068 1773 2085; x_wconf 86' lang='lat' dir='ltr'><strong>causa</strong></span> <span class='ocrx_word' id='word_1_432' title='bbox 1789 2068 1839 2093; x_wconf 88' lang='lat' dir='ltr'><strong>per</strong></span> <span class='ocrx_word' id='word_1_433' title='bbox 1854 2068 1944 2085; x_wconf 88' lang='lat' dir='ltr'><strong>unam</strong></span> <span class='ocrx_word' id='word_1_434' title='bbox 1960 2061 2073 2086; x_wconf 88' lang='lat' dir='ltr'><strong>leucam</strong></span> 
     </span>
     <span class='ocr_line' id='line_1_33' title="bbox 208 2108 2073 2143; baseline -0.001 -8"><span class='ocrx_word' id='word_1_435' title='bbox 208 2110 244 2135; x_wconf 88' lang='lat' dir='ltr'><strong>ad</strong></span> <span class='ocrx_word' id='word_1_436' title='bbox 260 2110 368 2138; x_wconf 82' lang='lat' dir='ltr'><strong>minus,</strong></span> <span class='ocrx_word' id='word_1_437' title='bbox 384 2109 427 2135; x_wconf 91' lang='lat' dir='ltr'><strong>vel</strong></span> <span class='ocrx_word' id='word_1_438' title='bbox 446 2110 579 2134; x_wconf 88' lang='lat' dir='ltr'><strong>minutus</strong></span> <span class='ocrx_word' id='word_1_439' title='bbox 594 2109 736 2142; x_wconf 77' lang='lat' dir='ltr'><strong>sanguine</strong></span> <span class='ocrx_word' id='word_1_440' title='bbox 750 2110 799 2135; x_wconf 89' lang='lat' dir='ltr'><strong>illa</strong></span> <span class='ocrx_word' id='word_1_441' title='bbox 814 2110 869 2139; x_wconf 90' lang='lat' dir='ltr'><strong>die,</strong></span> <span class='ocrx_word' id='word_1_442' title='bbox 886 2110 921 2135; x_wconf 91' lang='lat' dir='ltr'><strong>de</strong></span> <span class='ocrx_word' id='word_1_443' title='bbox 937 2110 1044 2143; x_wconf 87' lang='lat' dir='ltr'><strong>quibus</strong></span> <span class='ocrx_word' id='word_1_444' title='bbox 1060 2110 1167 2136; x_wconf 86' lang='lat' dir='ltr'><strong>facietis</strong></span> <span class='ocrx_word' id='word_1_445' title='bbox 1183 2110 1271 2136; x_wconf 81' lang='lat' dir='ltr'><strong>fidem</strong></span> <span class='ocrx_word' id='word_1_446' title='bbox 1288 2110 1554 2143; x_wconf 74' lang='lat' dir='ltr'><strong>pei-juramentum</strong></span> <span class='ocrx_word' id='word_1_447' title='bbox 1572 2111 1701 2134; x_wconf 83' lang='lat' dir='ltr'><strong>vestrum</strong></span> <span class='ocrx_word' id='word_1_448' title='bbox 1717 2109 1747 2134; x_wconf 92' lang='grc'><strong>111</strong></span> <span class='ocrx_word' id='word_1_449' title='bbox 1763 2109 1906 2141; x_wconf 83' lang='lat' dir='ltr'><strong>presentia</strong></span> <span class='ocrx_word' id='word_1_450' title='bbox 1918 2108 2073 2134; x_wconf 84' lang='lat' dir='ltr'><strong>doctorum</strong></span> 
     </span>
     <span class='ocr_line' id='line_1_34' title="bbox 208 2159 669 2191; baseline -0.002 -7"><span class='ocrx_word' id='word_1_451' title='bbox 208 2159 394 2191; x_wconf 82' lang='lat' dir='ltr'><strong>collegialiter</strong></span> <span class='ocrx_word' id='word_1_452' title='bbox 414 2160 669 2191; x_wconf 80' lang='lat' dir='ltr'><strong>congregatorum.</strong></span> 
     </span>
    </p>

    <p class='ocr_par' dir='ltr' id='par_1_16' title="bbox 207 2206 2073 2387">
     <span class='ocr_line' id='line_1_35' title="bbox 298 2206 2073 2241; baseline 0 -9"><span class='ocrx_word' id='word_1_453' title='bbox 298 2207 353 2241; x_wconf 86' lang='grc'>(13)</span> <span class='ocrx_word' id='word_1_454' title='bbox 374 2208 446 2232; x_wconf 84' lang='lat' dir='ltr'><strong>Item</strong></span> <span class='ocrx_word' id='word_1_455' title='bbox 464 2207 600 2240; x_wconf 85' lang='lat' dir='ltr'><strong>jurabitis</strong></span> <span class='ocrx_word' id='word_1_456' title='bbox 615 2207 749 2232; x_wconf 86' lang='lat' dir='ltr'><strong>interesse</strong></span> <span class='ocrx_word' id='word_1_457' title='bbox 764 2207 794 2232; x_wconf 93' lang='lat' dir='ltr'><strong>in</strong></span> <span class='ocrx_word' id='word_1_458' title='bbox 810 2207 1057 2240; x_wconf 84' lang='lat' dir='ltr'><strong>disputationibus</strong></span> <span class='ocrx_word' id='word_1_459' title='bbox 1074 2209 1102 2233; x_wconf 92' lang='grc'><strong>01</strong></span> <span class='ocrx_word' id='word_1_460' title='bbox 1117 2207 1338 2240; x_wconf 78' lang='lat' dir='ltr'><strong>repetitionibus</strong></span> <span class='ocrx_word' id='word_1_461' title='bbox 1352 2207 1507 2232; x_wconf 88' lang='lat' dir='ltr'><strong>doctorum</strong></span> <span class='ocrx_word' id='word_1_462' title='bbox 1523 2208 1551 2232; x_wconf 90' lang='grc'><strong>01</strong></span> <span class='ocrx_word' id='word_1_463' title='bbox 1568 2206 1700 2239; x_wconf 67' lang='grc'>1051101115</span> <span class='ocrx_word' id='word_1_464' title='bbox 1715 2206 1988 2231; x_wconf 87' lang='lat' dir='ltr'><strong>doctorizandorum</strong></span> <span class='ocrx_word' id='word_1_465' title='bbox 2004 2214 2073 2232; x_wconf 88' lang='lat' dir='ltr'><strong>cum</strong></span> 
     </span>
     <span class='ocr_line' id='line_1_36' title="bbox 207 2255 2073 2290; baseline -0.001 -8"><span class='ocrx_word' id='word_1_466' title='bbox 207 2256 287 2282; x_wconf 91' lang='lat' dir='ltr'><strong>libris</strong></span> <span class='ocrx_word' id='word_1_467' title='bbox 302 2258 330 2282; x_wconf 89' lang='lat' dir='ltr'><strong>et</strong></span> <span class='ocrx_word' id='word_1_468' title='bbox 345 2264 414 2289; x_wconf 88' lang='lat' dir='ltr'><strong>capa</strong></span> <span class='ocrx_word' id='word_1_469' title='bbox 430 2256 517 2282; x_wconf 89' lang='lat' dir='ltr'><strong>etiam</strong></span> <span class='ocrx_word' id='word_1_470' title='bbox 539 2256 574 2281; x_wconf 89' lang='lat' dir='ltr'><strong>ab</strong></span> <span class='ocrx_word' id='word_1_471' title='bbox 594 2256 677 2281; x_wconf 90' lang='lat' dir='ltr'><strong>initio</strong></span> <span class='ocrx_word' id='word_1_472' title='bbox 692 2256 836 2290; x_wconf 78' lang='lat' dir='ltr'><strong>ingressus</strong></span> <span class='ocrx_word' id='word_1_473' title='bbox 851 2257 995 2282; x_wconf 85' lang='lat' dir='ltr'><strong>scolarum</strong></span> <span class='ocrx_word' id='word_1_474' title='bbox 1011 2256 1124 2282; x_wconf 84' lang='lat' dir='ltr'><strong>induta.</strong></span> <span class='ocrx_word' id='word_1_475' title='bbox 1142 2257 1237 2288; x_wconf 87' lang='lat' dir='ltr'><strong>Quam</strong></span> <span class='ocrx_word' id='word_1_476' title='bbox 1253 2256 1373 2289; x_wconf 89' lang='lat' dir='ltr'><strong>quidem</strong></span> <span class='ocrx_word' id='word_1_477' title='bbox 1389 2263 1490 2288; x_wconf 86' lang='lat' dir='ltr'><strong>capam</strong></span> <span class='ocrx_word' id='word_1_478' title='bbox 1506 2255 1677 2280; x_wconf 89' lang='lat' dir='ltr'><strong>tenebimini</strong></span> <span class='ocrx_word' id='word_1_479' title='bbox 1697 2255 1807 2280; x_wconf 87' lang='lat' dir='ltr'><strong>deferre</strong></span> <span class='ocrx_word' id='word_1_480' title='bbox 1826 2256 1854 2280; x_wconf 89' lang='lat' dir='ltr'><strong>et</strong></span> <span class='ocrx_word' id='word_1_481' title='bbox 1874 2255 1961 2280; x_wconf 87' lang='lat' dir='ltr'><strong>libros</strong></span> <span class='ocrx_word' id='word_1_482' title='bbox 1976 2257 2073 2281; x_wconf 85' lang='lat' dir='ltr'><strong>tenere</strong></span> 
     </span>
     <span class='ocr_line' id='line_1_37' title="bbox 208 2303 2073 2338; baseline -0.001 -8"><span class='ocrx_word' id='word_1_483' title='bbox 208 2313 301 2338; x_wconf 91' lang='lat' dir='ltr'><strong>usque</strong></span> <span class='ocrx_word' id='word_1_484' title='bbox 316 2305 345 2330; x_wconf 90' lang='lat' dir='ltr'><strong>in</strong></span> <span class='ocrx_word' id='word_1_485' title='bbox 363 2306 453 2330; x_wconf 85' lang='lat' dir='ltr'><strong>finem</strong></span> <span class='ocrx_word' id='word_1_486' title='bbox 471 2307 551 2330; x_wconf 88' lang='lat' dir='ltr'><strong>actus</strong></span> <span class='ocrx_word' id='word_1_487' title='bbox 564 2305 617 2330; x_wconf 92' lang='lat' dir='ltr'><strong>sub</strong></span> <span class='ocrx_word' id='word_1_488' title='bbox 632 2312 707 2337; x_wconf 87' lang='lat' dir='ltr'><strong>pena</strong></span> <span class='ocrx_word' id='word_1_489' title='bbox 722 2306 850 2338; x_wconf 88' lang='lat' dir='ltr'><strong>quatuor</strong></span> <span class='ocrx_word' id='word_1_490' title='bbox 865 2305 1026 2330; x_wconf 87' lang='lat' dir='ltr'><strong>solidorum</strong></span> <span class='ocrx_word' id='word_1_491' title='bbox 1042 2313 1095 2337; x_wconf 89' lang='lat' dir='ltr'><strong>pro</strong></span> <span class='ocrx_word' id='word_1_492' title='bbox 1108 2305 1239 2338; x_wconf 87' lang='lat' dir='ltr'><strong>quolibet</strong></span> <span class='ocrx_word' id='word_1_493' title='bbox 1254 2305 1379 2330; x_wconf 84' lang='lat' dir='ltr'><strong>detl&#39;ectu</strong></span> <span class='ocrx_word' id='word_1_494' title='bbox 1395 2304 1431 2329; x_wconf 85' lang='lat' dir='ltr'><strong>ad</strong></span> <span class='ocrx_word' id='word_1_495' title='bbox 1445 2312 1514 2330; x_wconf 90' lang='lat' dir='ltr'><strong>usus</strong></span> <span class='ocrx_word' id='word_1_496' title='bbox 1528 2303 1604 2329; x_wconf 88' lang='lat' dir='ltr'><strong>dicte</strong></span> <span class='ocrx_word' id='word_1_497' title='bbox 1619 2303 1762 2329; x_wconf 84' lang='lat' dir='ltr'><strong>facultatis</strong></span> <span class='ocrx_word' id='word_1_498' title='bbox 1776 2303 2030 2336; x_wconf 82' lang='lat' dir='ltr'><strong>applicandorum.</strong></span> <span class='ocrx_word' id='word_1_499' title='bbox 2045 2306 2073 2331; x_wconf 86' lang='lat' dir='ltr'><strong>et</strong></span> 
     </span>
     <span class='ocr_line' id='line_1_38' title="bbox 208 2354 1431 2387; baseline -0.001 -8"><span class='ocrx_word' id='word_1_500' title='bbox 208 2362 261 2387; x_wconf 88' lang='lat' dir='ltr'><strong>pro</strong></span> <span class='ocrx_word' id='word_1_501' title='bbox 274 2354 444 2380; x_wconf 88' lang='lat' dir='ltr'><strong>sustinendo</strong></span> <span class='ocrx_word' id='word_1_502' title='bbox 460 2355 632 2379; x_wconf 89' lang='lat' dir='ltr'><strong>ornamenta</strong></span> <span class='ocrx_word' id='word_1_503' title='bbox 648 2355 675 2379; x_wconf 88' lang='lat' dir='ltr'><strong>et</strong></span> <span class='ocrx_word' id='word_1_504' title='bbox 691 2354 848 2379; x_wconf 86' lang='lat' dir='ltr'><strong>luminaria</strong></span> <span class='ocrx_word' id='word_1_505' title='bbox 862 2354 970 2386; x_wconf 90' lang='lat' dir='ltr'><strong>capelle</strong></span> <span class='ocrx_word' id='word_1_506' title='bbox 984 2354 1059 2379; x_wconf 84' lang='lat' dir='ltr'><strong>dicte</strong></span> <span class='ocrx_word' id='word_1_507' title='bbox 1072 2354 1215 2379; x_wconf 87' lang='lat' dir='ltr'><strong>facultatis</strong></span> <span class='ocrx_word' id='word_1_508' title='bbox 1230 2355 1257 2379; x_wconf 74' lang='lat' dir='ltr'><strong>ct.</strong></span> <span class='ocrx_word' id='word_1_509' title='bbox 1273 2354 1431 2379; x_wconf 76' lang='lat' dir='ltr'><strong>servitium.</strong></span> 
     </span>
    </p>

    <p class='ocr_par' dir='ltr' id='par_1_17' title="bbox 207 2401 2073 2485">
     <span class='ocr_line' id='line_1_39' title="bbox 298 2401 2073 2436; baseline -0.001 -9"><span class='ocrx_word' id='word_1_510' title='bbox 298 2403 353 2436; x_wconf 72' lang='grc'>(14)</span> <span class='ocrx_word' id='word_1_511' title='bbox 377 2403 450 2428; x_wconf 86' lang='lat' dir='ltr'><strong>Item</strong></span> <span class='ocrx_word' id='word_1_512' title='bbox 468 2402 604 2435; x_wconf 87' lang='lat' dir='ltr'><strong>jurabitis</strong></span> <span class='ocrx_word' id='word_1_513' title='bbox 627 2402 761 2428; x_wconf 89' lang='lat' dir='ltr'><strong>interesse</strong></span> <span class='ocrx_word' id='word_1_514' title='bbox 783 2402 813 2427; x_wconf 92' lang='lat' dir='ltr'><strong>in</strong></span> <span class='ocrx_word' id='word_1_515' title='bbox 838 2403 954 2428; x_wconf 87' lang='lat' dir='ltr'><strong>lecturis</strong></span> <span class='ocrx_word' id='word_1_516' title='bbox 978 2403 1155 2428; x_wconf 82' lang='lat' dir='ltr'><strong>solemnium</strong></span> <span class='ocrx_word' id='word_1_517' title='bbox 1171 2401 1382 2428; x_wconf 72' lang='grc' dir='ltr'><strong>1)001·01111111111ί</strong></span> <span class='ocrx_word' id='word_1_518' title='bbox 1406 2409 1456 2434; x_wconf 83' lang='lat' dir='ltr'><strong>per</strong></span> <span class='ocrx_word' id='word_1_519' title='bbox 1477 2401 1607 2427; x_wconf 85' lang='lat' dir='ltr'><strong>doctores</strong></span> <span class='ocrx_word' id='word_1_520' title='bbox 1627 2401 1772 2430; x_wconf 75' lang='lat' dir='ltr'><strong>faciendis,</strong></span> <span class='ocrx_word' id='word_1_521' title='bbox 1789 2401 1843 2426; x_wconf 84' lang='lat' dir='ltr'><strong>suh</strong></span> <span class='ocrx_word' id='word_1_522' title='bbox 1857 2408 1932 2434; x_wconf 89' lang='lat' dir='ltr'><strong>pena</strong></span> <span class='ocrx_word' id='word_1_523' title='bbox 1946 2403 2073 2434; x_wconf 88' lang='lat' dir='ltr'><strong>quatuor</strong></span> 
     </span>
     <span class='ocr_line' id='line_1_40' title="bbox 207 2451 1396 2485; baseline -0.002 -8"><span class='ocrx_word' id='word_1_524' title='bbox 207 2452 368 2478; x_wconf 86' lang='lat' dir='ltr'><strong>solidorum</strong></span> <span class='ocrx_word' id='word_1_525' title='bbox 384 2452 419 2477; x_wconf 89' lang='lat' dir='ltr'><strong>ad</strong></span> <span class='ocrx_word' id='word_1_526' title='bbox 435 2459 504 2477; x_wconf 87' lang='lat' dir='ltr'><strong>usus</strong></span> <span class='ocrx_word' id='word_1_527' title='bbox 519 2451 594 2477; x_wconf 89' lang='lat' dir='ltr'><strong>dicte</strong></span> <span class='ocrx_word' id='word_1_528' title='bbox 608 2451 750 2476; x_wconf 81' lang='lat' dir='ltr'><strong>facultatis</strong></span> <span class='ocrx_word' id='word_1_529' title='bbox 764 2451 1030 2476; x_wconf 80' lang='lat' dir='ltr'><strong>convertendorum</strong></span> <span class='ocrx_word' id='word_1_530' title='bbox 1046 2459 1098 2485; x_wconf 92' lang='lat' dir='ltr'><strong>pro</strong></span> <span class='ocrx_word' id='word_1_531' title='bbox 1114 2451 1246 2484; x_wconf 87' lang='lat' dir='ltr'><strong>quolibet</strong></span> <span class='ocrx_word' id='word_1_532' title='bbox 1260 2451 1396 2477; x_wconf 85' lang='lat' dir='ltr'><strong>deffectu.</strong></span> 
     </span>
    </p>

    <p class='ocr_par' dir='ltr' id='par_1_18' title="bbox 207 2499 2073 2728">
     <span class='ocr_line' id='line_1_41' title="bbox 298 2499 2071 2535; baseline -0.001 -9"><span class='ocrx_word' id='word_1_533' title='bbox 298 2500 354 2535; x_wconf 83' lang='lat'>(15)</span> <span class='ocrx_word' id='word_1_534' title='bbox 370 2501 442 2526; x_wconf 87' lang='lat' dir='ltr'><strong>Item</strong></span> <span class='ocrx_word' id='word_1_535' title='bbox 458 2500 593 2533; x_wconf 87' lang='lat' dir='ltr'><strong>jurabitis</strong></span> <span class='ocrx_word' id='word_1_536' title='bbox 606 2500 684 2533; x_wconf 85' lang='lat' dir='ltr'><strong>quod</strong></span> <span class='ocrx_word' id='word_1_537' title='bbox 704 2500 724 2525; x_wconf 91' lang='lat' dir='ltr'><strong>si</strong></span> <span class='ocrx_word' id='word_1_538' title='bbox 741 2500 839 2533; x_wconf 81' lang='lat' dir='ltr'><strong>legatis</strong></span> <span class='ocrx_word' id='word_1_539' title='bbox 854 2500 884 2525; x_wconf 90' lang='lat' dir='ltr'><strong>in</strong></span> <span class='ocrx_word' id='word_1_540' title='bbox 900 2500 985 2525; x_wconf 87' lang='lat' dir='ltr'><strong>nonis</strong></span> <span class='ocrx_word' id='word_1_541' title='bbox 1001 2500 1096 2526; x_wconf 89' lang='lat' dir='ltr'><strong>Sancti</strong></span> <span class='ocrx_word' id='word_1_542' title='bbox 1111 2500 1218 2529; x_wconf 77' lang='lat' dir='ltr'><strong>Jacobi,</strong></span> <span class='ocrx_word' id='word_1_543' title='bbox 1235 2500 1379 2525; x_wconf 83' lang='lat' dir='ltr'><strong>intrabitis</strong></span> <span class='ocrx_word' id='word_1_544' title='bbox 1396 2499 1426 2524; x_wconf 90' lang='lat' dir='ltr'><strong>in</strong></span> <span class='ocrx_word' id='word_1_545' title='bbox 1442 2499 1535 2532; x_wconf 88' lang='lat' dir='ltr'><strong>prima</strong></span> <span class='ocrx_word' id='word_1_546' title='bbox 1549 2499 1712 2531; x_wconf 84' lang='lat' dir='ltr'><strong>pulsatione</strong></span> <span class='ocrx_word' id='word_1_547' title='bbox 1726 2499 1801 2524; x_wconf 90' lang='lat' dir='ltr'><strong>dicte</strong></span> <span class='ocrx_word' id='word_1_548' title='bbox 1821 2499 1904 2526; x_wconf 85' lang='lat' dir='ltr'><strong>hore:</strong></span> <span class='ocrx_word' id='word_1_549' title='bbox 1922 2499 1943 2524; x_wconf 91' lang='lat' dir='ltr'><strong>si</strong></span> <span class='ocrx_word' id='word_1_550' title='bbox 1961 2507 2026 2525; x_wconf 82' lang='lat' dir='ltr'><strong>vero</strong></span> <span class='ocrx_word' id='word_1_551' title='bbox 2042 2499 2071 2524; x_wconf 92' lang='lat' dir='ltr'><strong>in</strong></span> 
     </span>
     <span class='ocr_line' id='line_1_42' title="bbox 208 2548 2073 2582; baseline -0.001 -7"><span class='ocrx_word' id='word_1_552' title='bbox 208 2550 293 2575; x_wconf 89' lang='lat' dir='ltr'><strong>nonis</strong></span> <span class='ocrx_word' id='word_1_553' title='bbox 308 2550 392 2575; x_wconf 89' lang='lat' dir='ltr'><strong>Beate</strong></span> <span class='ocrx_word' id='word_1_554' title='bbox 405 2550 491 2575; x_wconf 89' lang='lat' dir='ltr'><strong>Marie</strong></span> <span class='ocrx_word' id='word_1_555' title='bbox 506 2549 640 2582; x_wconf 80' lang='lat' dir='ltr'><strong>legeritis.</strong></span> <span class='ocrx_word' id='word_1_556' title='bbox 657 2549 802 2574; x_wconf 88' lang='lat' dir='ltr'><strong>intrabitis</strong></span> <span class='ocrx_word' id='word_1_557' title='bbox 816 2549 846 2574; x_wconf 94' lang='lat' dir='ltr'><strong>in</strong></span> <span class='ocrx_word' id='word_1_558' title='bbox 860 2549 953 2582; x_wconf 91' lang='lat' dir='ltr'><strong>prima</strong></span> <span class='ocrx_word' id='word_1_559' title='bbox 969 2550 1132 2582; x_wconf 85' lang='lat' dir='ltr'><strong>pulsatione</strong></span> <span class='ocrx_word' id='word_1_560' title='bbox 1145 2557 1251 2582; x_wconf 82' lang='lat' dir='ltr'><strong>magne</strong></span> <span class='ocrx_word' id='word_1_561' title='bbox 1266 2556 1406 2581; x_wconf 88' lang='lat' dir='ltr'><strong>campane</strong></span> <span class='ocrx_word' id='word_1_562' title='bbox 1421 2548 1496 2573; x_wconf 88' lang='lat' dir='ltr'><strong>dicte</strong></span> <span class='ocrx_word' id='word_1_563' title='bbox 1509 2548 1580 2574; x_wconf 87' lang='lat' dir='ltr'><strong>hore</strong></span> <span class='ocrx_word' id='word_1_564' title='bbox 1597 2550 1625 2573; x_wconf 86' lang='lat' dir='ltr'><strong>et</strong></span> <span class='ocrx_word' id='word_1_565' title='bbox 1640 2555 1700 2573; x_wconf 89' lang='lat' dir='ltr'><strong>non</strong></span> <span class='ocrx_word' id='word_1_566' title='bbox 1715 2549 1792 2576; x_wconf 86' lang='lat' dir='ltr'><strong>ante,</strong></span> <span class='ocrx_word' id='word_1_567' title='bbox 1809 2555 1880 2580; x_wconf 84' lang='lat' dir='ltr'><strong>quas</strong></span> <span class='ocrx_word' id='word_1_568' title='bbox 1895 2548 1979 2573; x_wconf 90' lang='lat' dir='ltr'><strong>horas</strong></span> <span class='ocrx_word' id='word_1_569' title='bbox 1993 2550 2073 2574; x_wconf 85' lang='lat' dir='ltr'><strong>tene-</strong></span> 
     </span>
     <span class='ocr_line' id='line_1_43' title="bbox 208 2597 2068 2631; baseline -0.002 -7"><span class='ocrx_word' id='word_1_570' title='bbox 208 2598 274 2624; x_wconf 87' lang='lat' dir='ltr'><strong>bitis</strong></span> <span class='ocrx_word' id='word_1_571' title='bbox 288 2600 316 2624; x_wconf 88' lang='lat' dir='ltr'><strong>et</strong></span> <span class='ocrx_word' id='word_1_572' title='bbox 331 2599 426 2624; x_wconf 87' lang='lat' dir='ltr'><strong>taliter</strong></span> <span class='ocrx_word' id='word_1_573' title='bbox 441 2598 536 2623; x_wconf 86' lang='lat' dir='ltr'><strong>debite</strong></span> <span class='ocrx_word' id='word_1_574' title='bbox 549 2598 671 2630; x_wconf 81' lang='lat' dir='ltr'><strong>legendo</strong></span> <span class='ocrx_word' id='word_1_575' title='bbox 686 2598 903 2626; x_wconf 83' lang='lat' dir='ltr'><strong>continuabitis,</strong></span> <span class='ocrx_word' id='word_1_576' title='bbox 920 2598 1000 2631; x_wconf 84' lang='lat' dir='ltr'><strong>quod</strong></span> <span class='ocrx_word' id='word_1_577' title='bbox 1015 2598 1096 2623; x_wconf 86' lang='lat' dir='ltr'><strong>cedet</strong></span> <span class='ocrx_word' id='word_1_578' title='bbox 1110 2598 1145 2623; x_wconf 92' lang='lat' dir='ltr'><strong>ad</strong></span> <span class='ocrx_word' id='word_1_579' title='bbox 1159 2598 1303 2623; x_wconf 87' lang='lat' dir='ltr'><strong>honorem</strong></span> <span class='ocrx_word' id='word_1_580' title='bbox 1318 2599 1446 2622; x_wconf 87' lang='lat' dir='ltr'><strong>vestrum</strong></span> <span class='ocrx_word' id='word_1_581' title='bbox 1459 2598 1487 2622; x_wconf 90' lang='lat' dir='ltr'><strong>et</strong></span> <span class='ocrx_word' id='word_1_582' title='bbox 1502 2597 1644 2622; x_wconf 81' lang='lat' dir='ltr'><strong>facultatis</strong></span> <span class='ocrx_word' id='word_1_583' title='bbox 1658 2604 1689 2622; x_wconf 89' lang='lat' dir='ltr'><strong>ac</strong></span> <span class='ocrx_word' id='word_1_584' title='bbox 1704 2597 1860 2621; x_wconf 86' lang='lat' dir='ltr'><strong>utilitatem</strong></span> <span class='ocrx_word' id='word_1_585' title='bbox 1875 2597 2068 2621; x_wconf 83' lang='lat' dir='ltr'><strong>audientium.</strong></span> 
     </span>
     <span class='ocr_line' id='line_1_44' title="bbox 207 2645 2071 2680; baseline -0.002 -8"><span class='ocrx_word' id='word_1_586' title='bbox 207 2647 345 2680; x_wconf 82' lang='lat' dir='ltr'><strong>Alioquin</strong></span> <span class='ocrx_word' id='word_1_587' title='bbox 372 2647 449 2673; x_wconf 90' lang='lat' dir='ltr'><strong>vobis</strong></span> <span class='ocrx_word' id='word_1_588' title='bbox 470 2647 616 2673; x_wconf 88' lang='lat' dir='ltr'><strong>desidibus</strong></span> <span class='ocrx_word' id='word_1_589' title='bbox 632 2648 659 2672; x_wconf 91' lang='lat' dir='ltr'><strong>et</strong></span> <span class='ocrx_word' id='word_1_590' title='bbox 676 2646 890 2679; x_wconf 81' lang='lat' dir='ltr'><strong>negligentibus</strong></span> <span class='ocrx_word' id='word_1_591' title='bbox 910 2647 940 2671; x_wconf 93' lang='grc'><strong>111</strong></span> <span class='ocrx_word' id='word_1_592' title='bbox 960 2647 1105 2672; x_wconf 84' lang='lat' dir='ltr'><strong>dictarum</strong></span> <span class='ocrx_word' id='word_1_593' title='bbox 1126 2647 1266 2672; x_wconf 89' lang='lat' dir='ltr'><strong>horarum</strong></span> <span class='ocrx_word' id='word_1_594' title='bbox 1283 2646 1391 2672; x_wconf 89' lang='lat' dir='ltr'><strong>lectura</strong></span> <span class='ocrx_word' id='word_1_595' title='bbox 1406 2647 1434 2671; x_wconf 86' lang='lat' dir='ltr'><strong>et</strong></span> <span class='ocrx_word' id='word_1_596' title='bbox 1456 2645 1676 2671; x_wconf 89' lang='lat' dir='ltr'><strong>continuatione</strong></span> <span class='ocrx_word' id='word_1_597' title='bbox 1690 2645 1818 2678; x_wconf 84' lang='lat' dir='ltr'><strong>repertis,</strong></span> <span class='ocrx_word' id='word_1_598' title='bbox 1835 2647 1951 2678; x_wconf 84' lang='lat' dir='ltr'><strong>tempus</strong></span> <span class='ocrx_word' id='word_1_599' title='bbox 1967 2645 2071 2678; x_wconf 85' lang='lat' dir='ltr'><strong>hujus-</strong></span> 
     </span>
     <span class='ocr_line' id='line_1_45' title="bbox 207 2694 1588 2728; baseline -0.001 -7"><span class='ocrx_word' id='word_1_600' title='bbox 207 2696 288 2721; x_wconf 91' lang='lat' dir='ltr'><strong>modi</strong></span> <span class='ocrx_word' id='word_1_601' title='bbox 303 2696 413 2721; x_wconf 88' lang='lat' dir='ltr'><strong>lecture</strong></span> <span class='ocrx_word' id='word_1_602' title='bbox 428 2696 551 2721; x_wconf 88' lang='lat' dir='ltr'><strong>minime</strong></span> <span class='ocrx_word' id='word_1_603' title='bbox 566 2695 797 2728; x_wconf 84' lang='lat' dir='ltr'><strong>computabitur,</strong></span> <span class='ocrx_word' id='word_1_604' title='bbox 814 2695 857 2721; x_wconf 88' lang='lat' dir='ltr'><strong>vel</strong></span> <span class='ocrx_word' id='word_1_605' title='bbox 873 2695 941 2720; x_wconf 89' lang='lat' dir='ltr'><strong>alias</strong></span> <span class='ocrx_word' id='word_1_606' title='bbox 956 2698 1044 2728; x_wconf 89' lang='lat' dir='ltr'><strong>prout</strong></span> <span class='ocrx_word' id='word_1_607' title='bbox 1060 2696 1153 2720; x_wconf 81' lang='lat' dir='ltr'><strong>visum</strong></span> <span class='ocrx_word' id='word_1_608' title='bbox 1169 2695 1255 2720; x_wconf 90' lang='lat' dir='ltr'><strong>fuerit</strong></span> <span class='ocrx_word' id='word_1_609' title='bbox 1268 2694 1397 2720; x_wconf 87' lang='lat' dir='ltr'><strong>facultati</strong></span> <span class='ocrx_word' id='word_1_610' title='bbox 1412 2694 1588 2727; x_wconf 90' lang='lat' dir='ltr'><strong>puniemini.</strong></span> 
     </span>
    </p>

    <p class='ocr_par' dir='ltr' id='par_1_19' title="bbox 207 2742 2072 2826">
     <span class='ocr_line' id='line_1_46' title="bbox 297 2742 2072 2778; baseline -0.002 -9"><span class='ocrx_word' id='word_1_611' title='bbox 297 2744 354 2778; x_wconf 91' lang='grc'>(16)</span> <span class='ocrx_word' id='word_1_612' title='bbox 370 2745 443 2770; x_wconf 89' lang='lat' dir='ltr'><strong>Item</strong></span> <span class='ocrx_word' id='word_1_613' title='bbox 458 2744 604 2769; x_wconf 88' lang='lat' dir='ltr'><strong>intrabitis</strong></span> <span class='ocrx_word' id='word_1_614' title='bbox 619 2744 774 2769; x_wconf 87' lang='lat' dir='ltr'><strong>lectionem</strong></span> <span class='ocrx_word' id='word_1_615' title='bbox 791 2744 902 2769; x_wconf 88' lang='lat' dir='ltr'><strong>Decreti</strong></span> <span class='ocrx_word' id='word_1_616' title='bbox 918 2744 995 2769; x_wconf 86' lang='lat' dir='ltr'><strong>illius</strong></span> <span class='ocrx_word' id='word_1_617' title='bbox 1010 2744 1144 2773; x_wconf 73' lang='lat' dir='ltr'><strong>doctoris,</strong></span> <span class='ocrx_word' id='word_1_618' title='bbox 1161 2744 1191 2769; x_wconf 92' lang='grc'><strong>111</strong></span> <span class='ocrx_word' id='word_1_619' title='bbox 1207 2744 1291 2776; x_wconf 87' lang='lat' dir='ltr'><strong>cujus</strong></span> <span class='ocrx_word' id='word_1_620' title='bbox 1306 2743 1387 2769; x_wconf 90' lang='lat' dir='ltr'><strong>scolis</strong></span> <span class='ocrx_word' id='word_1_621' title='bbox 1401 2743 1509 2775; x_wconf 85' lang='lat' dir='ltr'><strong>legetis,</strong></span> <span class='ocrx_word' id='word_1_622' title='bbox 1527 2743 1581 2768; x_wconf 90' lang='lat' dir='ltr'><strong>nisi</strong></span> <span class='ocrx_word' id='word_1_623' title='bbox 1596 2750 1647 2776; x_wconf 89' lang='lat' dir='ltr'><strong>per</strong></span> <span class='ocrx_word' id='word_1_624' title='bbox 1660 2743 1808 2768; x_wconf 87' lang='lat' dir='ltr'><strong>doctorem</strong></span> <span class='ocrx_word' id='word_1_625' title='bbox 1822 2742 1971 2767; x_wconf 79' lang='lat' dir='ltr'><strong>vobiscum</strong></span> <span class='ocrx_word' id='word_1_626' title='bbox 1986 2742 2072 2767; x_wconf 74' lang='lat' dir='ltr'><strong>suerit</strong></span> 
     </span>
     <span class='ocr_line' id='line_1_47' title="bbox 207 2793 418 2826; baseline 0 -8"><span class='ocrx_word' id='word_1_627' title='bbox 207 2793 418 2826; x_wconf 86' lang='lat' dir='ltr'><strong>dispensatum.</strong></span> 
     </span>
    </p>

    <p class='ocr_par' dir='ltr' id='par_1_20' title="bbox 296 2841 1436 2876">
     <span class='ocr_line' id='line_1_48' title="bbox 296 2841 1436 2876; baseline 0 -10"><span class='ocrx_word' id='word_1_628' title='bbox 296 2841 353 2876; x_wconf 76' lang='lat'><em>(17)</em></span> <span class='ocrx_word' id='word_1_629' title='bbox 367 2842 439 2867; x_wconf 88' lang='lat' dir='ltr'><strong>Item</strong></span> <span class='ocrx_word' id='word_1_630' title='bbox 455 2849 515 2867; x_wconf 91' lang='lat' dir='ltr'><strong>non</strong></span> <span class='ocrx_word' id='word_1_631' title='bbox 530 2841 628 2874; x_wconf 83' lang='lat' dir='ltr'><strong>legetis</strong></span> <span class='ocrx_word' id='word_1_632' title='bbox 643 2842 784 2867; x_wconf 90' lang='lat' dir='ltr'><strong>solemnes</strong></span> <span class='ocrx_word' id='word_1_633' title='bbox 798 2841 966 2871; x_wconf 81' lang='lat' dir='ltr'><strong>Decretales,</strong></span> <span class='ocrx_word' id='word_1_634' title='bbox 983 2849 1040 2875; x_wconf 94' lang='lat' dir='ltr'><strong>que</strong></span> <span class='ocrx_word' id='word_1_635' title='bbox 1056 2842 1111 2874; x_wconf 81' lang='lat' dir='ltr'><strong>legi</strong></span> <span class='ocrx_word' id='word_1_636' title='bbox 1125 2842 1217 2867; x_wconf 84' lang='lat' dir='ltr'><strong>solent</strong></span> <span class='ocrx_word' id='word_1_637' title='bbox 1232 2849 1282 2874; x_wconf 89' lang='lat' dir='ltr'><strong>per</strong></span> <span class='ocrx_word' id='word_1_638' title='bbox 1296 2841 1436 2866; x_wconf 87' lang='lat' dir='ltr'><strong>doctores.</strong></span> 
     </span>
    </p>

    <p class='ocr_par' dir='ltr' id='par_1_21' title="bbox 298 2888 1864 2925">
     <span class='ocr_line' id='line_1_49' title="bbox 298 2888 1864 2925; baseline -0.002 -10"><span class='ocrx_word' id='word_1_639' title='bbox 298 2890 355 2924; x_wconf 85' lang='grc'>(18)</span> <span class='ocrx_word' id='word_1_640' title='bbox 371 2891 443 2916; x_wconf 87' lang='grc'>110111</span> <span class='ocrx_word' id='word_1_641' title='bbox 458 2898 517 2925; x_wconf 84' lang='grc'>11011</span> <span class='ocrx_word' id='word_1_642' title='bbox 533 2890 632 2922; x_wconf 80' lang='lat' dir='ltr'><strong>legetis</strong></span> <span class='ocrx_word' id='word_1_643' title='bbox 647 2890 701 2915; x_wconf 88' lang='lat' dir='ltr'><strong>nisi</strong></span> <span class='ocrx_word' id='word_1_644' title='bbox 716 2890 746 2915; x_wconf 91' lang='lat' dir='ltr'><strong>in</strong></span> <span class='ocrx_word' id='word_1_645' title='bbox 760 2891 840 2916; x_wconf 92' lang='lat' dir='ltr'><strong>scolis</strong></span> <span class='ocrx_word' id='word_1_646' title='bbox 855 2892 922 2916; x_wconf 88' lang='lat' dir='ltr'><strong>actu</strong></span> <span class='ocrx_word' id='word_1_647' title='bbox 935 2890 1069 2924; x_wconf 82' lang='lat' dir='ltr'><strong>regentis.</strong></span> <span class='ocrx_word' id='word_1_648' title='bbox 1085 2891 1139 2916; x_wconf 89' lang='lat' dir='ltr'><strong>nisi</strong></span> <span class='ocrx_word' id='word_1_649' title='bbox 1153 2898 1204 2924; x_wconf 87' lang='lat' dir='ltr'><strong>per</strong></span> <span class='ocrx_word' id='word_1_650' title='bbox 1219 2890 1375 2923; x_wconf 85' lang='lat' dir='ltr'><strong>collegium</strong></span> <span class='ocrx_word' id='word_1_651' title='bbox 1390 2889 1539 2915; x_wconf 71' lang='lat' dir='ltr'><strong>vobiscum</strong></span> <span class='ocrx_word' id='word_1_652' title='bbox 1555 2888 1641 2914; x_wconf 85' lang='lat' dir='ltr'><strong>fuerit</strong></span> <span class='ocrx_word' id='word_1_653' title='bbox 1656 2888 1864 2921; x_wconf 86' lang='lat' dir='ltr'><strong>dispensatum.</strong></span> 
     </span>
    </p>
   </div>
  </div>
 </body>
</html>
