2488 3386
461 359 525 391 600
1037 363 1353 387 CHARTULARHJM
1388 363 1574 385 umvizns.
1611 362 1739 384 rmus.
2225 349 2324 386 [1393

462 454 531 475 una
552 441 677 474 cedula
698 439 908 478 interclusa,
936 445 971 471 et
1000 438 1166 483 supplico
1189 444 1359 482 quantum
1382 448 1531 481 possum
1553 443 1593 469 ut
1617 448 1697 469 cum
1720 436 1867 469 domino
1894 437 1999 469 Petro
2023 435 2189 477 Minhoti,
2210 435 2324 469 latore

462 507 697 553 presentium,
725 518 804 539 cum
833 505 948 538 literis
976 512 1011 538 et
1038 504 1184 549 scriptis
1204 503 1320 536 libere
1349 503 1427 548 regi
1457 502 1676 548 presentatis
1697 514 1802 548 quam
1829 502 1943 535 cicius
1970 502 2049 535 fieri
2075 502 2220 547 poterit,
2242 502 2325 547 quia

463 575 566 607 etiam
589 574 632 606 de
654 573 721 605 hoc
743 572 863 605 scribo
885 572 1032 605 domino
1048 570 1225 612 J0[hanni]
1245 569 1416 607 Minhoti;
1435 569 1519 602 item
1541 569 1646 602 etiam
1665 563 1823 602 dominis
1844 568 1999 602 ducibus
2019 568 2272 602 Aurelianens.
2291 574 2327 601 et

465 642 508 674 de
539 639 735 680 Borbonio,
765 639 795 672 si
830 645 915 672 sunt
944 638 1013 679 ibi3
1044 638 1127 670 item
1159 636 1263 669 etiam
1297 636 1444 669 domino
1475 635 1716 669 chancellario
1749 636 1920 669 Francie⁶
1950 635 2088 669 faciatis
2123 635 2326 680 presentari

463 707 586 740 literas
615 713 649 739 et
675 705 821 747 librum,
845 717 950 750 quem
973 704 1043 737 sibi
1064 704 1178 736 mitto.
1203 702 1329 736 Scribo
1351 702 1455 735 etiam
1478 702 1636 735 dominis
1658 702 1831 748 episcopo
1856 702 2162 736 Altisiodorensi⁷
2184 702 2327 735 confes-

464 773 538 806 sori
560 780 595 805 et
614 773 741 805 Petro⁸
761 772 805 804 de
826 771 974 816 Allyaco
995 769 1292 810 helemosinariO,
1319 768 1453 814 quibus
1481 769 1585 802 etiam
1614 776 1653 802 ut
1682 768 1830 802 brevius
1858 769 2024 814 poteritis
2044 768 2183 802 faciatis
2203 768 2327 801 literas

464 838 677 885 presentari.
701 838 855 871 Domino
876 836 1043 881 Philippo
1065 836 1108 868 de
1130 835 1318 868 Maseriis⁹
1342 835 1437 880 apud
1458 835 1665 869 Celestinos
1691 835 1812 868 scribo
1834 836 1939 869 etiam
1960 847 2066 868 unam
2089 835 2242 877 literam,
2266 834 2327 880 qui

464 906 633 939 dominus
654 916 756 938 meus
776 904 945 948 antiquus
967 907 1045 944 [est]
1067 909 1101 935 et
1123 902 1167 935 de
1189 903 1293 947 cujus
1314 901 1542 935 orationibus
1570 901 1720 935 multum
1743 902 1900 943 confido,
1929 909 1964 935 et
1992 902 2094 935 mitto
2123 901 2193 935 sibi
2221 901 2327 935 etiam

464 985 569 1005 unam
592 972 729 1016 copiam
753 971 930 1003 dictorum
960 970 1193 1014 scriptorum,
1216 975 1251 1001 et
1278 969 1308 1001 si
1337 968 1455 1014 placet
1483 968 1601 1013 ipsum
1633 968 1766 1001 librum
1795 969 1965 1014 aperiatis
1995 975 2030 1002 et
2060 969 2203 1014 legatis,
2232 975 2268 1001 et
2296 967 2327 1001 si

463 1039 600 1083 aliquid
620 1038 670 1070 ibi
692 1038 739 1070 sit
754 1036 859 1070 vobis
881 1035 1063 1081 placibile,
1080 1035 1220 1068 faciatis
1236 1034 1342 1068 vobis
1364 1035 1442 1068 fieri
1464 1047 1571 1068 unam
1593 1035 1733 1080 copiam
1751 1036 1943 1081 expenssis
1964 1035 2069 1076 meis,
2087 1047 2191 1080 quam
2214 1046 2328 1080 penes

462 1117 527 1139 vos
548 1104 711 1138 teneatis.
735 1104 864 1137 Coram
887 1104 962 1135 Deo
984 1102 1127 1147 loquor,
1145 1101 1332 1135 veritatem
1354 1102 1464 1135 credo
1485 1102 1694 1147 scripsisse,
1713 1108 1832 1135 tamen
1853 1108 1961 1147 prout
1980 1101 2082 1135 scitis
2102 1101 2329 1135 reverencia-

462 1172 546 1205 liter
566 1171 674 1204 habui
696 1169 870 1210 scribere,
889 1169 933 1201 ad
955 1169 1114 1213 speciem
1136 1180 1209 1201 non
1227 1168 1500 1202 descendendo.
1523 1170 1567 1201 Et
1586 1168 1767 1214 supplico,
1786 1175 1957 1214 quantum
1979 1168 2127 1202 brevius
2149 1168 2327 1214 poteritis,

463 1238 631 1271 dominus
653 1236 842 1281 Philippus
872 1235 1058 1280 predictus
1086 1234 1216 1268 habeat
1242 1235 1381 1280 copiam
1412 1247 1517 1280 quam
1546 1235 1660 1268 mitto.
1691 1236 1733 1268 In
1753 1235 1903 1269 veritate
1933 1247 2006 1268 non
2035 1235 2151 1268 habeo
2172 1235 2328 1280 optimos

462 1305 673 1349 scriptores,
700 1314 810 1347 quare
840 1302 993 1347 parcatis
1019 1302 1063 1334 de
1091 1301 1182 1334 mala
1203 1301 1335 1334 littera.
1360 1302 1395 1334 Si
1417 1301 1588 1335 dominus
1609 1303 1738 1335 Petrus
1759 1301 1914 1335 Minhoti
1935 1314 2007 1335 non
2028 1308 2084 1335 est
2108 1301 2158 1335 ibi
2178 1301 2236 1335 vel
2256 1313 2329 1335 non

462 1378 577 1417 potest
600 1371 793 1411 interesse,
812 1369 979 1414 supplico
1000 1368 1106 1402 vobis
1127 1375 1166 1401 ut
1186 1380 1251 1414 per
1270 1381 1336 1402 vos
1358 1369 1476 1414 ipsum
1498 1369 1555 1402 vel
1576 1368 1684 1401 alium
1705 1369 1856 1402 latorem
1879 1369 2058 1414 dirigatis,
2077 1369 2175 1414 quod
2195 1368 2274 1414 regi
2295 1375 2331 1402 et

460 1438 592 1471 ceteris
613 1436 770 1469 dominis
796 1435 900 1468 litere
922 1442 1180 1480 presententur
1200 1434 1349 1468 brevius
1371 1447 1442 1480 quo
1463 1435 1543 1468 fieri
1571 1436 1717 1480 poterit.
1745 1437 1789 1468 Et
1813 1436 1892 1481 regi
1918 1442 2150 1481 presentetur
2170 1435 2264 1468 liber
2284 1435 2328 1469 de

461 1504 704 1550 pergamenis,
731 1509 766 1535 et
793 1502 940 1535 domino
970 1501 1212 1535 chancellario
1243 1501 1336 1535 alius
1363 1502 1457 1535 liber
1478 1502 1607 1547 papiri,
1638 1514 1703 1547 pro
1728 1502 1834 1536 vobis
1862 1509 1897 1535 et
1925 1502 2073 1535 domino
2095 1502 2261 1548 Philippo
2283 1502 2328 1535 de

462 1571 628 1604 Maseriis
646 1576 701 1603 est
717 1569 851 1602 tercius
867 1569 960 1601 liber
977 1575 1015 1602 ut
1036 1568 1189 1614 predixi.
1208 1569 1336 1602 Scribo
1352 1570 1459 1603 etiam
1481 1569 1736 1610 Universitati‚
1755 1575 1807 1611 ut,
1822 1569 1857 1603 si
1874 1569 1972 1603 dicta
1987 1570 2124 1614 scripta
2139 1569 2188 1603 ad
2207 1581 2330 1603 manus

460 1649 582 1672 eorum
601 1636 838 1681 pervenerint,
856 1636 1001 1681 benigne
1021 1636 1213 1681 corrigant
1231 1641 1264 1670 et
1283 1641 1505 1681 supportent.

551 1704 713 1736 Placeret
732 1702 935 1743 Altissimo,
958 1702 1055 1747 quod
1077 1714 1204 1735 omnes
1225 1702 1392 1735 homines
1415 1702 1553 1744 mundi,
1582 1703 1644 1748 qui
1669 1702 1713 1736 ad
1734 1703 1935 1736 tollendum
1956 1703 2053 1736 istud
2075 1709 2144 1736 tam
2167 1702 2328 1736 deforme

464 1778 498 1804 et
518 1770 742 1803 mortiferum
765 1769 895 1802 malum
917 1769 976 1814 pio
997 1769 1107 1802 corde
1129 1769 1336 1811 intendunt,
1356 1769 1386 1802 si
1407 1769 1558 1803 meliora
1579 1770 1712 1815 scripta
1733 1782 1807 1803 non
1825 1769 1971 1811 habent,
1993 1769 2170 1803 haberent
2189 1768 2328 1815 copiam

462 1848 624 1871 veracem
655 1835 872 1880 scriptorum
900 1835 1052 1868 istorum
1075 1847 1148 1868 non
1169 1835 1490 1880 sophisticatorum
1512 1847 1578 1869 nec
1598 1836 1900 1881 sompniatorum,
1922 1836 1988 1869 sed
2016 1843 2222 1869 sanctorum
2244 1836 2330 1869 doc-

463 1911 581 1937 torum
607 1909 639 1935 et
666 1902 817 1935 aliorum
847 1902 1103 1947 magistrorum
1131 1902 1350 1947 sapientum,
1379 1909 1417 1935 ut
1447 1909 1567 1947 potest
1594 1903 1732 1936 videre.
1764 1904 1837 1936 Hec
1863 1903 1981 1948 quoad
2008 1902 2105 1936 illam
2132 1903 2327 1939 materiam.

552 1970 587 2003 Si
614 1976 731 2002 tamen
758 1969 837 2001 fieri
859 1969 987 2013 possit,
1015 1969 1164 2001 multum
1191 1969 1322 2002 vellem
1349 1969 1483 2002 habere
1512 1970 1791 2015 responsionem
1818 1982 1837 2003 a
1862 1970 1996 2015 rege⁴⁰.
2020 1971 2061 2002 In
2081 1969 2149 2003 hoc
2178 1969 2328 2003 multum
2355 2000 2358 2003 ,

464 2043 634 2082 poterunt
654 2036 831 2080 prodesse
852 2035 1022 2068 dominus
1044 2035 1322 2077 chancellarius,
1345 2036 1516 2069 dominus
1537 2037 1740 2078 confessor,
1764 2037 1935 2070 dominus
1956 2036 2273 2078 helemosinarius,
2296 2042 2331 2069 et

464 2103 632 2136 dominus
653 2104 806 2143 P[etrus]
830 2101 983 2134 Minhoti
1004 2102 1061 2135 vel
1082 2102 1172 2135 alter
1193 2102 1369 2147 ipsorum.
1394 2104 1436 2135 Et
1456 2110 1604 2148 apparet
1631 2103 1739 2136 miehi
1765 2103 1876 2148 quod,
1898 2109 2087 2148 antequam
2117 2103 2176 2136 fiat
2203 2102 2329 2136 relatio

466 2170 542 2214 regi
564 2170 607 2202 de
629 2169 775 2214 scriptis
796 2169 899 2213 ipsis,
923 2168 991 2201 iste
1012 2168 1104 2201 lator
1125 2169 1284 2213 potuerit
1305 2156 1536 2214 expedivisse
1557 2169 1710 2215 agenda,
1734 2176 1769 2203 et
1787 2170 1878 2203 facta
1899 2169 2080 2203 relacione
2102 2169 2180 2215 regi
2205 2176 2331 2215 posset

466 2237 543 2269 fieri
565 2247 814 2280 responssum.
837 2236 889 2268 Et
910 2236 1045 2268 utinam
1066 2236 1174 2269 etiam
1196 2236 1424 2270 Universitas
1444 2241 1525 2270 tunc
1544 2236 1704 2270 vidisset.
1729 2236 1913 2281 Supplico,
1937 2249 2009 2269 non
2031 2236 2209 2281 plangatis
2229 2235 2330 2269 labo-

466 2315 539 2335 rem
563 2302 669 2334 unius
690 2302 820 2342 noctis,
850 2308 886 2333 ut
909 2301 1114 2334 immediate
1141 2302 1298 2347 receptis
1323 2302 1557 2347 presentibus
1586 2309 1656 2335 tota
1685 2303 1762 2348 ipsa
1790 2303 1923 2348 scripta
1951 2302 2093 2347 legatis,
2122 2302 2239 2335 saltim
2261 2314 2330 2335 una

465 2370 555 2401 vice.
578 2368 836 2401 Attestcztiones
850 2367 1078 2401 dominorum
1095 2368 1370 2402 cardinalium¹¹
1388 2381 1453 2402 vos
1475 2369 1599 2414 legere
1621 2381 1694 2402 non
1716 2376 1876 2414 oportet3
1900 2369 1981 2414 quia
1997 2368 2107 2401 credo
2124 2369 2221 2413 quod
2242 2369 2329 2402 satis

467 2435 630 2477 legeritis
647 2445 706 2466 eas
724 2440 884 2478 tempore
906 2435 1091 2478 preteritO.
1111 2435 1231 2467 Credo
1249 2435 1346 2479 quod
1367 2436 1558 2480 reperiatis
1579 2436 1665 2468 ibi¹²
1681 2447 1778 2476 vera,
1797 2435 1991 2480 placibilia,
2009 2447 2135 2468 secura
2152 2441 2187 2467 et
2202 2435 2330 2469 devota

468 2507 503 2533 et
524 2512 592 2544 que
614 2506 766 2544 possunt
789 2511 916 2532 secure
938 2500 1016 2532 sine
1038 2500 1200 2544 periculo
1223 2508 1256 2534 et
1277 2501 1409 2546 injuria
1431 2502 1646 2546 presentari.
1671 2503 1713 2534 Et
1733 2501 1938 2542 verissime,
1960 2501 1990 2534 si
2006 2502 2079 2545 jam
2101 2501 2232 2534 scirem
2252 2501 2329 2546 ipsa

469 2566 546 2610 regi
568 2571 785 2610 presentata,
804 2565 979 2597 mitterem
1003 2566 1147 2599 illoru'm
1166 2567 1305 2612 copiam
1321 2567 1504 2612 aliquibus
1522 2568 1680 2601 dominis
1702 2568 1792 2600 meis
1813 2567 2058 2600 cardinalibus
2075 2567 2112 2599 in
2134 2567 2328 2607 Avinione,

469 2640 504 2665 et.
524 2631 718 2677 gauderem
742 2631 772 2663 si
793 2631 959 2664 venirent
979 2632 1021 2664 ad
1043 2632 1170 2665 oculos
1192 2634 1444 2678 superioris¹³,
1471 2635 1553 2679 quia
1581 2634 1662 2679 plus
1689 2646 1793 2678 quam
1820 2633 2131 2667 mirabilissimu'm
2153 2640 2209 2666 est
2233 2633 2330 2678 quod

469 2705 604 2732 tantum
634 2696 763 2729 malum
793 2708 856 2741 per
884 2703 934 2729 tot
962 2705 993 2730 et
1024 2705 1141 2731 tantos
1172 2700 1295 2732 tandiu
1326 2701 1435 2733 fuerit
1464 2700 1719 2733 tolleratum¹¹·.
1748 2701 1820 2733 Nec
1849 2707 1946 2733 certe
1974 2712 2043 2745 ego
2073 2711 2191 2733 essem
2220 2711 2330 2733 ausus

468 2766 609 2798 levasse
637 2763 823 2803 calamum,
852 2763 922 2795 nisi
953 2776 1015 2796 rex
1044 2777 1106 2809 per
1131 2777 1215 2798 suas
1245 2767 1384 2800 litteras
1414 2767 1522 2800 michi
1550 2779 1692 2800 causam
1723 2767 1955 2812 prestitisset.
1990 2768 2031 2799 Et
2059 2767 2166 2799 modo
2194 2766 2330 2799 forcius

470 2837 576 2876 urget
604 2829 759 2862 fidelitas
788 2835 935 2873 propter
955 2841 1074 2862 curam
1105 2831 1204 2876 regis
1232 2844 1304 2864 non
1332 2840 1451 2866 tacere
1479 2845 1548 2878 que
1579 2833 1756 2878 prodesse
1787 2840 1953 2878 possunt.
1985 2818 2219 2877 Expedienda
2244 2835 2330 2877 (que

471 2897 636 2942 supplico
659 2896 702 2928 de
724 2894 828 2928 solita
848 2895 1071 2940 benignitate
1093 2897 1274 2942 dirigatis)
1298 2906 1395 2932 extra
1417 2900 1518 2933 istam
1541 2900 1697 2932 litteram
1718 2899 1824 2944 posui
1853 2900 1889 2932 in
1909 2899 1978 2933 alio
2000 2899 2149 2944 scripto,
2172 2906 2206 2932 et
2224 2898 2329 2932 vobis
