2488 3386
505 308 545 340 10
1078 317 1392 339 CHARTULARIUM
1427 316 1617 338 umvcns.
1656 315 1783 338 PAmS.
2258 303 2359 339 [1351

502 390 707 434 privilegio,
731 391 957 435 exemptione
979 397 1011 422 et
1029 391 1141 435 gratia
1161 390 1345 435 magistris
1369 389 1527 422 parisius
1549 389 1585 421 in
1607 389 1703 421 dicto
1725 388 1862 421 Ordine
1883 388 2071 420 concessis
2093 394 2128 420 et
2152 390 2358 434 consuetis:

503 463 538 489 et
558 457 652 500 quod
675 456 744 489 sibi
767 457 998 501 provideatur
1018 456 1060 488 ab
1089 456 1225 489 Ordine
1250 456 1343 488 sicut
1368 456 1540 500 magistro
1571 454 1767 487 Parisiensi
1790 454 1875 486 dicti
1896 453 2045 487 Ordinis
2076 453 2155 486 fieri
2189 461 2245 488 est
2275 467 2360 488 con-

503 529 659 564 suetum,
685 535 757 555 non
779 522 943 555 obstante
964 522 1222 555 constitutione
1247 523 1336 554 facta
1362 522 1398 553 in
1424 521 1643 553 contrarium
1669 520 1703 552 in
1731 519 1897 564 Capitulo
1918 519 2081 564 generali
2104 520 2190 553 dicti
2210 521 2358 554 Ordinis

500 600 594 621 anno
616 589 759 621 Domini
780 589 1036 627 M⁰CCC¹¹¹⁰L10,
1057 589 1093 620 in
1114 589 1205 621 sesto
1227 587 1486 620 Penthecostes
1506 586 1664 619 Tholose
1683 585 1877 618 celebrato.
1895 606 1939 610 --
1959 586 2036 618 Fiat
2055 598 2119 631 per
2139 587 2355 620 cardinalem

501 655 710 687 Sanctorum
727 655 926 687 Marcellini
947 661 982 687 ct
1002 655 1110 693 Petri,
1132 654 1267 687 vocatis
1287 653 1470 698 magistris
1488 653 1531 685 de
1549 652 1682 697 quihus
1698 652 1894 684 videbitur.
1914 653 2065 685 R.—Et
2085 653 2183 697 quod
2199 660 2355 687 transeat

498 721 575 753 sine
596 721 662 754 alia
684 721 850 753 lectione.
873 742 916 746 -—
939 721 1022 753 Fiat.
1042 722 1081 753 R.
1101 741 1143 744 —
1160 721 1236 753 Dat.
1263 720 1357 764 apud
1378 719 1640 752 Villamnovam
1662 719 1832 751 Avinion.
1856 718 1948 751 dioc.
1969 718 2037 751 kal.
2061 719 2243 759 Octobris,
2261 732 2355 753 anno

498 787 649 819 decimo.

589 885 651 915 Reg.
668 885 723 907 Vat.
747 885 838 915 Suppl.
860 884 984 907 clement.
1002 885 1042 911 VI,
1066 892 1108 906 an.
1130 884 1166 911 10,
1190 883 1234 907 sol.
1256 883 1325 906 1501‘.
1343 897 1370 900 -
1386 884 1478 906 Exstat
1497 883 1528 906 de
1547 882 1596 905 hoc
1618 882 1771 905 mandatum
1796 883 1970 913 apostolicum
1993 883 2110 914 ejusdem
2129 884 2256 915 temporis
2278 888 2354 908 notae

494 928 620 951 directum
644 929 676 951 ad
699 929 840 956 Pastorem,
863 928 909 951 SS.
930 928 1074 951 Marcellini
1094 931 1119 950 ct
1138 927 1206 950 Petri
1227 927 1316 958 presb.
1337 927 1418 955 card.,
1440 927 1466 949 in
1487 935 1537 958 quo
1557 926 1634 949 etiam
1660 926 1808 949 litterarum
1831 927 1945 958 apostol.
1967 935 2009 951 nn.
2031 928 2099 956 1346,
2126 928 2218 952 Octob.
2239 929 2268 952 25
2290 929 2352 959 (vid.

496 973 633 1000 ChartaL,
646 973 677 1003 11,
692 977 720 995 n⁰
738 973 806 1000 1135)
823 972 918 995 mentio
936 972 965 994 fit
976 973 997 1001 (α
1009 972 1151 1002 Religionis
1170 974 1284 994 meretur
1295 979 1316 999 1),
1326 972 1388 1002 ch.
1406 971 1516 999 Comm.,
1533 975 1562 993 n⁰
1574 971 1627 999 211,
1644 971 1687 994 sol.
1704 971 1767 1000 154).
1783 971 1850 994 lbid.
1862 971 1980 994 Clemens
1994 972 2026 995 VI
2042 972 2144 1001 scribit,
2159 973 2305 996 Johannem
2320 973 2353 996 nd

494 1017 618 1040 Ordinem
634 1017 766 1040 Carmelit.
779 1017 810 1039 de
827 1016 923 1039 Ordine
940 1018 1051 1039 fratrum
1063 1016 1201 1041 Minox-um,
1216 1024 1292 1046 quem
1308 1017 1445 1046 professus
1462 1016 1556 1043 fuerat,
1572 1015 1688 1046 legitime
1704 1015 1850 1044 transiisse,
1863 1019 1888 1038 et
1898 1015 1963 1039 haec
1975 1016 2056 1039 verba
2068 1016 2097 1039 in
2107 1017 2242 1048 prioribus
2257 1017 2352 1041 litteris

492 1061 662 1084 cancellariae
677 1061 835 1091 apostolicae
852 1069 863 1083 ((
879 1060 904 1082 in
918 1068 1010 1083 rasura
1026 1068 1037 1082 υ
1054 1060 1152 1091 scripta
1169 1060 1257 1083 fuisse.
1274 1059 1452 1090 Magistretur,
1468 1067 1618 1090 quanquam
1636 1068 1647 1082 (‹
1661 1060 1788 1083 lecturum
1803 1059 1887 1083 Biblie
1900 1063 1924 1083 et
1937 1060 2129 1084 Sententiarum
2146 1069 2197 1084 non
2214 1061 2275 1085 fecit
2287 1069 2311 1086 n.

492 1260 630 1298 1200.
653 1270 804 1303 Iohannes,
829 1278 880 1295 rex
902 1271 1081 1303 Francorum,
1111 1270 1259 1295 occasione
1285 1269 1434 1304 cujusdam
1455 1269 1553 1303 duelli,
1581 1269 1713 1295 declarat
1733 1271 1851 1295 Pratum
1875 1270 2045 1296 Olet-icarum
2065 1270 2106 1296 ad
2133 1271 2348 1297 Universitatem

574 1318 667 1344 Paris.
681 1319 833 1354 pertinere.

1660 1364 1733 1392 1351,
1749 1363 1896 1389 Decembris
1910 1365 1934 1393 9.
1949 1364 2062 1390 Parisiis.

572 1455 754 1488 Johannes
782 1455 846 1487 Dei
870 1455 982 1499 gratia
1003 1456 1220 1487 Francorum
1244 1467 1316 1487 rex.
1342 1456 1470 1487 Notum
1499 1455 1650 1487 facimus
1672 1456 1855 1488 universis
1882 1456 2116 1500 presentibus
2141 1463 2176 1490 et
2199 1457 2344 1491 futuris.

483 1522 579 1566 quod
595 1533 675 1554 cum
697 1533 739 1553 ex
759 1521 992 1553 ordinacione
1010 1528 1044 1553 et
1060 1528 1231 1566 precepto
1253 1533 1316 1554 seu
1334 1521 1518 1554 voluntate
1537 1522 1673 1554 nostris
1690 1534 1756 1566 pro
1774 1522 1896 1555 duello
1914 1522 1990 1556 sive
2008 1522 2118 1564 bello,
2137 1523 2235 1568 quod
2251 1523 2346 1557 inter

484 1588 652 1620 dilectum
674 1594 708 1620 et
729 1587 871 1619 fidelem
897 1594 1059 1620 nostrum
1083 1587 1268 1620 dominum
1289 1588 1333 1620 de
1355 1588 1586 1621 Garanceriis
1608 1588 1759 1621 militem
1781 1600 1823 1621 ex
1848 1601 1918 1621 una
1940 1595 2053 1633 parte,
2070 1596 2105 1622 et
2126 1589 2342 1623 Richardum

482 1656 658 1687 Totessan
675 1653 718 1686 de
735 1653 865 1698 Anglia
883 1653 1031 1686 militem
1053 1665 1095 1686 ex
1114 1653 1236 1694 altera,
1259 1654 1516 1687 concordatum
1534 1655 1671 1687 exstitit
1687 1667 1806 1688 coram
1829 1654 1936 1688 nobis
1956 1655 2035 1688 fieri
2052 1656 2266 1701 exequendo
2286 1656 2343 1690 vel

482 1720 657 1765 agendo',
677 1720 765 1752 facta
787 1720 832 1752 sit
853 1719 923 1752 hiis
948 1719 1077 1753 diebus
1099 1720 1252 1764 quedam
1274 1720 1439 1753 clausura
1461 1721 1644 1766 lignorum
1668 1733 1733 1754 seu
1755 1721 2011 1767 repagulorum
2033 1734 2146 1767 prope
2166 1722 2341 1756 abbatiam

483 1788 517 1820 S.
536 1786 706 1820 Germani
727 1786 770 1818 de
792 1786 906 1818 Pratis
925 1787 1026 1830 juxta
1052 1786 1223 1828 Parisius,
1242 1787 1279 1819 in
1304 1794 1404 1831 prato
1430 1787 1602 1820 videlicet
1627 1788 1724 1832 quod
1741 1789 1883 1821 Pratum
1908 1788 2123 1826 clericorum
2145 1789 2343 1834 vulgariter

481 1859 719 1897 nuncupatur,
756 1852 853 1896 quod
889 1852 1034 1896 quidem
1064 1859 1202 1897 pratum
1237 1853 1359 1886 dilecti
1395 1854 1510 1886 nostri
1541 1861 1661 1887 rector
1691 1861 1726 1887 et
1755 1855 1974 1888 universitas
2004 1855 2197 1888 scolarium
2228 1856 2340 1889 Paris.

481 1920 605 1952 dicunt
625 1925 659 1951 et
674 1925 841 1951 asserunt
856 1918 1123 1951 admortizatum
1142 1931 1223 1952 esse
1241 1926 1276 1952 et
1293 1926 1457 1964 tanquam
1476 1932 1551 1953 rem
1568 1927 1779 1965 perpetuam
1797 1928 1832 1954 et
1847 1921 2115 1954 admortizatam
2132 1922 2176 1955 ad
2193 1922 2342 1956 eosdem

481 1992 656 2018 rectorem
683 1991 718 2017 et
747 1984 905 2017 scolares
935 1985 1189 2018 universaliter
1218 1986 1414 2030 pertine1·e‚
1445 1987 1666 2020 intencionis
1697 1994 1821 2020 nostre
1850 2000 1923 2020 non
1952 1988 2019 2020 fuit
2048 2000 2114 2021 nec
2144 1988 2261 2022 adhuc
2287 1995 2360 2022 est'

481 2052 577 2097 quod
599 2057 745 2096 propter
766 2051 893 2083 dictam
915 2051 1116 2084 clausuram
1142 2051 1192 2084 ibi
1215 2052 1339 2085 factam
1363 2052 1420 2085 vel
1442 2053 1619 2086 actionem
1645 2066 1709 2086 seu
1731 2054 1988 2087 execucionem
2017 2054 2130 2087 duelli
2155 2055 2232 2088 sive
2252 2054 2340 2088 belli

478 2117 686 2162 hujusmodi
702 2117 849 2152 ibidem,
869 2124 907 2149 ut
927 2117 1127 2162 predictum
1145 2124 1211 2159 est,
1230 2119 1427 2163 peragendi
1445 2119 1502 2152 vel
1522 2119 1705 2164 aliquibus
1726 2120 1807 2153 aliis
1826 2133 1895 2165 que
1916 2120 1962 2154 ob
1979 2121 2046 2154 hoc
2063 2121 2114 2153 ibi
2130 2121 2209 2154 fieri
2225 2121 2340 2155 conti-

479 2184 573 2229 gerit
591 2183 649 2216 vel
669 2183 854 2228 contingat
872 2183 938 2216 ista
958 2184 1049 2225 vice,
1076 2184 1170 2216 dicte
1194 2185 1428 2218 Universitati
1446 2197 1510 2218 seu
1532 2187 1665 2219 rectori
1682 2186 1738 2220 vel
1753 2187 1964 2220 'scolaribus
1990 2187 2154 2232 ejusdem
2179 2199 2243 2220 seu
2264 2188 2339 2232 juri

480 2262 616 2290 eorum,
640 2249 737 2294 quod
757 2249 890 2282 habent
905 2249 961 2282 vel
982 2249 1114 2282 hahere
1133 2262 1171 2283 se
1189 2251 1408 2295 pretendunt
1428 2252 1464 2284 in
1486 2259 1586 2297 prato
1609 2253 1786 2297 predicto,
1804 2253 2045 2298 prejudicium
2064 2253 2211 2298 aliquod
2227 2265 2339 2299 gene-

479 2323 589 2357 retur,
611 2316 682 2348 imo
700 2317 761 2360 jus
783 2327 886 2348 suum
913 2316 1093 2360 integrum
1120 2323 1155 2349 et
1174 2316 1318 2350 illesum
1344 2318 1381 2350 in
1407 2318 1589 2360 omnibus,
1611 2331 1684 2351 non
1710 2319 1941 2353 obstantibus
1961 2319 2148 2364 predictis,
2169 2320 2338 2353 volumus

478 2388 652 2427 perpetuo
669 2393 867 2414 remanere.
885 2382 990 2424 Quod
1007 2389 1046 2414 ut
1061 2382 1202 2415 firmum
1220 2390 1255 2415 et
1275 2384 1403 2417 stabile
1425 2392 1634 2429 permaneat
1649 2386 1685 2418 in
1702 2386 1876 2424 futurum,
1895 2393 2059 2419 nostrum
2077 2386 2239 2432 sigillum
2256 2398 2337 2432 pre-

478 2447 643 2481 sentibus
663 2447 792 2480 litteris
819 2448 985 2480 duximus
1006 2449 1274 2493 apponendum,
1299 2457 1424 2483 nostro
1451 2458 1486 2484 et
1505 2451 1574 2484 alio
1596 2452 1633 2484 in
1654 2452 1824 2485 omnibus
1841 2454 1925 2497 jure
1951 2453 2063 2486 salvo.
2086 2454 2214 2486 Datum
2242 2453 2338 2486 Pari-

478 2515 555 2547 sius
575 2514 610 2546 ix
627 2514 683 2546 die
701 2513 924 2555 Decembris,
946 2526 1039 2547 anno
1057 2515 1200 2547 Domini
1218 2516 1411 2549 millesimo
1429 2518 1518 2551 CCC
1535 2518 1838 2564 quinquagesimo
1861 2519 1990 2564 primo.
2013 2520 2086 2553 Per
2102 2531 2233 2564 regem,

1912 2587 2111 2618 Bmenm.

569 2624 645 2647 Arch.
658 2627 711 2647 nat.
730 2623 813 2647 Paris.
828 2624 868 2647 JJ.
885 2624 921 2650 81,
940 2624 984 2647 fol.
998 2625 1037 2656 38,
1051 2629 1080 2647 n⁰
1096 2626 1133 2650 74.

570 2716 593 2739 1.
608 2716 683 2747 Apud
701 2716 752 2740 Les
766 2717 870 2746 yrand.
890 2716 986 2740 chron.
1000 2718 1031 2740 de
1045 2717 1162 2745 France,
1178 2718 1218 2740 ed.
1232 2718 1259 2741 P.
1274 2718 1356 2747 Paris,
1371 2720 1413 2748 Vl,
1427 2721 1450 2747 6,
1467 2724 1598 2749 narratur,
1622 2722 1691 2753 quod
1712 2730 1754 2746 an.
1777 2723 1846 2751 1352,
1863 2723 1984 2746 Decemb.
1999 2724 2022 2751 4,
2040 2731 2051 2746 «
2068 2731 2096 2746 se
2111 2723 2158 2746 dut
2172 2723 2306 2746 comhatre
2320 2723 2335 2746 ii

475 2760 550 2784 Paris
564 2769 597 2783 un
615 2761 665 2783 duc
680 2760 866 2791 d'Allcmaigne
886 2760 978 2791 appele
992 2761 1017 2783 le
1036 2761 1085 2783 duc
1105 2762 1136 2784 de
1154 2762 1260 2785 Bresvic
1279 2766 1368 2786 contre
1382 2764 1406 2787 le
1422 2764 1471 2787 duc
1489 2765 1520 2788 de
1536 2766 1694 2794 Lenclastre,
1710 2775 1778 2797 pour
1798 2767 1905 2798 pax-oles
1927 2775 1977 2799 que
1991 2767 2057 2791 ledit
2073 2767 2123 2790 duc
2138 2767 2170 2791 de
2184 2767 2335 2791 Lenclastre

476 2804 563 2828 devoit
577 2804 651 2827 avoir
666 2804 732 2827 dites
746 2804 821 2826 dudit
836 2804 885 2826 duc
898 2805 929 2827 de
944 2805 1058 2833 Bresvic,
1075 2805 1136 2828 dont
1150 2805 1168 2828 il
1181 2806 1295 2837 l’appela
1310 2815 1341 2830 en
1354 2807 1380 2830 la
1392 2812 1467 2831 court.
1481 2809 1512 2832 de
1528 2810 1626 2833 France
1642 2818 1665 2834 ».
1681 2811 1801 2834 Duellum
1818 2811 1898 2834 fiebat
1915 2811 1993 2835 etiam
2010 2820 2021 2834 (ι
2036 2820 2069 2835 au
2083 2811 2294 2835 Pre-aux-Clercs
2311 2819 2333 2841 n,

474 2851 500 2872 et
513 2848 561 2871 suit
579 2856 590 2871 <t
603 2848 752 2871 l'Allemant
767 2848 933 2876 demandeur‚
951 2851 976 2871 et
990 2848 1116 2879 l'Anglois
1132 2849 1281 2873 deffendeur
1298 2859 1319 2874 ι).
1334 2851 1369 2874 De
1382 2851 1462 2875 simili
1479 2853 1566 2876 duello
1583 2862 1663 2885 supra
1679 2854 1721 2885 agi
1736 2854 1847 2878 videtur.

598 2893 621 2916 2.
