2488 3386
481 321 522 352 22
1060 331 1379 353 culini-nmmum
1415 333 1605 354 univssns.
1643 332 1770 354 mnis.
2244 319 2343 356 [1354

481 403 737 437 conclusiones
767 405 963 449 posuerim,
987 416 1058 437 non
1088 411 1141 437 est
1172 405 1384 437 intentionis
1414 417 1504 445 mee,
1532 417 1597 438 nec
1628 416 1782 449 unquam
1812 404 1879 436 fuit
1909 416 1972 448 per
1999 404 2064 437 Dei
2096 405 2258 449 gratiam,
2282 417 2342 438 eas

479 470 661 502 sustinere
684 471 926 515 pertinaciter.

568 536 687 568 Primo
704 536 776 569 dixi
798 537 899 569 istam
918 537 1188 570 conclusionem
1210 549 1215 569 :
1236 552 1251 567 «
1271 538 1421 578 Caritas,
1441 550 1510 582 que
1532 537 1666 570 semel²
1688 537 1821 569 labitur
1837 536 1893 569 vel
1915 537 2340 583 deperditur,‘nunqua1n

478 602 546 634 fuit
571 614 653 634 vera
683 603 824 635 caritas.
855 618 868 632 n
899 604 942 635 Et
970 615 1043 635 eam
1078 603 1225 647 probavi
1256 610 1377 636 contra
1409 603 1650 636 bachelarium
1682 604 1789 635 Beate
1821 603 1932 635 Marie
1963 603 2007 635 de
2036 603 2214 636 Carmelo.
2245 605 2341 637 Hanc

480 679 609 701 revoco
632 675 795 712 tanquam
818 668 941 701 falsam
964 676 999 701 et
1018 669 1225 709 hereticam,
1249 676 1284 701 et
1304 669 1401 713 quod
1427 670 1530 702 etiam
1558 676 1705 702 enervat
1734 669 1899 701 effectum
1930 676 2249 709 sacramentorum,
2273 671 2342 703 sci-

479 733 562 766 licet.
590 734 756 778 baptismi
789 741 822 767 et
854 735 1064 779 penitentie,
1095 742 1127 768 et
1162 742 1216 768 est
1245 742 1368 768 contra
1399 736 1582 768 decretum
1616 735 1779 768 Ecclesie
1809 735 1844 767 in
1876 747 1952 780 cap.
1981 735 2119 775 Fz'dez'³,
2148 742 2267 777 extra,
2296 737 2340 769 de

478 800 621 832 Summa
649 800 841 832 Trinitate'⁴
869 807 901 833 et
928 801 998 833 fide
1019 801 1206 836 catholica,
1229 802 1264 833 in
1287 801 1455 835 Clement.
1479 808 1513 834 et
1541 802 1644 834 etiam
1675 808 1851 845 tamquam
1875 801 2031 846 seipsam
2058 802 2337 836 interinientem.

477 866 582 908 Quod
609 866 701 898 enim
729 866 828 898 nullo
855 867 961 899 modo
987 879 1071 899 vere
1097 868 1186 906 θεῖ-ζ
1218 867 1418 899 nullimode
1440 868 1561 900 deseri
1583 874 1714 912 potest,
1738 874 1773 900 ut
1803 868 1851 900 ait
1875 868 2082 901 Gratianus.
2111 869 2154 902 Et
2174 881 2339 914 presum-

478 938 605 975 ptuose
623 932 781 975 ponitur,
800 932 880 976 quia
898 944 972 964 eam
993 933 1064 964 dixi
1082 933 1230 965 multum
1252 933 1491 977 probabilem,
1509 940 1543 966 et
1560 940 1676 966 tamen
1694 940 1747 966 est
1765 940 1888 966 contra
1905 945 2131 967 communem
2151 934 2339 968 doctorum

477 997 698 1041 opinionem,
729 997 866 1030 scilicet
894 998 1057 1042 magistri
1084 999 1364 1039 Sententiarum,
1393 999 1555 1031 Gratiani
1582 1006 1617 1032 et
1643 999 1881 1044 plurimorum
1908 999 2073 1032 aliorum.
2101 1001 2137 1033 Si
2158 1013 2228 1045 que
2253 1013 2339 1035 vero

476 1063 705 1096 auctoritates
721 1064 917 1108 Augustini
940 1063 995 1096 vel
1015 1064 1189 1096 aliorum⁶
1210 1064 1401 1097 videantur
1422 1065 1543 1097 dicere
1565 1066 1785 1110 oppositum,
1809 1061 2087 1111 intelligendum
2109 1073 2165 1100 est
2185 1067 2229 1100 de
2249 1068 2340 1101 cari-

475 1135 544 1161 tate
567 1128 676 1168 finali,
700 1140 769 1173 que
791 1136 909 1161 manet
934 1130 969 1161 in
992 1130 1117 1173 patria,
1140 1130 1183 1162 de
1210 1142 1277 1174 qua
1299 1130 1460 1174 loquitur
1485 1131 1674 1175 apostolus
1695 1135 1730 1171 [1]
1752 1131 1916 1165 Corinth.
1943 1133 1995 1171 13,
2018 1133 2060 1173 [8]
2085 1133 2234 1167 Caritas
2253 1145 2339 1168 nun-

473 1205 574 1238 quam
594 1194 740 1234 excidit,
763 1194 819 1227 vel
841 1195 1118 1240 intelligendum
1142 1202 1197 1228 est
1216 1196 1260 1228 de
1286 1196 1452 1228 caritate⁷
1479 1197 1679 1229 secundum
1706 1197 1913 1237 efficaciam,
1936 1205 1973 1231 ut
1993 1198 2134 1243 glossat
2153 1199 2337 1244 magister.

562 1262 592 1292 2.
620 1261 724 1302 Quod
747 1272 788 1292 ex
809 1260 876 1293 hoc
897 1261 1013 1301 intuli,
1033 1261 1130 1305 quod
1152 1262 1332 1306 prescitus
1354 1262 1389 1294 in
1408 1263 1553 1296 caritate
1571 1263 1730 1296 existens
1752 1276 1825 1296 non
1847 1270 1967 1308 potest
1985 1265 2116 1297 mereri
2132 1265 2189 1298 vel
2206 1265 2339 1299 elicere

473 1332 586 1358 actum
610 1327 831 1359 meritorium
850 1327 921 1359 vite
937 1328 1037 1371 juxta
1059 1328 1209 1360 scalam³
1227 1329 1297 1360 vite
1320 1335 1457 1370 nostre,
1476 1341 1607 1362 revoco
1625 1336 1791 1375 tanquam
1814 1330 1942 1363 falsum
1965 1337 2000 1363 et
2020 1331 2337 1365 contumeliosum.

560 1393 591 1425 3.
621 1393 698 1424 Dixi
727 1400 849 1425 contra
877 1393 1116 1426 bachalarium
1149 1395 1416 1427 predicatorum
1447 1396 1670 1429 conserendo
1698 1408 1777 1429 cum
1806 1397 1899 1441 ipso,
1923 1397 2021 1441 quod
2051 1397 2158 1430 homo
2179 1405 2339 1431 meretur

471 1458 516 1490 de
537 1458 719 1503 condigno
741 1459 845 1491 vitam
869 1466 1041 1499 eternam,
1064 1460 1110 1492 ita
1132 1461 1228 1504 quod
1251 1461 1280 1492 si
1309 1473 1380 1493 non
1402 1461 1549 1494 daretur
1570 1462 1616 1501 ei,
1639 1461 1709 1494 sibi
1737 1462 1841 1495 fieret
1869 1463 2034 1507 injuria⁹.
2063 1464 2107 1496 Et
2135 1463 2225 1497 hanc
2256 1476 2338 1510 pro-

471 1524 563 1557 bavi.
587 1524 685 1556 lllam
709 1536 838 1557 revoco
866 1532 1031 1569 tanquam
1062 1526 1184 1559 salsam
1213 1533 1247 1559 et
1277 1527 1469 1560 hereticam
1498 1535 1533 1560 et
1563 1528 1670 1560 michi
1699 1529 2006 1562 contradicentem
2035 1529 2072 1562 in
2100 1529 2338 1564 conclusione

470 1590 560 1623 infra
583 1591 775 1631 recitanda,
799 1603 867 1635 que
889 1591 998 1624 dicit:
1023 1593 1151 1624 Totum
1174 1599 1227 1625 cst
1249 1605 1265 1625 a
1288 1594 1376 1633 Deo,
1400 1594 1445 1626 ita
1467 1594 1565 1638 quod
1587 1594 1698 1627 nichil
1719 1607 1737 1627 a
1757 1595 1954 1628 voluntate.

559 1658 590 1689 4.
619 1657 697 1689 Dixi
720 1657 755 1689 in
777 1657 1021 1702 disputatione
1049 1659 1305 1703 respondendo
1328 1660 1371 1692 de
1395 1660 1570 1704 Quolibet,
1594 1661 1691 1705 quod
1719 1661 1749 1694 si
1778 1661 1914 1694 nullum
1943 1668 2042 1694 esset
2068 1662 2223 1695 liberum
2244 1662 2337 1696 arhi-

473 1723 592 1763 trium,
615 1723 729 1755 adhuc
751 1730 850 1755 esset
871 1731 1066 1768 peccatum.
1091 1725 1202 1767 Quam
1226 1726 1355 1770 scripsi
1374 1726 1409 1758 in
1432 1726 1495 1759 hac
1517 1728 1666 1759 sorma¹⁰
1686 1739 1692 1760 :
1717 1729 1816 1760 Pono
1838 1740 1947 1760 unum
1971 1728 2159 1777 probabile
2178 1741 2185 1762 :
2204 1729 2234 1762 si
2256 1729 2337 1762 nul-

471 1789 576 1820 lu1n¹¹
596 1796 693 1821 esset
708 1789 835 1822 intenti
852 1790 909 1822 vel
925 1790 1039 1831 voliti,
1057 1791 1172 1823 adhuc
1195 1798 1290 1824 esset
1314 1793 1399 1825 tanti
1419 1793 1500 1825 mali
1517 1793 1574 1826 vel
1591 1794 1721 1826 meriti.
1741 1793 1908 1827 Probatio
1925 1795 1992 1827 suit
2007 1795 2105 1839 quod
2123 1795 2177 1836 [si]
2197 1795 2336 1828 nullum

470 1861 570 1887 esset
595 1855 794 1895 arbitrium,
822 1855 936 1888 adhuc
965 1864 1063 1889 esset
1092 1870 1156 1902 per
1184 1859 1493 1903 ymaginacionem
1523 1860 1559 1892 in
1581 1860 1646 1892 Dei
1674 1860 1838 1893 contuitu
1867 1860 2047 1893 malumst.
2076 1862 2174 1894 Hanc
2205 1873 2336 1895 revoco

472 1927 637 1965 tanquam
659 1921 795 1962 falsam,
818 1934 1018 1964 erroneam,
1041 1923 1249 1961 hereticam,
1273 1925 1533 1958 scandalosam.

560 1989 590 2020 5.
619 1988 698 2020 Dixi
720 1989 815 2032 quod
837 1988 969 2021 bonum
993 1990 1158 2022 meritum
1182 1998 1237 2023 est
1257 2003 1273 2023 a
1296 1992 1384 2031 Deo,
1408 1992 1454 2024 ita
1480 1992 1576 2037 quod
1599 1992 1710 2025 nichil
1737 2000 1792 2026 est
1816 2005 1834 2026 a
1860 1993 2055 2027 voluntate.
2079 1995 2193 2037 Quam
2213 1994 2250 2027 in
2271 1994 2336 2028 hac
2358 1994 2361 1997 ’

470 2053 583 2085 forma
605 2054 734 2098 scripsi
754 2066 759 2086 :
784 2056 933 2087 Tantum
956 2056 1074 2088 meriti
1096 2063 1149 2089 est
1172 2069 1213 2089 cx
1235 2064 1367 2101 quanto
1389 2057 1620 2103 beneplaciti,
1644 2071 1717 2091 non
1738 2071 1781 2091 ex
1802 2066 1935 2104 quanto
1957 2060 2086 2093 intenti
2106 2060 2163 2093 vel
2183 2060 2333 2094 voliti¹⁸.

472 2120 569 2152 Hanc
591 2127 717 2164 reputo
741 2127 905 2165 tanquam
928 2122 1064 2163 salsam,
1087 2123 1334 2156 scandalosam
1362 2131 1397 2156 et
1426 2125 1462 2156 in
1489 2124 1559 2157 fide
1588 2131 1805 2169 suspectam,
1830 2132 1864 2158 et
1892 2125 2000 2158 michi
2027 2126 2334 2160 contradicentem

471 2185 509 2217 in
529 2186 631 2218 tertia
655 2187 901 2231 propositione
923 2189 1092 2232 superius
1113 2196 1289 2222 revocata.

560 2253 591 2285 6.
619 2252 699 2284 Dixi
731 2253 827 2296 quod
863 2255 959 2286 Deus
995 2261 1114 2299 potest
1147 2255 1301 2300 aliquem
1337 2258 1558 2290 necessitare
1592 2258 1839 2303 preveniendo
1866 2258 2085 2291 voluntatem
2121 2259 2164 2292 ad
2199 2259 2333 2292 honum

469 2324 599 2350 actum.
623 2319 733 2360 Quam
757 2319 884 2364 scripsi
907 2320 943 2352 in
963 2320 1027 2353 hac
1049 2322 1161 2354 forma
1185 2334 1191 2354 1
1216 2323 1313 2355 Deus
1335 2323 1554 2368 quandoque
1576 2325 1622 2357 ita
1644 2325 1808 2369 prevenit
1828 2324 2047 2357 voluntatem
2070 2325 2151 2369 puri
2171 2325 2333 2367 viatoris,

470 2383 568 2427 quod
596 2395 776 2428 nunquam
809 2392 926 2429 potest
956 2387 991 2418 in
1020 2399 1092 2419 non
1120 2394 1235 2420 actum
1268 2389 1506 2421 meritorium.
1538 2390 1775 2423 Probationes
1801 2397 1909 2423 sunt:
1930 2390 2046 2423 Aliter
2069 2390 2176 2423 homo
2209 2398 2334 2436 posset

473 2456 607 2482 mutare
629 2450 787 2483 divinum
812 2453 1052 2496 propositum,
1077 2454 1107 2485 2.
1137 2453 1244 2486 homo
1267 2462 1392 2499 posset
1412 2456 1530 2488 facere
1552 2457 1664 2488 Deum
1693 2457 1915 2489 mendacem.
1945 2456 2023 2489 Alia
2048 2457 2228 2490 sententia
2247 2469 2332 2502 pro-

472 2515 602 2548 babilis
627 2523 681 2548 est
702 2517 782 2556 ista,
805 2518 900 2561 quod
928 2519 1025 2550 Deus
1051 2526 1169 2563 potest
1194 2521 1349 2565 aliquem
1372 2523 1593 2555 necessitare
1620 2523 1866 2567 preveniendo
1891 2522 2109 2556 voluntatem
2132 2523 2175 2556 ad
2196 2523 2331 2557 bonum

470 2587 599 2613 actum.
624 2583 697 2614 Hoc
719 2590 967 2627 argumentum
997 2585 1026 2616 si
1054 2586 1225 2618 sustineri
1255 2594 1387 2630 potest,
1410 2588 1659 2632 probationem
1690 2595 1807 2621 tamen
1834 2589 1878 2621 ad
1905 2588 1995 2621 hanc
2024 2589 2270 2622 scandalosam
2297 2596 2333 2623 et

472 2654 675 2691 suspectam
697 2648 733 2679 in
755 2648 823 2680 fide
845 2649 988 2682 adduxi.

559 2715 590 2746 7.
620 2714 697 2746 Dixi
720 2715 815 2758 quod
837 2722 892 2747 est
911 2716 995 2748 dare
1016 2717 1139 2761 plures
1156 2719 1311 2752 unitates
1329 2732 1398 2764 que
1416 2732 1488 2752 non
1508 2721 1643 2753 faciunt
1664 2733 1866 2754 numerum.
1885 2721 1990 2764 Quod
2011 2732 2143 2753 revoco
2164 2727 2328 2766 tanquam

470 2779 612 2821 falsum,
635 2780 885 2813 scandalosum
908 2789 943 2814 et
962 2782 998 2814 in
1019 2783 1089 2815 fide
1111 2792 1318 2829 suspectum
1340 2793 1511 2830 quantum
1532 2787 1576 2819 ad
1597 2787 1790 2820 trinitatem
1813 2788 1849 2820 in
1870 2788 2015 2821 divinis.

559 2847 590 2878 8.
619 2846 698 2878 Dixi
724 2853 757 2878 et
784 2847 912 2892 scripsi
942 2849 1037 2892 quod
1059 2850 1155 2882 nulla
1182 2858 1342 2884 creatura
1365 2853 1549 2885 rationalis
1571 2853 1812 2898 specialiter¹⁸
1834 2861 1889 2887 est
1909 2855 1945 2887 in
1966 2866 2019 2895 se,
2037 2855 2107 2887 nisi
2128 2855 2210 2899 quia
2231 2855 2329 2887 Deus
