2488 3386
453 381 517 413 234
568 377 571 381 ’
1028 387 1346 410 οΗΑῐιτυιΑιιιυΜ
1380 386 1568 408 UNivEns.
1606 385 1734 407 PAnis.
2214 368 2311 405 [1377

453 470 628 496 rectorem
650 474 713 507 per
732 462 975 495 venerabilem
998 468 1032 494 et
1052 461 1248 493 discretum
1269 460 1384 493 virum
1407 460 1617 504 magistrum
1641 460 1819 491 Herveum
1843 456 2011 494 Sulven¹q
2030 455 2097 488 fuit
2116 455 2254 488 electus
2275 455 2311 487 in

453 536 626 562 rectorem
651 528 903 562 Universitatis
924 528 1095 572 magister
1116 526 1260 559 Ulricus
1281 526 1325 558 de
1345 526 1581 559 Constancia²
1603 526 1639 557 in
1665 524 1853 557 Almannia
1875 523 2032 556 nationis
2059 521 2225 566 Anglice,
2248 521 2309 566 qui

452 595 561 628 multa
581 595 705 628 habuit
724 606 832 640 agere
853 606 963 639 super
982 592 1278 638 impositionibus
1299 599 1331 625 et
1358 603 1468 637 super
1489 598 1638 625 tractatu
1665 591 1762 636 pacis
1784 597 1817 622 et
1837 589 2033 623 concordie
2055 589 2149 621 inter
2170 587 2311 632 episco-

452 674 534 707 pum
556 662 795 694 Parisiensem
818 667 853 693 et
873 661 951 704 ejus
972 659 1157 692 officialem
1181 665 1215 691 et
1238 658 1551 692 Universitatein³.

541 759 606 781 Mus.
624 758 723 781 Britan.
740 766 789 781 ms.
808 757 868 780 add.
886 758 970 786 17:304,
989 757 1034 780 fol.
1051 756 1162 780 1106b.—
1179 756 1302 785 Bulaeus,
1314 756 1356 785 lv,
1368 756 1423 779 449.

540 856 560 879 1.
578 856 625 878 Ms.
642 863 647 878 t
665 864 674 878 ι(
693 855 780 878 Silven
795 863 815 882 υ,
831 855 862 877 de
878 862 928 885 quo
945 862 1026 885 supra
1044 858 1072 876 n⁰
1090 854 1159 877 1414.
1176 854 1269 876 Rector
1285 861 1299 876 a
1317 853 1403 876 Max-tii
1419 853 1457 875 2⁷.
1474 866 1504 870 —
1518 853 1540 876 ’2.
1557 853 1614 876 Vid.
1634 853 1702 875 infra
1723 861 1747 883 p.
1765 853 1819 877 269.
1834 866 1865 870 —
1880 853 1902 875 3.
1922 852 1995 875 Anno
2015 850 2134 882 sequenti
2151 850 2237 873 solum
2255 857 2307 880 pax

448 901 514 923 sactu
531 902 570 923 est
587 903 612 923 et
626 899 773 922 concordia.
793 899 849 922 Vid.
866 898 899 921 ad
914 902 964 921 num
980 899 1048 921 1419.

448 1079 587 1116 1416.
610 1088 828 1122 Assignationes
845 1085 1078 1112 baccalareorum
1098 1085 1162 1111 ord.
1182 1084 1286 1111 praed.
1303 1094 1355 1121 pro
1371 1084 1482 1111 lectura
1498 1085 1526 1111 in
1541 1084 1638 1110 studio
1657 1085 1750 1111 Paris.

1539 1181 1611 1210 1378,
1628 1181 1697 1207 circa
1711 1180 1781 1206 duni}
1792 1181 1815 1210 6,
1832 1180 2018 1206 (tamassanus.

525 1280 766 1324 Assignamus
793 1279 836 1312 ad
866 1278 1061 1323 legendum
1093 1278 1297 1311 Sententias
1330 1277 1490 1310 Parisius
1522 1289 1586 1322 pro
1614 1289 1708 1310 anno
1739 1277 1900 1322 presenti
1930 1277 2074 1309 fratrem
2102 1276 2300 1309 Johannem

439 1346 597 1379 Balbini¹
630 1346 674 1378 de
706 1345 890 1390 provincia
920 1345 1082 1386 Francie,
1106 1345 1163 1377 cui
1192 1344 1448 1377 substituimus
1473 1344 1552 1376 frat.
1581 1343 1793 1376 Nicholaum
1820 1343 1972 1377 Vitalis²
1996 1343 2040 1375 de
2066 1342 2191 1376 eadem
2219 1354 2303 1387 pro-

436 1413 552 1446 vincia
559 1438 625 1445 .....
655 1413 725 1444 Pro
761 1412 879 1456 primo
908 1423 1001 1444 anno
1030 1411 1210 1444 extraneis
1238 1410 1361 1444 debito
1391 1417 1474 1456 post
1500 1410 1632 1455 ipsum,
1660 1411 1721 1455 qui
1751 1422 1846 1443 nunc
1875 1410 1976 1455 legit,
2003 1410 2232 1454 assignamus
2257 1409 2301 1442 ad

436 1479 629 1524 legendum
660 1478 863 1511 Sententias
890 1478 932 1510 sr.
956 1478 1181 1511 Gousredum
1206 1478 1272 1510 ....³
1294 1478 1338 1510 de
1367 1477 1551 1522 provincia
1573 1476 1790 1518 Theutonie⁷
1819 1488 1884 1522 pro
1912 1476 2073 1509 secundo
2094 1487 2181 1509 vero
2206 1487 2300 1509 anno

435 1545 614 1579 extraneis
642 1545 809 1578 similiter
842 1544 964 1578 debito
993 1545 1223 1589 assignamus
1252 1545 1295 1577 ad
1330 1544 1526 1589 legendum
1557 1544 1762 1577 Sententias
1791 1550 1963 1588 quantum
1995 1549 2116 1576 nostra
2149 1543 2301 1576 interest

433 1613 475 1645 fr.
498 1611 689 1645 Arnulsum
710 1612 754 1644 de
777 1611 972 1652 Lesteria³,
994 1611 1038 1643 de
1060 1611 1244 1656 provincia
1265 1611 1482 1644 Tholosana.

521 1678 576 1711 Ad
597 1678 792 1723 legendum
816 1677 967 1710 Bibliam
989 1677 1123 1710 ibidem
1145 1684 1227 1723 post
1247 1678 1355 1711 istum
1378 1679 1439 1722 qui
1461 1690 1557 1711 nunc
1578 1678 1666 1723 legit
1694 1684 1773 1710 actu
1795 1684 1967 1722 quantum
1996 1683 2120 1710 nostra
2147 1676 2301 1710 interest

433 1745 684 1790 [assignamus]
715 1745 758 1776 fr.
791 1744 1048 1785 Oliva[riu]m⁵,
1079 1751 1114 1777 et
1148 1751 1230 1789 post
1259 1744 1393 1777 dictum
1429 1745 1472 1777 fr.
1504 1744 1743 1786 Oliva[riu]m‚
1775 1751 1946 1789 quantum
1979 1750 2102 1777 nostra
2131 1743 2298 1784 interest,

433 1812 475 1844 fr.
498 1811 695 1845 Johannem
716 1811 794 1843 Ade
805 1812 829 1843 ⁶.

525 1909 683 1939 Fragmenta
703 1908 786 1939 Capp.
807 1916 896 1939 gener.
917 1908 980 1931 Ord.
1001 1909 1093 1932 Praed.
1114 1911 1135 1938 (e
1152 1909 1210 1932 cod.
1232 1908 1294 1932 olim
1315 1909 1340 1931 in
1362 1912 1490 1932 conventu
1512 1909 1652 1932 Barrinon.
1676 1912 1832 1932 conservato
1853 1910 2044 1939 transsumpto)
2067 1908 2100 1931 ad
2116 1907 2180 1931 Ord.
2203 1907 2297 1932 Praed-

432 1953 600 1984 pertinentia.

527 2050 549 2073 1.
566 2050 613 2073 Ms.
632 2058 637 2072 ·.
654 2059 667 2071 «
683 2049 840 2072 Baldonens.
858 2058 880 2072 ».
894 2063 924 2066 —
937 2050 959 2072 2.
976 2050 1100 2073 Eumdem
1116 2059 1145 2073 ac
1160 2050 1294 2073 Nicolaum
1307 2052 1381 2074 Vales
1399 2052 1439 2081 (de
1451 2051 1532 2082 Valle)
1548 2051 1573 2074 in
1591 2051 1679 2075 Catal.
1693 2051 1796 2080 licent„
1812 2051 1900 2074 licent.
1915 2059 1956 2074 an.
1974 2050 2034 2074 1382
2047 2050 2136 2079 (1383).
2150 2063 2180 2067 ——
2190 2051 2212 2073 3.
2227 2050 2274 2073 ΜΒ.
2289 2057 2295 2072 ι

435 2104 445 2117 «ι
460 2094 590 2122 biscolim,
607 2094 637 2117 de
652 2102 727 2125 prov.
744 2093 892 2116 Tholosana
909 2102 929 2116 ».
943 2094 999 2117 Vid.
1017 2102 1096 2125 supra
1113 2099 1141 2117 n⁰
1156 2095 1224 2119 1409.
1242 2095 1347 2119 Minime
1365 2096 1508 2119 Gnusridus
1529 2096 1560 2119 de
1577 2096 1603 2119 S.
1619 2096 1731 2119 Mai-tino
1753 2096 1794 2125 (de
1811 2104 1862 2127 quo
1882 2095 1952 2118 infra
1974 2095 2007 2118 ad
2027 2103 2069 2119 an.
2088 2095 2166 2123 1389).
2182 2094 2246 2117 -4,
2262 2093 2298 2117 De

435 2147 486 2170 quo
505 2139 559 2170 jam
582 2146 663 2169 supra
688 2142 716 2160 n⁰
738 2138 807 2161 1409.
829 2151 857 2155 —
874 2140 895 2163 5.
922 2138 1067 2161 olivarium
1093 2139 1224 2169 Muillard,
1245 2140 1289 2171 qui
1313 2148 1354 2163 an.
1377 2141 1438 2163 1386
1462 2141 1540 2170 (1387)
1563 2141 1712 2164 licentiatus
1734 2144 1774 2163 est
1795 2148 1807 2163 e
1833 2139 1921 2164 Catal.
1943 2139 2044 2165 licent„
2066 2142 2091 2162 et
2114 2139 2204 2170 utique
2228 2138 2297 2161 idem

435 2187 473 2206 esi
489 2186 566 2214 atque
582 2182 713 2206 Oliverius
728 2183 802 2205 went
817 2190 862 2205 seu
877 2183 977 2211 XVoant,
993 2183 1058 2206 Vent
1073 2184 1114 2212 (de
1129 2192 1179 2215 qno
1196 2184 1284 2214 infra),
1305 2185 1348 2216 qui
1367 2193 1408 2208 nn.
1426 2185 1486 2208 1393
1499 2185 1671 2216 provincialis
1687 2193 1763 2216 prov.
1780 2184 1906 2208 Franciue
1927 2185 2011 2207 fuctus
2026 2186 2075 2206 est.
2092 2197 2120 2201 —
2136 2184 2159 2206 6.
2175 2184 2222 2206 An.
2237 2183 2298 2206 1380

435 2228 612 2259 deputabatur
628 2235 676 2258 pro
693 2235 734 2250 an.
752 2227 809 2249 1381
824 2226 858 2249 ad
870 2227 1009 2258 legendam
1026 2227 1139 2250 Biblium
1155 2228 1217 2257 (vid.
1235 2229 1324 2259 infru).
1340 2229 1517 2252 Nihilominus
1532 2230 1647 2253 obtinuit
1662 2238 1676 2252 a
1692 2230 1824 2253 Clemente
1840 2229 1885 2252 V11
1903 2229 2044 2260 epistolam
2059 2228 2092 2251 ad
2110 2227 2296 2251 cancellarium

435 2272 561 2295 directam
580 2280 622 2294 an.
645 2271 714 2300 1380,
729 2271 782 2294 Jul.
803 2271 823 2299 1,
844 2274 872 2294 ut
888 2271 914 2294 in
936 2271 1019 2295 hieme.
1042 2272 1103 2295 anni
1121 2273 1259 2296 1381-1382
1275 2274 1422 2297 Sententias
1439 2274 1465 2297 in
1487 2275 1600 2298 secunda
1624 2274 1715 2297 schola
1730 2277 1873 2297 conventus
1890 2274 1976 2304 legere
1997 2276 2022 2296 et
2038 2275 2131 2304 postea
2147 2271 2297 2303 promoveri

436 2319 526 2348 posset
541 2317 613 2346 (Reg.
627 2316 705 2338 Aven.
719 2315 799 2339 Clam.
816 2316 868 2343 VII,
884 2316 934 2340 vol.
952 2316 1003 2344 XX,
1018 2317 1035 2341 f.
1051 2317 1132 2347 33912).
1148 2318 1247 2341 Revera
1262 2318 1352 2341 eodem
1368 2327 1435 2341 anno
1452 2328 1464 2340 α
1478 2327 1528 2350 quo
1544 2319 1609 2350 legit
1620 2319 1719 2342 librum
1733 2318 1927 2342 Sententiarum
1943 2327 1956 2339 1>
1971 2317 2120 2341 licentiatus
2136 2319 2182 2344 est,
2201 2325 2213 2339 (ι
2227 2315 2296 2347 quod

435 2364 476 2384 est
492 2361 556 2384 bene
571 2360 716 2383 absurdum
731 2360 757 2382 in
775 2360 843 2383 dicto
859 2360 945 2382 studio
958 2370 981 2389 n,
995 2364 1023 2383 nt
1038 2361 1109 2390 dicit!
1126 2361 1151 2384 in
1165 2362 1300 2387 Processu
1311 2367 1409 2387 contra
1422 2363 1538 2387 cancell.
1554 2364 1701 2386 Johannem
1716 2363 1868 2392 Blanchurt,
1884 2370 1954 2393 mag.
1967 2362 2124 2386 Guillelmus
2139 2361 2170 2384 de
2181 2360 2297 2384 Gnrdino

437 2405 499 2436 (vid.
521 2405 589 2427 infra
611 2408 639 2426 n0
659 2405 726 2433 1513,
744 2407 803 2427 test.
823 2405 854 2433 1).
873 2405 901 2427 In
923 2405 1012 2429 Catal.
1033 2405 1124 2430 licent.
1146 2406 1213 2429 inter
1234 2407 1381 2430 licentiatos
1402 2416 1444 2431 an.
1466 2408 1526 2431 1382
1547 2408 1625 2437 (1383)
1649 2408 1766 2431 affertur.
1788 2408 1835 2430 An.
1857 2407 1928 2435 1385,
1948 2407 2009 2430 Jun.
2027 2407 2049 2435 3,
2068 2414 2083 2429 a
2101 2405 2233 2429 Clemente
2251 2404 2296 2428 Vll

435 2449 542 2477 obtinet,
559 2457 590 2472 ne
605 2457 620 2471 n
635 2451 763 2471 conventu
783 2448 856 2471 Paris
877 2449 992 2472 amoveri
1013 2450 1107 2480 possit,
1124 2451 1243 2481 quamvis
1264 2452 1296 2474 ad
1318 2455 1474 2475 conventum
1495 2452 1684 2475 Pruvinensem
1704 2452 1834 2483 pertineat
1859 2452 1932 2482 (Reg.
1948 2451 2005 2475 vat.
2027 2451 2108 2474 Clem.
2127 2450 2181 2478 Vll,
2198 2454 2228 2472 no
2242 2450 2296 2477 296.

436 2495 451 2517 f.
469 2495 518 2522 92).
532 2494 566 2516 De
582 2493 639 2524 ipso
655 2493 723 2515 infra
738 2493 770 2515 ad
784 2501 825 2516 nn.
843 2493 912 2518 1:389,

441 2650 581 2687 1417.
610 2658 747 2684 Walterus
763 2658 798 2684 cle
811 2659 883 2693 Delf
892 2663 1014 2685 testatur
1027 2670 1058 2686 se
1074 2662 1214 2697 recepisse
1230 2663 1384 2697 qnamdam
1399 2673 1538 2690 summam
1552 2674 1604 2700 pro
1622 2665 1742 2690 Hem-ico
1759 2663 1794 2689 de
1814 2663 1915 2689 Thenis
1930 2662 1970 2688 ad
1988 2663 2101 2688 Curiam
2118 2661 2213 2687 misso.

1683 2761 1757 2790 1378,
1773 2761 1841 2786 «lunii
1855 2761 1879 2789 7,
1896 2760 2008 2785 Parisiis.

525 2853 601 2896 Ego
626 2850 813 2886 walterus
840 2852 884 2884 de
912 2852 1005 2894 Dels,
1034 2862 1244 2898 procurator
1274 2857 1437 2902 magistri
1473 2859 1619 2891 Henrici
1647 2858 1691 2890 de
1721 2857 1877 2890 Thenis¹
1906 2857 1950 2889 ad
1980 2854 2230 2900 recipiendum
2260 2860 2292 2886 et

434 2918 657 2963 quittandum
689 2917 820 2958 debita,
849 2925 931 2959 etc„
962 2919 1137 2953 confiteor
1165 2923 1349 2967 recepisse
1376 2936 1394 2956 a
1424 2925 1623 2958 venerabili
1654 2932 1688 2957 et
1716 2925 1874 2957 discreto
1900 2923 1978 2957 viro
2010 2933 2102 2966 mag.
2129 2920 2293 2954 Johanne

555 2976 594 2998 30.
