2488 3386
226 321 321 358 1363]
639 336 686 357 AB
720 336 828 358 Anno
863 336 995 359 MCCCL
1028 338 1159 366 USQUE
1195 339 1242 360 An
1279 339 1541 362 Beni-:nicrum
1577 343 1667 364 xm.
2023 337 2083 370 107

222 407 313 438 quite's
338 409 371 432 de
386 409 480 437 Paris,
501 409 546 438 ΙΙΙ,
562 410 600 433 92.
620 409 658 432 Ex
678 409 736 441 ipso
752 410 878 439 Felibien‚
897 410 970 435 Hist.
989 412 1022 435 de
1049 411 1077 435 la
1092 411 1156 435 ville
1179 413 1212 435 de
1230 412 1324 441 Paris,
1342 413 1386 442 ΙΙΙ,
1405 414 1460 442 481,
1479 414 1523 437 uhi
1541 415 1683 438 ascribitur
1704 425 1715 439 (t
1732 418 1867 447 merwedi,
1886 418 2005 442 seizieme
2024 420 2085 450 jour

222 451 330 475 d'Aoust
345 460 367 476 ».
385 453 508 477 Ordonn.
524 454 570 478 des
584 453 641 478 rois
655 454 689 477 de
705 454 822 484 France,
838 455 883 484 ΙΙΙ,
896 455 952 478 639.
968 455 1003 478 De
1019 455 1067 478 hoc
1082 455 1161 478 ctiam
1176 455 1245 479 infra
1261 457 1293 479 ud
1313 465 1355 480 an.
1370 457 1439 486 1366,
1457 458 1588 489 Septemb.
1607 460 1628 488 7,
1644 460 1695 483 late
1711 461 1799 491 agitur
1815 461 1870 491 (ubi
1889 462 1998 493 videas),
2015 465 2083 495 qnod

221 496 285 519 etin
300 497 329 520 Y.
342 497 365 527 2,
382 497 427 520 tol.
443 498 482 526 38,
498 497 523 520 in
536 498 586 521 fine
598 498 746 521 documenti
759 507 802 522 an.
818 499 878 522 1363
894 502 1043 523 annotatur.

226 685 367 722 1284.
396 694 508 720 Urbano
530 695 712 731 Vsupplicat
729 696 810 732 prior
826 696 971 730 generalis
989 697 1055 723 Ord.
1077 698 1186 723 Eremit
1202 699 1228 723 S.
1249 698 1338 732 Aug.⁴
1352 707 1406 734 pro
1422 699 1575 735 Radulplzo
1595 700 1691 734 Bloch,
1716 701 1806 736 ejusd.
1828 702 1904 736 Ord.,
1920 705 2083 739 provincia<¹

310 744 464 778 Saxoniae,
484 743 628 770 baccalar.
646 745 816 778 Parisiens.,
835 745 912 780 quod
926 754 987 771 cum
1004 745 1052 771 ille
1067 747 1156 780 fuerit
1177 746 1264 772 lector
1284 747 1312 772 in
1329 747 1463 783 pluribus
1481 749 1587 774 studiis
1602 749 1786 783 generalibus
1801 750 1990 778 Alemanniae
2006 754 2081 787 ejus-

308 791 371 818 dem
390 792 514 826 Ordinis,
532 792 688 828 [egeritque
711 795 874 819 Sententias
894 794 1040 820 ordinarie
1061 795 1193 829 Parisiis,
1213 799 1307 821 tamen
1319 800 1439 832 propter
1452 800 1564 822 statuta
1588 797 1703 823 Ordinis
1723 802 1750 824 et
1774 799 1971 826 Universitatis
1987 802 2080 827 Paris.

308 844 439 876 oporteat
448 849 510 867 eum
521 841 646 877 amplius
657 846 825 878 eoespectare
836 842 996 877 theologiae
1008 845 1208 878 magistratum
1220 845 1339 879 (necnon
1355 848 1382 870 et
1391 849 1510 881 propter
1517 846 1677 881 periculum
1689 847 1827 883 propriae
1838 857 1980 884 personae
1993 859 2082 875 causa

307 889 495 916 mortalitatis
512 890 682 926 pestiferae,
707 899 782 926 quae
804 891 928 917 Parisiis
956 895 1022 917 actu
1045 892 1154 927 viget2‘),
1185 893 1303 919 mandet
1323 893 1497 919 cancellario
1521 895 1680 921 Parisiens.
1710 899 1740 921 ut
1762 905 1823 921 eum
1846 897 1972 923 licentiet
2002 898 2083 933 eique

306 938 428 973 gradum
444 939 605 973 magisterii
621 940 778 973 conferat?
796 956 831 958 —
849 940 919 966 Fiat.
935 941 964 966 B.
978 957 1012 960 —
1023 940 1058 967 Et
1071 942 1151 975 quod
1164 943 1290 968 transeat
1303 942 1364 969 sine
1376 943 1430 968 alia
1443 943 1572 970 lectione.
1590 960 1622 963 -—
1635 944 1706 970 Fiat.
1723 945 1753 970 B.
1772 961 1805 963 —
1820 946 1929 972 Datum
1945 947 2085 974 Avinione

306 989 406 1014 octavo
418 987 456 1014 id.
471 988 656 1022 Septembris,
672 996 751 1015 anno
762 989 870 1022 primo.

818 1031 820 1033 '
1506 1042 1581 1071 1363,
1598 1041 1756 1075 Septembris
1770 1044 1796 1069 6.

310 1126 373 1156 Reg.
390 1126 446 1148 Vnt.
464 1125 558 1156 Suppl.
573 1125 673 1148 Urbani
689 1126 718 1153 V,
734 1134 776 1151 an.
791 1127 813 1156 1,
830 1134 856 1157 p.
873 1129 896 1155 5,
915 1127 960 1150 fol.
976 1126 1046 1150 11612.
1064 1141 1091 1145 —
1106 1128 1134 1150 In
1150 1128 1214 1159 Reg.
1227 1128 1284 1151 Vnt.
1301 1129 1380 1152 Aven.
1393 1128 1493 1153 Urbani
1508 1130 1537 1157 V,
1554 1130 1606 1153 vol.
1623 1131 1665 1159 VI,
1683 1131 1727 1154 sol.
1743 1131 1814 1160 48412,
1831 1135 1916 1155 exstat
1931 1133 2082 1156 mandatum

216 1170 390 1201 apostolicum
403 1170 559 1193 cancellario
577 1170 660 1193 Paris.
675 1170 765 1194 eadem
781 1170 822 1194 die
838 1171 964 1194 missum:
982 1181 995 1193 (ι
1010 1171 1082 1195 Sicut
1097 1172 1206 1195 debetur
1219 1181 1241 1196 ι).

310 1255 332 1278 1.
349 1254 495 1277 Matthaeus
512 1254 543 1277 de
558 1255 662 1278 Asculo.
681 1268 709 1272 —-
726 1255 748 1277 2.
772 1255 807 1278 De
827 1255 875 1277 hac
898 1255 1058 1279 mortalitate
1083 1256 1135 1280 vid.
1163 1257 1242 1281 Cont.
1265 1258 1368 1282 Chron.
1387 1257 1475 1282 Guill.
1495 1259 1528 1282 de
1545 1258 1691 1289 Nanyiaco
1713 1259 1738 1282 in
1762 1260 1918 1290 Chronique
1937 1260 2024 1285 latine
2041 1261 2082 1284 ed.

215 1298 329 1327 Gernud,
346 1299 378 1327 ΙΙ,
397 1299 441 1321 325
453 1307 534 1330 sq.-
549 1300 571 1322 3.
591 1300 637 1322 An.
652 1299 722 1328 1364,
740 1299 814 1327 Now,
829 1299 895 1330 jam.
908 1300 1036 1331 magister
1051 1301 1109 1324 suit.
1125 1301 1183 1324 Vid.
1201 1305 1250 1324 num
1269 1302 1338 1325 1299.

218 1489 360 1526 1285.
385 1498 469 1524 Prior
482 1498 645 1533 generalis¹
667 1498 781 1524 Ordinis
796 1501 920 1533 fratrum
935 1499 1038 1525 beatae
1054 1500 1168 1525 Mariae
1185 1499 1219 1525 de
1236 1501 1330 1525 Alonte
1348 1499 1470 1525 Carmeli
1487 1500 1634 1535 supplicat
1654 1500 1765 1526 Urbano
1787 1500 1904 1536 unod,
1923 1510 1983 1526 cum
2003 1501 2080 1535 infra

302 1556 408 1573 annum
421 1547 583 1583 perdiderit
598 1547 692 1573 dictus
711 1548 784 1573 Ordo
801 1548 829 1573 in
846 1548 966 1574 diversis
982 1548 1081 1573 mundi
1098 1548 1232 1584 parit‘ltus
1249 1552 1367 1584 propter
1382 1548 1575 1574 mortalitates
1589 1549 1774 1585 quamplures
1787 1550 1940 1583 magistros
1957 1550 1984 1575 in
2001 1549 2079 1575 theo-

300 1596 387 1631 logia,
413 1596 487 1622 unde
513 1597 542 1622 in
565 1596 697 1632 pluribus
721 1597 827 1622 studiis
849 1596 1034 1631 generalibus
1059 1605 1114 1623 non
1135 1600 1231 1633 potest
1255 1597 1290 1622 de
1314 1597 1462 1631 magistris
1483 1597 1626 1623 commode
1649 1597 1807 1633 providere,
1824 1599 1913 1632 fratri
1932 1598 2079 1624 Bernardo

304 1645 429 1679 Ollerti2,
455 1645 558 1671 biblico
578 1645 740 1671 Parisiensi
760 1645 886 1681 ejusdem
911 1645 1034 1679 Ordinis,
1053 1647 1081 1671 in
1102 1646 1183 1671 curia
1203 1647 1332 1671 Romana
1355 1654 1484 1680 examen,
1507 1646 1624 1672 licentia
1645 1650 1672 1672 et
1693 1647 1888 1681 magisterium
1909 1647 1961 1672 sub
1982 1647 2079 1682 aliquo

300 1694 437 1728 magistro
453 1694 634 1720 concedatur.
649 1709 681 1714 —
698 1695 768 1720 Fiat.
786 1695 816 1720 B.
831 1710 866 1713 —
881 1695 916 1721 Et
930 1695 1011 1728 quod
1027 1696 1152 1721 transeat
1168 1695 1228 1721 sine
1243 1695 1296 1721 alia
1313 1695 1445 1721 lectione.
1463 1711 1496 1713 —
1511 1696 1581 1721 Fiat.
1600 1696 1629 1721 B.
1646 1711 1678 1714 —
1692 1696 1756 1721 Dat.
1773 1696 1852 1729 apud
1868 1696 2079 1722 villamnovam

299 1743 434 1769 Avinion.
451 1744 525 1769 dioc.
542 1743 655 1770 decimo
670 1745 770 1770 octavo
786 1744 843 1770 kal.
861 1744 1002 1773 Octobris,
1018 1751 1097 1770 anno
1112 1744 1217 1778 primo.

1486 1802 1516 1828 13
1518 1803 1562 1832 63,
1578 1802 1736 1835 Septembris
1749 1803 1793 1829 24.

303 1888 366 1919 Reg.
382 1888 440 1911 vat.
458 1888 550 1919 Suppl.
565 1888 666 1911 Urbani
679 1888 708 1916 V,
724 1896 767 1912 an.
783 1888 806 1917 1,
824 1896 851 1920 p.
869 1890 892 1917 5,
910 1889 954 1912 sol.
971 1889 1013 1912 201
1021 1889 1040 1912 b.
1055 1903 1083 1906 —
1101 1889 1128 1912 In
1143 1889 1206 1920 Reg.
1222 1889 1278 1912 Vnt.
1295 1889 1374 1912 Aven.
1391 1889 1492 1912 Urbani
1508 1890 1535 1918 V,
1552 1890 1604 1912 vol.
1621 1890 1663 1918 VI,
1679 1890 1722 1913 sol.
1740 1890 1810 1919 24011,
1827 1893 1911 1914 exstat
1926 1891 2078 1914 mandatum

209 1932 383 1964 apostolicum
399 1932 432 1955 ad
445 1932 561 1964 priorem
576 1932 725 1963 generalem
738 1933 788 1956 sub
800 1933 890 1956 eadem
907 1933 1032 1964 temporis
1048 1936 1110 1957 nota
1126 1942 1131 1957 z
1150 1942 1160 1956 α
1178 1933 1250 1956 Sicut
1265 1933 1375 1956 debetur
1388 1942 1409 1958 ».

303 2016 327 2039 1.
341 2016 474 2039 ,lohannes
492 2016 637 2039 Bulistarii.
649 2030 681 2033 —
699 2017 722 2039 2.
740 2017 787 2040 An.
803 2017 864 2040 1:366
881 2017 1009 2048 magistro
1022 2020 1128 2048 regente
1144 2017 1170 2040 in
1183 2018 1257 2041 Rom.
1276 2017 1349 2040 curia
1362 2017 1503 2041 constituto
1519 2018 1637 2047 (Lezana,
1656 2020 1734 2042 Αηη.
1753 2019 1816 2043 Ord.
1837 2019 1940 2046 Carm..
1955 2019 1996 2047 IV,
2012 2020 2075 2048 661),

210 2069 252 2084 an.
269 2061 330 2084 1375
346 2061 371 2083 ἰη
387 2060 471 2092 Capit.
487 2061 604 2091 generali
623 2060 754 2090 Podiensi,
768 2061 887 2084 Johnnne
903 2061 1037 2085 Balislnrii
1051 2062 1183 2091 defuncto,
1198 2062 1227 2085 fit
1238 2062 1313 2093 prior
1330 2062 1462 2093 generalis
1480 2062 1602 2091 Ordinis;
1622 2063 1667 2086 sed
1687 2071 1728 2086 an.
1748 2064 1818 2092 1380,
1833 2063 1894 2094 quia
1911 2066 1999 2095 partes
2017 2064 2076 2087 Cle-

209 2105 303 2128 mentis
322 2106 366 2128 Vll
382 2105 549 2136 sequebatur,
566 2105 701 2136 depositus
718 2105 751 2128 ab
766 2105 849 2128 officio
864 2114 911 2136 per
926 2106 1063 2129 Urbanum
1079 2107 1121 2134 Vl,
1138 2106 1264 2129 remansit
1278 2106 1353 2137 prior
1367 2107 1498 2137 generalis
1510 2107 1581 2130 illius
1594 2107 1678 2138 partis
1693 2107 1799 2131 Ordinis
1812 2116 1877 2138 quae
1893 2108 2018 2131 Clementi
2030 2108 2074 2131 Vll

208 2149 328 2172 adhaesit
343 2149 421 2178 (sicut
433 2149 460 2172 in
477 2149 540 2173 Ord.
557 2149 649 2172 Praed.
666 2149 737 2173 Elias
749 2149 889 2173 Ruimundi
904 2153 929 2173 et
940 2150 967 2172 in
985 2150 1047 2174 Ord.
1063 2150 1125 2174 Min.
1141 2151 1291 2174 Leonnrdus
1308 2151 1338 2174 de
1354 2151 1464 2180 Giss‘one)
1479 2159 1561 2182 usque
1577 2152 1609 2174 ad
1624 2160 1666 2175 an.
1682 2152 1751 2180 1383,
1767 2152 1811 2174 ubi
1825 2160 1872 2174 suo
1885 2152 1964 2175 cessit
1978 2152 2073 2175 officio.

208 2194 267 2217 Vid.
283 2194 391 2223 Leznna,
406 2194 424 2218 l.
438 2202 470 2222 c.,
486 2202 514 2225 p.
527 2195 586 2222 685;
603 2195 661 2222 700;
678 2194 732 2217 714.
746 2194 862 2223 VilHers,
878 2194 951 2218 Bibl.
970 2195 1096 2224 Carmel„
1114 2196 1133 2223 Ι,
1151 2196 1204 2218 278.
1221 2196 1280 2218 Jnm
1297 2203 1338 2219 an.
1356 2195 1424 2223 1380,
1442 2195 1503 2218 Maii
1519 2197 1556 2223 29,
1569 2196 1600 2223 ci,
1614 2199 1642 2218 ut
1657 2196 1739 2227 priori
1756 2196 1881 2227 generali,
1895 2197 2013 2219 Clemens
2029 2197 2072 2220 Vll

209 2238 326 2267 mundat,
344 2241 373 2261 ut
389 2238 453 2269 (ejus
474 2237 587 2269 nepoti3')
607 2238 747 2261 Francisco
763 2237 853 2266 Olet-ii,
868 2238 952 2269 ejusd.
973 2238 1036 2262 Ord.
1053 2238 1079 2261 in
1096 2239 1183 2262 studio
1200 2239 1286 2262 Tolos.
1304 2239 1446 2268 licentiata.
1463 2239 1489 2262 in
1508 2239 1613 2262 civitate
1634 2240 1783 2268 Bnrcinon.‚
1797 2241 1874 2263 theol.
1892 2240 2074 2271 magisterium

208 2282 309 2305 tribunt
324 2283 423 2312 (Ax-en„
439 2283 491 2306 vol.
508 2282 597 2310 xvnl,
618 2283 634 2307 f.
650 2282 737 2314 478b),
755 2285 780 2306 et
794 2283 861 2314 Aug.
877 2283 900 2313 8,
915 2286 942 2305 ut
957 2283 1091 2306 Bcrnnrdo
1105 2284 1193 2314 Poyol,
1208 2283 1290 2314 ejusd.
1305 2283 1379 2311 Ord.,
1395 2283 1463 2306 idem
1477 2283 1611 2315 impertiat
1628 2284 1710 2313 (ibid.,
1729 2286 1745 2307 f.
1761 2285 1824 2314 515).

215 2457 356 2494 1286.
386 2466 517 2493 Urbanus
538 2467 720 2500 V(Grimerio
738 2467 896 2502 Bonifacii)
913 2467 1088 2493 cancellario
1103 2468 1274 2502 Parisiensi,
1293 2471 1323 2493 ut
1338 2469 1452 2502 Ilugoni
1466 2468 1502 2494 de
1515 2468 1707 2503 Montefonjffl,
1722 2469 1816 2504 priori
1834 2468 1933 2494 domus
1949 2471 2069 2502 fratrum

300 2515 366 2541 Ord.
378 2515 542 2542 Praedicat.
556 2516 650 2542 Paris.
670 2517 698 2542 in
714 2516 863 2542 millesimo
881 2517 1076 2542 trecentesimo
1091 2517 1273 2551 sexagesimo
1289 2521 1391 2550 quarto
1408 2517 1449 2543 vel
1462 2517 1643 2552 sexagesimo
1660 2517 1757 2552 quinto
1773 2526 1848 2543 anno
1864 2518 1984 2549 Domini,
2003 2521 2070 2542 tem-

294 2573 365 2600 pore
381 2564 497 2599 aestivo,
516 2573 570 2600 quo
586 2565 718 2599 magistri
738 2565 766 2590 in
783 2565 882 2591 eadem
902 2565 1046 2600 facultate
1065 2574 1120 2591 non
1136 2565 1240 2600 legunt,
1260 2566 1301 2591 vel
1323 2566 1351 2591 in
1372 2566 1462 2591 hieme
1486 2566 1514 2592 in
1533 2566 1667 2592 secundis
1687 2566 1792 2591 scholis
1813 2566 1938 2601 ejusdem
1960 2565 2068 2599 domus,

296 2617 348 2638 aut
368 2612 442 2638 alibi
464 2613 492 2638 in
506 2613 602 2639 studio
617 2614 788 2649 Parisiensi,
806 2613 920 2648 legendi
938 2614 1101 2639 Sententias
1118 2614 1262 2640 licentiam
1283 2614 1420 2640 concedat
1436 2618 1463 2640 et
1482 2615 1573 2650 ipsum
1587 2619 1689 2650 postea
1712 2614 1751 2640 ad
1766 2614 1897 2640 honorem
1913 2614 2072 2648 magisterii

293 2666 466 2697 promoveat.
485 2663 548 2688 Dat.
566 2663 707 2689 Avinione
720 2663 764 2697 xvj
781 2663 838 2689 kal.
855 2663 1031 2693 Novembris,
1048 2671 1126 2689 anno
1142 2664 1247 2697 primo.
1267 2674 1280 2687 «
1295 2664 1354 2690 Viri
1367 2672 1443 2690 sacre
1458 2664 1624 2690 lectionis».

1382 2749 1456 2782 1363,
1475 2748 1590 2774 Octoer's
1605 2748 1642 2777 17,
1658 2748 1786 2773 Λνεηίοηε,

298 2794 362 2825 Reg.
376 2795 432 2817 Vnt.
445 2795 524 2818 Aven.
541 2795 642 2818 Urbani
654 2796 684 2825 V,
700 2796 751 2819 vol.
768 2796 811 2825 VI,
826 2796 871 2819 fol.
887 2796 941 2819 518.

299 2879 322 2902 1.
338 2879 394 2903 Vid.
407 2879 477 2902 infra
491 2883 520 2902 n⁰
532 2880 602 2904 1299.
