2488 3386
222 314 317 350 1391]
642 327 686 349 ΑΒ
722 327 826 349 ΑΝΝο
861 326 991 348 MCCCL
1024 326 1156 354 USQUE
1192 327 1240 348 An
1277 328 1541 349 BENEDICTUM
1577 329 1666 350 Χιιι.
2020 321 2085 353 513

221 401 414 446 magistros
436 405 493 441 [et]
515 400 739 433 bachalarios
763 407 927 444 tanquam
950 400 1152 444 digniores,
1175 400 1454 433 excellentiores
1477 408 1509 433 et
1536 402 1572 433 in
1593 402 1662 434 fide
1686 402 1885 435 orthodoxa
1906 403 2085 436 firmiores

221 479 285 512 per
312 474 501 512 presentes
529 467 776 500 ordinavimus
806 466 1025 511 supradictis
1056 466 1244 511 presidere
1272 467 1471 499 secundum
1501 468 1666 500 ordinem
1697 468 1871 501 hactenus
1900 469 2085 503 observari

221 540 448 566 consuetum.
472 534 607 566 Dictam
632 533 896 566 ordinationem
924 539 1083 565 nostram
1113 544 1178 565 seu
1207 539 1377 565 statutum
1405 540 1530 565 tenore
1559 535 1781 578 presentium
1811 536 2030 576 intimantes,
2054 543 2088 569 et

222 600 258 632 in
286 600 400 633 valvis
428 599 662 632 ecclesiarum
692 599 800 644 affigi,
833 611 899 631 nec
930 611 1003 631 non
1032 605 1101 631 tam
1132 599 1168 631 in
1199 599 1311 631 scolis
1342 611 1446 643 quam
1477 600 1513 631 in
1544 600 1775 633 sermonibus
1789 636 1792 640 ,
1807 602 1898 634 intra
1927 603 2084 635 studium

223 673 386 699 nostrum
419 673 453 699 et
485 666 589 699 etiam
620 665 774 698 ubilibet
805 665 981 710 publicari
1012 672 1047 698 et
1076 665 1288 698 denunciari
1320 665 1498 705 volentes,
1531 667 1742 699 mandantes
1775 674 1809 700 et
1844 669 2088 713 precipientes

224 732 393 766 omnibus
418 732 549 776 juratis
577 732 713 765 nostris
744 731 1025 776 quibuscunque
1054 731 1288 776 presentibus
1318 738 1350 764 et
1379 732 1510 764 suturis
1539 732 1606 764 sub
1635 745 1725 777 pena
1755 735 1916 778 perjurii,
1948 747 2089 768 reseca-

226 799 334 832 tionis
351 805 385 831 et
405 811 422 831 a
445 805 571 831 nostro
593 799 778 831 consortio
800 799 1027 843 privationis,
1046 798 1195 831 eandem
1215 798 1366 831 firmiter
1383 798 1578 831 observare
1597 806 1630 831 et
1647 799 1834 832 observari
1855 801 1985 841 facere,
2004 814 2090 833 con-

225 865 483 898 suetudinibus
504 872 564 898 aut
591 866 735 898 statutis
762 877 825 898 seu
848 865 928 898 aliis
950 865 1055 898 etiam
1079 866 1286 910 juramento
1307 865 1447 898 vallatis
1476 872 1599 898 nostre
1628 867 1789 910 presenti
1817 867 2035 900 ordinationi
2058 875 2090 901 et

225 938 358 965 statuto
380 931 611 965 obviantibus
633 931 807 965 hactenus
829 932 865 964 in
887 932 1106 964 contrarium
1125 931 1328 965 observatis
1350 944 1422 964 non
1443 931 1674 965 obstantibus
1691 932 1983 978 quibuscunque,
2003 947 2091 979 quas

225 998 282 1031 vel
312 1010 381 1043 que
410 998 529 1043 quoad
562 999 739 1043 premissa
773 1005 897 1031 nostre
926 998 1147 1031 ordinationi
1178 1010 1241 1031 seu
1273 999 1377 1031 etiam
1410 1005 1542 1031 statuto
1574 999 1743 1032 nolumus
1773 1000 1962 1045 derogare,
1995 1001 2091 1045 quod

227 1064 397 1097 omnibus
430 1071 556 1098 tenore
591 1065 815 1110 presentium
846 1065 1015 1098 volumus
1052 1076 1133 1097 esse
1169 1071 1304 1097 notum.
1345 1066 1385 1097 In
1421 1066 1524 1109 cujus
1560 1066 1611 1097 rei
1649 1066 1894 1099 testimonium
1930 1067 2090 1112 sigillum

227 1138 390 1164 nostrum
422 1131 656 1176 presentibus
684 1131 816 1164 litteris
844 1131 1013 1164 duximus
1041 1131 1309 1176 apponendum.
1334 1133 1460 1164 Datum
1490 1132 1651 1165 Parisius
1680 1133 1715 1164 in
1744 1139 1866 1165 nostra
1894 1146 2094 1179 congrega-

228 1198 325 1230 tione
347 1198 509 1243 generali
530 1198 785 1243 magistrorum
810 1205 876 1231 tam
901 1198 1103 1243 regentium
1122 1210 1225 1242 quain
1248 1210 1321 1230 non
1344 1198 1545 1243 regentium
1569 1199 1662 1243 apud
1685 1200 1851 1232 Sanctum
1874 1201 2092 1233 Maturinum

229 1276 339 1309 super
369 1264 436 1296 hoc
466 1264 672 1309 specialiter
700 1271 801 1297 terna
826 1265 925 1297 vice³
954 1264 998 1297 ad
1028 1264 1189 1309 predicta
1215 1264 1457 1297 ordinandum
1489 1271 1522 1297 et
1553 1266 1782 1298 statuendum
1814 1274 2032 1311 congregata
2061 1274 2094 1299 et

229 1337 351 1363 vocata
367 1330 496 1363 diebus
511 1332 553 1363 20
570 1331 708 1364 mensis
719 1331 891 1367 Januarii,
910 1332 949 1364 19
962 1330 1149 1363 Februarii
1163 1338 1196 1363 et
1213 1332 1499 1376 consequentei·'⁴
1513 1332 1552 1363 21
1567 1332 1729 1376 ejusdem
1745 1333 1880 1365 mensis
1895 1333 2093 1367 Februarii.

322 1429 445 1453 Bulaeus.
465 1429 509 1457 111,
526 1429 580 1452 356.
598 1429 636 1452 Cf.
655 1429 780 1458 Felibien,
799 1429 873 1453 Hist.
892 1431 924 1454 de
941 1430 968 1453 ἷα
985 1430 1048 1453 ville
1064 1431 1096 1453 de
1115 1430 1204 1457 Paris,
1224 1430 1243 1455 Ι,
1260 1438 1285 1460 p.
1303 1430 1359 1452 402.
1379 1429 1485 1457 Charta,
1501 1437 1578 1460 quam
1597 1429 1710 1452 Bulaeus
1729 1430 1878 1461 exscripsit,
1896 1430 2000 1453 videtur
2017 1431 2097 1454 fuisse

229 1476 358 1496 vetustate
373 1474 553 1504 pessumdata.
569 1487 600 1490 —
621 1474 673 1496 Hoc
689 1474 885 1503 documentum,
907 1478 935 1497 ut
958 1474 1107 1497 monuimus
1124 1475 1264 1502 Chartul„
1280 1475 1300 1503 I,
1319 1479 1347 1496 11⁰
1365 1475 1418 1498 354.
1436 1477 1489 1496 not.
1506 1482 1532 1504 p.
1553 1475 1606 1501 403,
1624 1482 1762 1505 perperam
1780 1475 1812 1497 ad
1833 1483 1874 1498 an.
1892 1475 1952 1497 1259
1970 1484 1984 1497 a
2000 1476 2095 1498 Bulaeo

229 1518 327 1541 editum
341 1521 388 1546 est,
404 1518 478 1549 cujus
495 1518 677 1541 auctoritatem
694 1519 776 1541 secuti
792 1518 870 1542 etiam
890 1518 987 1542 nostris
1003 1518 1167 1549 temporibus
1182 1519 1287 1549 quidam
1305 1518 1374 1541 docti
1391 1526 1481 1541 revera
1497 1518 1528 1541 de
1546 1526 1614 1541 anno
1630 1519 1691 1541 1259
1707 1519 1786 1548 (1200)
1803 1519 1845 1549 agi
1862 1523 2020 1550 putaverunt
2033 1520 2095 1548 (vid.

229 1563 387 1591 Kausmann,
402 1563 452 1586 Die
468 1563 627 1587 Geschichte
642 1564 691 1587 der
705 1563 854 1588 deutschen
873 1563 1084 1590 Universz'tcz'ten,
1103 1564 1123 1592 Ι,
1140 1564 1203 1592 286),
1221 1571 1372 1594 quanquam
1387 1563 1494 1591 Denisse,
1511 1563 1562 1586 Die
1582 1563 1706 1587 Uw'vers.
1723 1564 1769 1587 des
1784 1563 1970 1591 Mittelalters,
1986 1565 2006 1593 Ι,
2018 1573 2043 1595 p.
2058 1566 2097 1593 67,

229 1610 283 1630 not.
299 1607 352 1637 234,
373 1616 400 1638 p.
417 1607 469 1635 110,
488 1610 540 1630 not.
557 1608 612 1634 239,
625 1607 680 1638 jam
696 1607 840 1638 scripserat
852 1607 922 1630 istud
939 1608 969 1630 ad
985 1611 1095 1630 aetatem
1114 1607 1242 1630 Johannis
1259 1608 1290 1630 de
1308 1608 1459 1630 Montesono
1475 1607 1644 1638 rejiciendum
1656 1616 1723 1630 esse.
1736 1608 1820 1630 Verba
1835 1617 1846 1631 ((
1861 1617 1903 1631 an.
1921 1609 1981 1632 1259
1997 1617 2007 1631 ι)
2023 1609 2097 1631 addi-

229 1651 303 1674 derat
318 1651 374 1682 ipse
390 1651 512 1679 Bulaeus,
528 1654 556 1674 ut
571 1660 621 1674 non
636 1660 696 1675 raro
711 1652 820 1677 solebat,
839 1652 970 1675 interdum
986 1652 1096 1675 feliciter
1109 1655 1137 1674 ut
1150 1652 1219 1674 infra
1230 1653 1269 1675 De
1284 1652 1450 1681 Schismate,
1463 1652 1529 1674 alias
1544 1652 1610 1674 utin
1627 1655 1716 1674 nostro
1733 1652 1906 1675 instrumento
1923 1653 2095 1684 improspere.

230 1696 333 1727 Quippe
347 1696 425 1727 quod,
445 1704 459 1718 a
474 1699 629 1727 tempestate
645 1697 785 1719 Alexandri
807 1697 839 1720 lv
856 1700 946 1719 tenore
967 1700 992 1719 ct
1009 1697 1144 1719 vocabulis
1165 1697 1199 1726 (v.
1216 1705 1241 1727 g.
1260 1697 1388 1725 Jacobita)
1409 1697 1562 1724 abhorrens,
1582 1700 1609 1719 ut
1625 1697 1733 1725 Denisse,
1750 1697 1766 1720 l.
1783 1706 1815 1722 (·.,
1832 1697 1887 1728 jam
1902 1698 2035 1728 probavit,
2049 1698 2097 1721 tri-

230 1740 362 1763 buendum
384 1749 442 1763 esse
465 1740 524 1763 huic
543 1741 631 1769 aetati,
652 1740 732 1764 inuno
752 1749 794 1764 an.
817 1742 876 1764 1389
896 1741 986 1772 palam
1006 1741 1170 1764 demonstrat
1185 1741 1269 1763 altera
1289 1741 1455 1771 sequentium
1476 1741 1650 1771 epistolarum
1666 1743 1703 1770 (ιιΩ
1720 1742 1798 1770 1570),
1815 1750 1881 1772 quae
1899 1750 1940 1764 au.
1959 1742 2018 1764 1389
2038 1746 2098 1773 post

231 1785 316 1807 Martii
335 1785 364 1807 25
382 1785 490 1816 scripta,
509 1785 534 1807 id
556 1788 682 1807 statutum
706 1785 893 1809 Universitatis
912 1788 973 1808 tune
989 1786 1122 1808 conditum
1140 1787 1219 1808 refert
1237 1794 1241 1808 1
1259 1795 1271 1807 «
1289 1786 1364 1813 Quod
1380 1786 1401 1808 si
1424 1786 1604 1808 Predicatorrs
1624 1786 1766 1816 aliquando
1785 1786 1816 1808 ad
1838 1787 1966 1817 gremium
1985 1787 2097 1809 Univer-

231 1829 317 1852 sitatis
333 1829 458 1852 redierint
469 1832 492 1851 et
508 1829 677 1860 recipientur,
695 1829 745 1860 ipsi
763 1831 857 1853 fratres
871 1830 897 1853 in
910 1830 1032 1853 omnibus
1047 1830 1149 1853 actibus
1164 1830 1310 1853 scolasticis
1380 1833 1440 1852 eant
1458 1830 1543 1852 ultimi
1560 1838 1585 1856 n,
1602 1833 1627 1852 et
1642 1830 1740 1852 similia
1761 1834 1851 1853 narrat
1868 1831 1969 1854 Chron.
1983 1832 2023 1855 du
2037 1832 2100 1855 reli-

229 1874 316 1904 qieux
331 1875 362 1897 de
376 1874 571 1903 Saim-Denys,
589 1874 629 1897 ed.
646 1874 792 1905 Bellaguet,
808 1875 826 1902 Ι,
839 1874 893 1898 578.
911 1875 1001 1905 Itaque
1017 1878 1143 1897 statutum
1158 1874 1206 1897 hoc
1222 1874 1288 1897 nihil
1304 1874 1376 1897 aliud
1392 1877 1431 1897 est
1443 1883 1521 1905 quam
1540 1874 1605 1897 illud
1619 1875 1688 1905 quod
1705 1875 1780 1897 modo
1796 1875 1944 1898 citavimus.
1959 1875 2097 1906 Nunquam

231 1921 316 1940 tamen
333 1917 358 1940 in
377 1917 466 1947 vigore
481 1918 536 1945 suit,
557 1926 617 1940 nam
634 1926 716 1949 usque
731 1919 764 1941 ud
782 1927 823 1943 un.
839 1920 908 1943 1403.
928 1920 993 1950 Aug.
1010 1919 1048 1947 21,
1066 1919 1263 1942 Praedicatores
1277 1922 1349 1941 extra
1364 1918 1568 1942 Universitatem
1586 1920 1699 1947 fuerunt,
1715 1922 1739 1941 et
1755 1927 1822 1941 anno
1838 1919 1972 1949 praedicto
1990 1920 2097 1942 Univer-

231 1962 306 1993 sitas,
322 1961 387 1992 ipsis
409 1962 434 1984 in
448 1962 609 1985 consortium
626 1963 812 1986 Universitatis
830 1963 952 1994 receptis,
970 1973 982 1984 <t
999 1971 1088 1986 omnes
1104 1971 1186 1994 penas
1205 1963 1341 1986 ordinatas
1358 1967 1403 1986 aut
1419 1966 1530 1986 statutas
1547 1963 1683 1986 occasione
1697 1963 1828 1985 discordie
1843 1963 1968 1994 proterite
1982 1964 2098 1994 gratiose

230 2006 357 2029 relaxavit
371 2009 396 2029 et
410 2006 525 2029 abolevit
541 2015 561 2034 »,
577 2010 646 2029 certo
662 2008 776 2038 quodam
788 2007 938 2039 juramento
955 2011 1061 2038 excepto
1075 2008 1161 2038 (Arch.
1175 2011 1228 2030 nat.
1244 2008 1326 2031 Paris.
1342 2008 1374 2030 M.
1387 2007 1444 2036 67¹⁵,
1461 2012 1488 2030 110
1504 2009 1551 2037 57).
1570 2008 1625 2031 Vid.
1643 2010 1705 2030 tom.
1721 2008 1752 2030 lV
1769 2008 1896 2031 Chartzcl.

325 2091 346 2113 1.
358 2091 490 2114 ,Iohannes
508 2091 634 2114 Mnnchon
652 2099 697 2114 seu
712 2092 830 2115 Manson.
846 2105 878 2109 —
897 2092 918 2115 2.
936 2092 994 2115 Bul.
1011 2100 1016 2115 ·.
1035 2100 1046 2115 «
1063 2100 1122 2114 cum
1141 2100 1162 2115 ».
1181 2106 1212 2109 -
1227 2093 1249 2115 3.
1269 2092 1336 2119 Quia
1352 2092 1385 2114 ad
1405 2095 1532 2114 statutum
1550 2091 1713 2114 condendum
1732 2095 1793 2114 tune
1813 2095 1865 2114 tres
1882 2093 2098 2123 congregationes

231 2135 372 2166 requisitae
390 2139 472 2159 erant.
488 2136 546 2159 Vid.
563 2144 652 2167 supra,
670 2145 696 2167 p.
713 2137 758 2159 429
771 2139 796 2159 et
808 2137 862 2165 431,
880 2140 934 2160 not.
950 2138 972 2160 8.
988 2151 1019 2155 —
1035 2137 1059 2160 4.
1075 2136 1131 2160 Bul.
1148 2144 1154 2159 ι
1171 2145 1182 2160 <z
1198 2136 1363 2159 concorditer
1379 2145 1401 2159 υ.

237 2327 377 2364 1569.
402 2337 534 2372 Epistola
556 2338 667 2372 Georgii
683 2338 717 2364 cle
733 2339 816 2367 Rain,
836 2348 908 2373 mag.
928 2340 1033 2364 artium
1049 2340 1156 2374 Paris„
1175 2339 1214 2365 ad
1230 2339 1381 2375 quemdam
1398 2339 1426 2364 in
1447 2339 1635 2364 Universitate
1656 2337 1809 2364 Vindobon.
1831 2338 1865 2364 de
1886 2338 1935 2364 lite
1956 2340 2099 2365 Universi-
2123 2349 2128 2354 ⁴

322 2385 391 2410 tatis
407 2386 500 2412 Paris.
519 2390 617 2412 contra
632 2387 863 2413 praedicatores.

1411 2433 1487 2461 1389,
1503 2432 1636 2458 Februarii
1649 2432 1685 2460 17,
1703 2432 1814 2459 Parisiis.

324 2523 458 2567 Scripsi
481 2523 585 2557 vobis
608 2524 652 2557 de
673 2526 920 2558 controversia
947 2527 1094 2558 fratrum
1127 2526 1397 2558 Predicatorum
1426 2531 1460 2557 et
1486 2524 1741 2557 Universitatis
1772 2525 2002 2566 parisiensis,
2032 2538 2100 2570 que

235 2588 514 2633 condempnavit
534 2590 608 2635 xiiij
632 2592 923 2636 proposiciones,
947 2604 1036 2636 quas
1059 2605 1152 2625 unus
1174 2593 1322 2624 fratrum
1345 2591 1615 2623 Predicatorum
1638 2591 1674 2622 in
1698 2591 1878 2635 vesperiis
1900 2592 1976 2624 suis
1998 2592 2098 2633 dixit,

236 2661 270 2687 et
290 2661 374 2687 sunt
396 2655 463 2687 iste
487 2668 555 2700 que
580 2664 794 2701 sequuntur,
814 2670 903 2702 quas
926 2658 1003 2703 ipse
1025 2659 1181 2691 asseruit
1203 2670 1285 2691 esse
1308 2669 1411 2690 veras
1433 2663 1467 2689 et
1487 2656 1761 2689 catholicas¹....

325 2722 416 2753 Istas
445 2723 722 2766 proposiciones
749 2725 1029 2769 condempnavit
1051 2725 1247 2770 episcopus
1270 2723 1486 2756 parisiensis
1512 2723 1651 2767 aliquas
1679 2730 1856 2767 tamquam
1889 2723 2099 2766 hereticas2,

235 2787 373 2832 aliquas
399 2799 485 2820 vero
515 2794 691 2833 tamquam
724 2790 815 2823 male
844 2798 1016 2824 sonantes
1045 2791 1081 2823 in
1110 2791 1179 2823 fide
1209 2797 1243 2823 et
1275 2791 1411 2834 piarum
1438 2789 1577 2822 aurium
1606 2789 1817 2829 offensuram
1846 2797 1993 2834 propter
2014 2803 2100 2836 quas

239 2854 529 2898 proposiciones,
561 2861 595 2886 et
625 2856 832 2899 specialiter
863 2864 1011 2901 propter
1038 2857 1118 2890 illas
1149 2869 1217 2901 que
1247 2863 1329 2889 sunt
1359 2856 1402 2888 de
1431 2855 1685 2900 Concepcione
1712 2855 1814 2887 beate
1831 2856 2007 2900 Virginis,
2030 2858 2100 2902 ipsi

361 2915 408 2930 *ffl‘
428 2912 523 2935 Chart.
543 2912 618 2936 Unio.
639 2913 735 2937 Paris.
754 2914 797 2938 ΙΙΙ,
1948 2915 1978 2936 65
