2488 3386
439 339 503 370 510
1009 342 1329 365 CHARTULARHJM
1366 340 1554 362 tumvana.
1593 339 1720 360 ranis.
2197 325 2295 362 [1387

439 421 696 454 contumaciam
719 420 836 464 ipsum
860 419 896 450 in
918 417 1064 462 scriptis
1081 414 1402 449 excommunicavit
1424 420 1459 446 et
1479 412 1825 445 excommunicatum
1848 411 1991 456 publice
2011 412 2167 445 nuntiari
2184 412 2298 445 voluit

439 495 472 520 et
494 487 684 526 mandavit,
711 492 817 530 prout
837 485 873 517 in
894 484 1025 517 litteris
1047 483 1182 516 nostris
1204 493 1314 526 super
1334 481 1401 513 hoc
1422 479 1597 512 consectis
1620 479 1763 523 plenius
1789 479 2006 511 continetur.

529 553 667 585 Deinde
689 564 775 585 vero
798 557 986 596 postquam
1009 550 1182 594 magistro
1205 548 1363 581 Roberto
1385 547 1428 578 de
1453 548 1553 578 Freta
1573 545 1730 578 auditori
1751 545 2001 595 commissario
2022 557 2040 578 a
2061 545 2168 578 nobis
2189 546 2297 590 depu-

440 626 510 652 tato
533 618 740 663 supradicto
762 617 888 650 relatio
910 616 980 649 fide
1002 616 1110 660 digna
1131 615 1219 647 facta
1243 613 1370 653 extitit,
1393 612 1487 657 quod
1511 618 1635 644 nostre
1662 611 1782 644 littere
1803 612 2089 645 denuntiationis
2119 612 2298 645 sententie

439 684 822 718 excommunicationis
845 683 1049 727 supradicte
1070 682 1215 714 suerunt
1237 681 1272 712 in
1295 680 1392 712 curia
1415 680 1572 711 Romana
1593 684 1628 711 et
1648 684 1744 710 extra
1773 677 1953 723 publicate
1975 685 2010 711 et
2035 678 2072 710 in
2093 678 2206 711 valvis
2233 690 2298 712 seu

440 752 554 797 portis
575 751 808 784 ecclesiarum
831 749 977 794 majoris
1004 755 1037 781 et
1064 749 1211 780 fratrum
1239 746 1388 779 Ordinis
1410 745 1679 778 Predicatorum
1703 745 1873 777 Avinion.
1897 752 1931 777 et.
1954 745 2067 778 Paris.
2090 745 2298 779 successive

439 818 540 851 affixe
561 824 595 850 et
616 817 777 862 legitime
799 815 1008 849 execucioni
1031 814 1151 847 debite
1173 813 1385 846 demandate
1407 812 1459 844 sic
1480 818 1515 845 et
1535 811 1665 852 taliter,
1685 811 1784 856 quod
1804 812 1899 844 idem
1920 812 2031 845 frater
2049 811 2233 845 Johannes
2254 812 2299 845 de

441 886 656 917 Montesono
680 896 750 915 non
777 883 892 928 potuit
918 893 1036 926 neque
1065 887 1184 926 potest
1211 879 1449 924 ignorantiam
1472 878 1652 912 sententie
1674 879 2063 912 excommunicacionis
2093 879 2299 924 supradicte

441 950 656 995 pretendere
677 950 733 982 vel
754 949 923 993 allegare,
948 948 1005 981 die
1031 948 1111 980 date
1140 946 1361 991 presentium
1385 945 1583 979 litterarum
1605 951 1808 978 nostrarum
1840 945 2067 990 infrascripta
2089 957 2300 990 comparue-

441 1026 521 1051 runt
550 1019 586 1050 in
611 1017 750 1061 judicio
776 1027 895 1048 coram
926 1015 1062 1059 prefato
1092 1013 1238 1046 domino
1271 1012 1428 1045 Roberto
1458 1012 1501 1044 de
1534 1013 1636 1045 Freta
1664 1012 1827 1045 auditore
1858 1012 2044 1057 sepedicto
2075 1012 2111 1044 in
2140 1012 2300 1058 hospitio

440 1083 670 1118 habitationis
692 1094 756 1115 sue
778 1082 864 1114 hora
886 1092 1122 1126 vesperorum
1151 1080 1194 1112 ad
1218 1081 1300 1124 jura
1331 1079 1555 1112 reddendum
1587 1090 1652 1124 pro
1681 1078 1851 1111 tribunali
1880 1079 2030 1112 sedente
2061 1079 2209 1112 discreti
2233 1079 2301 1112 viri

440 1151 611 1195 magister
630 1151 757 1182 Petrus
777 1148 942 1181 Vernerii
957 1147 1172 1180 bacallarius
1193 1147 1230 1179 in
1250 1146 1397 1191 legibus
1414 1146 1450 1178 in
1472 1147 1629 1178 Romana
1645 1146 1744 1178 curia
1762 1152 1796 1178 et
1811 1145 2032 1178 venerabilis
2049 1146 2116 1179 viri
2139 1146 2302 1191 magistri

440 1217 613 1262 Aymonis
636 1215 796 1248 Henrieti
820 1215 857 1247 in
879 1221 1032 1258 utroque
1049 1215 1132 1258 jure
1153 1213 1326 1246 licentiati
1347 1225 1386 1245 ac
1408 1213 1544 1245 domini
1567 1212 1681 1245 nostri
1704 1224 1794 1257 pape
1815 1218 1850 1245 et
1870 1214 2028 1245 Romane
2049 1212 2149 1245 curie
2173 1224 2302 1258 procu-

441 1283 582 1322 ratoris,
606 1289 641 1315 et
660 1282 843 1315 Johannes
865 1281 985 1314 Careti
1007 1281 1110 1313 etiam
1134 1280 1169 1312 in
1191 1280 1349 1312 decretis
1375 1279 1603 1319 bacallarius,
1627 1279 1790 1324 magistri
1812 1279 1950 1312 Alberti
1972 1279 2016 1312 de
2038 1279 2244 1312 Mediolano
2265 1279 2301 1312 in

442 1352 597 1382 Romana
625 1349 722 1381 curia
751 1355 786 1381 et
812 1348 1067 1381 Universitatis
1095 1347 1316 1392 Parisiensis
1340 1346 1634 1391 supranominate
1663 1346 1908 1391 procuratoris
1930 1345 2153 1391 principalis,
2177 1357 2303 1391 supra-

441 1417 617 1449 dictorum
650 1415 836 1448 substituti
867 1421 1135 1459 procuratores,
1164 1420 1269 1458 prout
1292 1413 1335 1446 de
1358 1425 1482 1446 eorum
1512 1413 1689 1445 mandatis
1719 1413 1755 1445 in
1783 1413 1871 1445 actis
1899 1424 2006 1445 cause
2032 1425 2150 1446 coram
2173 1413 2299 1446 eodem

443 1483 614 1528 magistro
645 1481 803 1514 Roberto
831 1481 995 1514 auditore
1026 1480 1159 1513 habitis
1187 1480 1320 1513 dicitur
1340 1487 1507 1513 constare
1537 1479 1711 1524 legitimis
1739 1479 1980 1517 documentis,
2009 1486 2045 1512 et
2074 1479 2243 1512 dixerunt
2269 1486 2304 1512 et

442 1555 710 1594 proposuerunt
748 1548 845 1593 quod
883 1548 993 1580 frater
1029 1547 1213 1580 Johannes
1244 1547 1288 1579 de
1324 1548 1542 1580 Montesono
1573 1546 1784 1591 principalis
1819 1546 2137 1591 supranominatus
2172 1546 2300 1580 dictam

441 1615 824 1648 excommunicationis
853 1615 1066 1647 sententiam
1089 1614 1124 1646 in
1147 1626 1240 1654 eum,
1269 1620 1307 1646 ut
1336 1613 1566 1658 premittitur,
1595 1613 1855 1658 promulgatam
1885 1620 1967 1658 post
1992 1613 2302 1646 denuntiationem

443 1682 620 1727 publicam
644 1682 804 1726 ejusdem
828 1681 864 1713 in
886 1681 983 1713 curia
1006 1682 1163 1713 Romana
1185 1687 1219 1713 et
1247 1687 1344 1713 extra
1373 1692 1437 1725 per
1462 1687 1604 1713 nostras
1632 1680 1770 1713 litteras
1796 1679 1940 1725 publice
1966 1679 2199 1725 divulgatam,
2220 1680 2305 1713 inti-

443 1755 582 1788 matam,
612 1755 644 1780 et
673 1747 886 1793 publicatam
911 1759 974 1792 per
1000 1747 1174 1780 nonnulla
1203 1754 1365 1792 tempora
1393 1747 1522 1792 spiritu
1554 1746 1734 1779 diabolico
1763 1746 1893 1779 ductus
1923 1746 2097 1779 sustinuit
2125 1753 2160 1779 et
2188 1746 2304 1780 adhuc

443 1815 599 1848 sustinet
628 1815 746 1847 animo
767 1815 946 1855 indurato,
969 1814 1290 1859 communionique
1318 1813 1478 1846 fidelium
1511 1825 1550 1846 se
1580 1820 1715 1846 temere
1743 1814 1949 1859 ingesserat
1973 1820 2008 1846 et
2036 1813 2238 1859 ingerebat,
2265 1825 2305 1846 ac

443 1893 591 1926 gregem
615 1881 832 1914 dominicum
856 1893 918 1913 sua
941 1881 1020 1913 labe
1047 1881 1214 1926 nequiter
1239 1880 1435 1919 inficiebat,
1458 1880 1577 1914 claves
1606 1887 1728 1913 sancte
1755 1880 1879 1913 matris
1905 1879 2060 1913 ecclesie
2082 1879 2200 1913 viliter
2219 1891 2306 1913 con-

445 1948 650 1981 temnendo.
675 1948 792 1990 Quare
814 1948 968 1980 eundem
992 1948 1203 1992 magistrum
1228 1947 1423 1980 Robertum
1446 1947 1645 1980 auditorem
1670 1954 1704 1979 ct
1724 1947 2012 1980 commissarium
2034 1959 2114 1979 cum
2136 1946 2305 1980 instantia
2347 1983 2350 1986 ,

444 2014 563 2047 debita
585 2014 831 2058 requisierunt
852 2021 890 2047 ut
909 2015 952 2047 ad
974 2026 1085 2059 penas
1105 2015 1293 2059 graviores
1314 2020 1349 2047 et
1370 2014 1568 2047 sententias
1590 2013 1677 2046 alias
1699 2020 1823 2046 contra
1843 2014 2018 2059 prefatum
2040 2013 2239 2047 Johannem
2260 2013 2305 2046 de

446 2082 660 2113 Montesono
683 2081 916 2125 principalem
949 2081 1147 2125 procedere
1176 2081 1347 2126 ipsasque
1376 2080 1445 2113 sibi
1476 2081 1643 2126 infligere
1666 2087 1699 2113 et
1726 2080 1832 2113 dictis
1860 2080 2156 2125 procuratoribus
2181 2086 2307 2125 peten-

446 2146 541 2179 tibus
571 2147 772 2180 concedere
803 2148 1026 2192 dignaretur.
1059 2148 1222 2180 Presatus
1252 2160 1339 2181 vero
1370 2148 1543 2192 magister
1578 2147 1758 2180 Robertus
1792 2147 1935 2180 auditor
1966 2153 2001 2179 et
2034 2146 2306 2180 commissarius

446 2213 635 2246 attendens
662 2220 694 2246 et
725 2214 962 2246 considerans
991 2214 1089 2258 quod
1116 2215 1213 2259 justa
1243 2214 1452 2259 petentibus
1483 2226 1555 2246 non
1586 2214 1633 2246 sit
1665 2213 1903 2259 denegandus
1932 2225 2118 2255 assensus,
2146 2220 2181 2246 et
2210 2212 2307 2258 quod

448 2291 569 2323 parum
602 2280 794 2324 prodesset
822 2280 1028 2313 obedientia
1056 2280 1270 2320 humilibus,
1302 2281 1332 2313 si
1363 2280 1686 2313 inhobedientibus
1716 2280 1939 2313 contumacia
1974 2292 2046 2313 non
2078 2286 2239 2320 noceret,
2269 2286 2309 2312 ut

448 2357 543 2385 eum,
565 2357 669 2389 quem
693 2347 757 2378 Dci
779 2347 885 2379 timor
906 2354 965 2379 aut
985 2347 1100 2379 virtus
1122 2347 1266 2392 propria
1288 2347 1331 2380 ab
1358 2359 1482 2380 errore
1513 2359 1585 2379 non
1606 2353 1762 2387 revocat,
1784 2346 1900 2380 saltim
1923 2346 2113 2379 coherceat
2133 2346 2308 2379 severitas

449 2410 652 2455 discipline,
677 2413 888 2445 sententiam
913 2414 1303 2446 excommunicacionis
1324 2414 1360 2446 in
1382 2414 1498 2458 ipsum
1522 2414 1666 2446 fratrem
1687 2413 1885 2446 Johannem
1907 2413 2026 2454 latam,
2050 2419 2089 2445 ut
2114 2413 2306 2457 prefertur,

450 2476 485 2508 in
508 2477 652 2521 scriptis
673 2479 935 2522 aggravandam
963 2480 1155 2524 ipsumque
1182 2481 1326 2513 fratrem
1353 2480 1551 2513 Johannem
1581 2480 1632 2513 sic
1661 2479 2007 2512 excommunicatum
2038 2478 2307 2524 aggravandum

450 2542 526 2574 fore
549 2543 705 2576 decrevit
734 2551 765 2576 et
788 2546 1006 2589 aggravavit,
1037 2558 1179 2578 necnon
1201 2547 1457 2591 participantes
1479 2559 1559 2579 cum
1580 2546 1708 2579 eodem
1735 2546 1843 2578 fratre
1865 2545 2028 2578 Johanne
2053 2545 2244 2590 principali
2269 2556 2308 2578 ac

451 2608 520 2641 sibi
546 2608 761 2642 adherentes
785 2611 1013 2644 consiliarios
1036 2619 1070 2644 et
1090 2613 1249 2645 fautores
1270 2614 1307 2645 in
1328 2613 1535 2658 premissis,
1559 2613 1770 2656 monuitque
1797 2618 1832 2644 et
1859 2623 1923 2656 per
1952 2618 2095 2644 nostras
2119 2618 2309 2656 presentes

451 2674 588 2707 litteras
616 2676 816 2708 monendos
844 2678 919 2709 t'ore
950 2678 1107 2711 decrevit
1139 2691 1183 2711 ne
1211 2679 1327 2712 eidem
1359 2679 1396 2711 in
1424 2679 1545 2724 aliquo
1574 2679 1801 2724 participent,
1831 2678 2039 2719 adhereant,
2069 2679 2221 2718 faveant,
2250 2684 2311 2711 aut

451 2741 655 2782 consilium,
679 2742 847 2774 auxilium
871 2743 939 2775 sibi
963 2751 1136 2788 prestent,
1159 2745 1215 2778 vel
1237 2747 1409 2786 savorem,
1434 2746 1601 2790 personis
1627 2752 1662 2778 et
1686 2744 1830 2778 casibus
1860 2757 1878 2777 a
1903 2746 1987 2789 jure
2008 2745 2197 2790 permissis
2218 2744 2310 2777 dun-

452 2813 544 2840 taxat
564 2808 735 2852 exceptis.

541 2874 617 2915 Que
639 2874 755 2906 omnia
781 2881 815 2906 et
836 2875 976 2920 singula
999 2877 1102 2909 vobis
1124 2878 1292 2911 omnibus
1317 2885 1351 2911 et
1379 2878 1535 2923 singulis
1557 2878 1774 2923 supradictis
1799 2890 1838 2910 ac
1860 2878 2042 2911 universis
2065 2878 2201 2912 Christi
2223 2877 2311 2910 fide-
