2488 3386
450 349 513 381 200
1025 353 1341 377 CHARTULARIUM
1374 351 1564 374 naivaas.
1602 350 1731 372 PARIS.
2093 356 2095 358 ·
2209 334 2306 370 [1371

455 447 593 484 1369.
618 455 726 482 Electio
742 455 859 481 rectoris
875 454 1002 480 Marsilii
1017 453 1052 479 de
1067 453 1181 487 Jnghen.

1686 492 1757 521 1371,
1772 491 1842 517 «lunii
1850 491 1894 519 24.
1910 490 2022 516 Parisiis.

538 575 624 606 Item
642 584 735 605 anno
757 572 900 604 Domini
924 573 1020 611 1371,
1038 571 1075 603 in
1094 571 1187 603 festo
1209 569 1301 602 beati
1319 568 1493 602 Johannis
1515 567 1687 612 Bapfiste,
1706 566 1844 598 electus
1860 565 1927 597 suit
1946 565 1980 596 in
1999 570 2175 597 rectorem
2193 564 2305 596 idem¹

450 640 620 685 magister
641 638 824 671 Marcilius
846 638 901 679 [de
928 637 1079 682 lnghen]
1108 636 1207 669 nullo
1234 635 1449 668 intrancium
1476 634 1705 673 reclamante,
1729 639 1764 665 et
1789 632 1840 665 sic
1866 632 1994 664 iterato
2015 630 2141 663 habuit
2164 630 2309 664 labores

450 714 484 740 et
503 717 694 751 expensas,
715 705 800 738 licet
820 716 893 737 non
913 710 963 737 tot
984 710 1019 736 et
1039 710 1166 736 tantas,

541 804 607 827 Mus.
623 802 741 826 Britann.
756 810 804 826 ms.
821 802 882 825 add.
899 802 983 830 17:304,
1001 801 1045 824 fol.
1064 801 1134 824 1421‘.
1153 814 1178 818 —
1195 800 1317 828 Bulaeus,
1335 799 1376 827 lv,
1387 799 1441 822 436.

541 888 562 909 1.
578 895 589 910 «
605 887 673 910 idem
689 895 700 909 n
718 887 830 909 refertur
845 886 878 909 ad
893 885 1032 909 rectoriam
1050 884 1159 907 Marsilii
1175 892 1217 906 au.
1238 883 1306 911 1367,
1324 882 1380 906 Oct.
1398 882 1424 904 11
1442 882 1543 913 (supra,
1559 886 1588 905 n0
1603 882 1681 911 1338),
1699 889 1766 912 quae
1786 880 1813 903 in
1828 888 1878 903 ms.
1896 879 1923 903 in
1938 880 2031 903 eadem
2046 879 2145 911 pagina
2159 880 2310 904 immediate

450 931 590 963 praecedit.

453 1028 592 1065 1370.
619 1038 767 1072 Gregorius
784 1039 824 1062 XI
837 1037 971 1071 (lohanni
985 1037 1021 1062 de
1039 1036 1151 1068 Calore)
1167 1035 1341 1061 cancellario
1358 1035 1462 1068 Paris,
1480 1038 1509 1060 ut
1526 1033 1722 1069 Raymundum
1738 1033 1773 1059 de
1788 1034 1877 1066 Bona,
1899 1033 1964 1059 Ord.
1982 1033 2099 1067 Praed„
2118 1033 2167 1068 qui
2179 1033 2309 1069 philoso-

534 1086 631 1121 phiam
647 1090 674 1111 et
694 1086 796 1111 librum
814 1086 1024 1111 Sententiarum
1042 1085 1119 1119 legit,
1143 1089 1169 1110 et
1189 1085 1217 1110 in
1236 1084 1368 1120 pluribus
1389 1083 1569 1109 conventibus
1589 1082 1660 1108 dicti
1678 1078 1793 1108 Ordinis
1814 1082 1902 1107 lector
1913 1081 2088 1118 principalis
2109 1082 2175 1116 fuit,
2193 1086 2221 1108 et
2237 1091 2310 1108 nunc

535 1138 600 1160 actu
614 1134 752 1160 ecclesiae
767 1134 964 1168 Lugdunensis
983 1134 1070 1160 lector
1083 1134 1190 1166 existit,
1209 1133 1249 1158 ad
1262 1132 1410 1166 legendum
1426 1132 1529 1157 librum
1547 1131 1757 1157 Sententiarum
1774 1134 1898 1166 tempore
1913 1131 2048 1156 aestivali
2062 1135 2093 1156 ut
2109 1130 2310 1157 baccalareum

536 1184 563 1208 in
584 1183 669 1208 scolis
691 1185 814 1217 fratrum
834 1183 904 1208 dicti
931 1183 996 1209 Ord.
1022 1192 1097 1208 anno
1122 1182 1333 1218 septuagesimo
1353 1181 1478 1206 secundo
1496 1180 1536 1206 vel
1550 1180 1610 1206 alio
1629 1180 1761 1215 sequenti
1775 1179 1901 1215 deputet.
1920 1181 1984 1206 Dat.
2001 1180 2081 1214 apud
2097 1180 2310 1207 Villamnovam

535 1232 668 1258 Avinion.
685 1232 758 1258 dioc.
776 1232 794 1266 ij
811 1232 865 1258 kal.
885 1232 964 1261 sulii,
979 1240 1057 1258 anno
1070 1232 1176 1265 primo.
1196 1242 1208 1255 «
1226 1231 1284 1256 Viri
1301 1238 1379 1256 sacre
1395 1241 1418 1255 ».

1527 1279 1596 1308 1371,
1612 1279 1687 1304 ‘lunii
1698 1279 1744 1308 30,
1761 1279 1830 1311 apud
1843 1279 2024 1304 Uillamnovam.

539 1356 600 1386 Reg.
614 1356 670 1378 Vat.
686 1356 764 1378 Avcn.
778 1355 898 1386 Gregorii
914 1356 956 1387 XI,
973 1355 1024 1378 vol.
1042 1356 1073 1383 11,
1091 1355 1136 1378 sol.
1151 1356 1204 1378 329.
1221 1369 1251 1371 —
1267 1354 1395 1382 Αη.1375,
1413 1354 1505 1378 octob.
1524 1354 1550 1376 11
1567 1356 1593 1382 (v
1609 1353 1643 1376 id.
1661 1353 1753 1377 Octoh.
1770 1362 1812 1377 an.
1829 1355 1863 1382 v),
1882 1352 2030 1376 Sententias
2042 1353 2097 1384 jam
2115 1352 2180 1384 legit
2196 1355 2222 1376 et
2235 1355 2310 1376 uetus

446 1399 615 1422 scholasticos
631 1399 753 1427 exercuit,
770 1403 795 1422 et
811 1400 954 1430 Gregorius
972 1400 1003 1422 XI
1020 1399 1134 1430 injungit
1149 1399 1351 1422 cancellario-ut
1363 1398 1448 1422 eidem
1464 1397 1611 1429 magisterii
1630 1398 1755 1421 honorem
1771 1401 1796 1421 et
1815 1397 1925 1420 docendi
1940 1397 2074 1420 licentiam
2091 1397 2217 1420 concedat
2236 1397 2310 1428 (Reg.

445 1445 501 1467 Vnt.
515 1445 592 1467 Aven.
608 1444 696 1474 Greg.,
714 1444 765 1467 vol.
783 1444 871 1473 XXIIIy
886 1444 929 1467 fol.
945 1445 1000 1467 1159.
1015 1454 1025 1465 α
1043 1443 1096 1466 Viri
1113 1452 1186 1466 sacre
1199 1443 1318 1466 lectionis
1336 1445 1365 1471 υ).
1384 1444 1511 1470 Profecto,
1529 1443 1554 1465 in
1573 1442 1661 1467 Catal.
1677 1443 1774 1466 licent.
1790 1443 1823 1466 in
1834 1449 1856 1466 s.
1875 1442 1966 1470 theol„
1981 1441 2049 1464 Bibl.
2066 1444 2119 1464 nat.
2134 1441 2228 1470 Parin..
2245 1448 2309 1466 mss.

444 1489 490 1511 lat.
507 1489 565 1511 5657
572 1492 591 1516 ⁸,
608 1488 691 1516 12850,
705 1488 772 1511 inter
786 1488 930 1511 licentiatos
944 1488 969 1510 in
982 1488 1060 1511 theol.
1074 1496 1116 1511 an.
1131 1489 1191 1511 1375
1207 1488 1323 1511 affertur.
1337 1502 1365 1505 —
1376 1488 1422 1510 An.
1437 1488 1506 1515 1379,
1519 1488 1655 1510 confessor
1669 1495 1755 1518 papae
1765 1490 1791 1510 et
1804 1488 1954 1518 praefectus
1967 1486 2085 1517 capellae
2100 1485 2241 1509 Clementis
2254 1485 2309 1514 vu,

445 1536 470 1556 et
483 1533 593 1555 sortasse
610 1532 688 1555 etiam
702 1532 878 1555 Bibliothecae
894 1532 956 1561 (vid.
976 1532 1063 1561 Ehrle,
1081 1532 1151 1556 Hist.
1170 1532 1243 1556 Bibl.
1260 1533 1338 1556 Rom.
1353 1532 1467 1562 pontif..
1483 1532 1502 1560 1,
1520 1532 1585 1561 738);
1603 1539 1644 1554 an.
1664 1532 1734 1560 1380,
1750 1531 1859 1554 Januar.
1879 1531 1917 1558 27,
1934 1531 2018 1554 factus
2032 1533 2072 1554 est
2086 1529 2204 1562 episcop.
2220 1529 2312 1553 Vasio-

445 1585 518 1600 nens.
535 1578 606 1607 (Reg.
621 1577 699 1600 Aven.
717 1577 796 1600 Clem.
810 1577 864 1605 VII,
881 1577 932 1600 vol.
950 1577 1027 1606 XVII,
1044 1577 1089 1600 tol.
1102 1577 1170 1606 43¹³).

450 1729 572 1766 1371.
582 1758 590 1766 .
616 1739 764 1773 Gregorius
779 1740 820 1764 XI
831 1739 965 1772 (Iohanni
980 1739 1015 1764 de
1033 1738 1144 1772 Calore)
1160 1738 1334 1764 cancellario
1351 1739 1456 1772 Paris,
1471 1742 1500 1764 ut
1515 1738 1672 1764 Iohannem
1686 1737 1888 1773 Gutensperg¹,
1904 1737 1970 1763 Ord.
1985 1737 2053 1763 Min.
2070 1737 2132 1772 (qui
2143 1737 2172 1762 in
2186 1738 2311 1771 fratrum

534 1787 603 1813 dicti
621 1787 734 1813 Ordinis
750 1787 831 1813 domo
845 1787 880 1813 de
895 1787 1068 1821 Herefordia
1086 1789 1213 1822 Magunt.
1232 1787 1333 1821 dioec.‚
1350 1787 1399 1813 ubi
1413 1787 1539 1813 studium
1557 1787 1628 1821 viget
1641 1786 1777 1821 generale
1796 1786 1861 1812 Ord.
1881 1787 1909 1812 in
1923 1785 2019 1820 theol„
2035 1785 2209 1822 principalis
2224 1785 2312 1812 lector

534 1836 640 1870 ezistit,
658 1836 745 1862 libros
764 1836 972 1862 Sententiarum
989 1837 1017 1862 in
1031 1836 1128 1862 studio
1142 1836 1272 1870 generali
1287 1836 1405 1870 legendo
1421 1836 1516 1862 debite
1531 1835 1686 1872 complevit,
1704 1844 1739 1861 ac
1760 1835 1788 1861 in
1807 1835 1904 1861 studio
1923 1835 2085 1861 Parisiensi
2098 1835 2127 1861 in
2142 1834 2312 1870 praesentia

539 1885 734 1910 Universitatis
749 1885 875 1919 ejusdem
888 1885 980 1911 studii
994 1885 1070 1911 ultra
1087 1894 1258 1911 communem
1274 1884 1506 1911 consuetudinem
1521 1884 1754 1920 frequentissime
1768 1884 1949 1920 praedicavit
1964 1887 1992 1909 et
2006 1883 2082 1909 alios
2097 1887 2180 1909 actus
2196 1882 2311 1910 schola-

533 1933 619 1959 sticos
630 1934 757 1959 exercuit
772 1934 885 1965 ibidem,
899 1943 933 1959 ac
949 1943 985 1960 ex
1000 1938 1064 1960 tunc
1077 1933 1288 1969 philosophiam
1302 1933 1467 1960 Aristotelis
1478 1933 1642 1959 naturalem
1653 1937 1680 1959 et
1695 1933 1830 1959 moralem
1844 1933 2049 1966 commentarit,
2062 1932 2188 1958 Bibliam
2200 1940 2312 1968 quoque

534 1981 602 2016 legit
613 1982 746 2018 pluribus
761 1983 844 2008 annis
861 1984 888 2008 in
907 1983 1003 2009 studio
1018 1983 1169 2017 generali),
1193 1983 1233 2008 ad
1252 1983 1341 2008 libros
1363 1983 1573 2008 Sententiarum
1593 1982 1728 2017 legendos
1748 1982 1777 2007 in
1793 1981 1875 2008 domo
1890 1983 2014 2016 fratrum
2030 1981 2122 2017 ipsius
2140 1980 2255 2007 Ordinis
2271 1980 2314 2007 vel
2341 1997 2347 2002 -

534 2034 615 2056 extra
638 2031 718 2056 illam
734 2031 762 2056 in
778 2031 882 2057 scholis
904 2032 1147 2058 eoetraordinariis
1163 2033 1191 2058 in
1212 2032 1302 2058 hieme
1320 2032 1451 2067 proxime
1466 2033 1567 2066 futura
1584 2031 1625 2057 vel
1640 2031 1668 2057 in
1684 2031 1747 2057 alia
1767 2039 1804 2057 ex
1825 2034 1890 2056 tunc
1906 2030 2070 2056 immediate
2091 2030 2224 2066 sequenti
2249 2030 2312 2056 sine

535 2079 713 2114 praejudicio
729 2079 817 2114 illius,
835 2081 885 2115 qui
907 2081 1070 2106 Sententias
1085 2081 1233 2106 ordinarie
1249 2080 1326 2115 legit,
1345 2080 1490 2114 admittat,
1514 2084 1542 2106 et
1563 2089 1625 2106 eum
1645 2083 1712 2116 post
1734 2079 1872 2105 lecturam
1895 2079 1935 2104 ad
1949 2079 2082 2105 honorem
2103 2078 2265 2113 magisterii
2282 2078 2312 2106 in

535 2128 633 2153 eadem
653 2128 795 2162 facultate
811 2129 999 2164 promoveaffl.
1022 2130 1131 2156 Datum
1149 2130 1228 2164 apud
1244 2130 1459 2156 Villamnovam
1474 2129 1609 2156 Avinion.
1633 2129 1707 2155 dioc.
1726 2137 1761 2155 xv
1778 2129 1835 2155 kal.
1854 2128 1989 2161 Augusti,
2005 2135 2085 2154 anno
2100 2128 2206 2161 primo.
2222 2137 2236 2152 «
2253 2127 2312 2154 Viri

629 2188 653 2202 ))-

537 2185 613 2203 sacre
1556 2215 1624 2243 1371,
1639 2214 1702 2240 dulit*
1715 2214 1752 2243 18,
1766 2214 1836 2246 apud
1847 2214 2027 2239 Villamnomm.

542 2257 604 2287 ch.
620 2257 678 2280 Vat.
694 2258 773 2281 Aven.
788 2257 907 2288 Gregorii
923 2258 965 2287 XI,
982 2258 1034 2281 vol.
1053 2259 1072 2287 1,
1090 2259 1133 2282 fol.
1147 2258 1219 2281 42712.

544 2340 565 2362 1.
581 2339 764 2363 verisimiliter
779 2349 809 2363 ex
823 2341 914 2364 eadem
931 2341 1040 2370 familia,
1055 2350 1106 2373 qua
1120 2342 1239 2365 inventor
1254 2342 1458 2373 typographiae,
1476 2342 1610 2365 ‚lohannes
1629 2341 1790 2372 Gutenberg,
1809 2344 1915 2364 exortus
1928 2343 1976 2364 est.
1990 2353 2017 2358 —
2032 2341 2054 2363 2.
2067 2340 2176 2364 Caetera
2191 2343 2220 2363 ut
2230 2347 2312 2371 supra

449 2387 478 2405 n⁰
494 2383 569 2406 1365:
588 2392 598 2406 t(
616 2383 651 2406 ita
665 2386 749 2407 tamen
767 2393 778 2407 »
793 2388 841 2409 etc.

456 2481 594 2518 1372.
620 2493 768 2526 Gregorius
779 2494 821 2518 XI
829 2493 963 2527 (Johanni
971 2494 1006 2520 de
1020 2494 1129 2528 Calore)
1137 2494 1311 2520 cancellario
1323 2495 1428 2529 Paris.7
1441 2498 1470 2520 ut
1486 2494 1606 2520 Thomae
1617 2494 1652 2520 de
1663 2495 1762 2529 Rossy,
1774 2493 1840 2520 Ord.
1851 2493 1931 2527 Min„
1946 2494 1996 2528 qui
2006 2493 2034 2519 in
2044 2493 2140 2519 studio
2152 2493 2314 2520 Pari-riensi

539 2548 650 2565 cursum
665 2549 736 2566 suae
751 2541 909 2567 auditionis
920 2544 1052 2577 perfecit,
1070 2552 1165 2568 coram
1189 2544 1377 2569 Universitate
1398 2543 1469 2569 dicti
1485 2543 1578 2569 studii
1589 2542 1701 2579 pluries
1717 2542 1828 2569 verbum
1846 2542 1899 2568 Dei
1914 2541 2069 2576 honorifice
2087 2541 2271 2577 proponendo
2286 2544 2315 2568 et

539 2588 642 2614 deinde
657 2589 684 2614 in
697 2589 830 2624 partibus
848 2591 968 2625 Scotiae,
985 2591 1020 2617 de
1036 2592 1138 2626 quibus
1154 2595 1196 2618 est
1212 2591 1359 2626 oriundus,
1378 2596 1457 2618 artes
1471 2595 1498 2618 et
1514 2591 1686 2626 theologiam
1700 2591 1844 2627 perlegit„
1858 2590 1899 2616 ad
1913 2590 2064 2625 legendum
2079 2589 2183 2616 librum
2195 2591 2312 2616 Senten-

540 2637 644 2662 tiarum
655 2638 684 2662 in
693 2638 821 2673 prozime
831 2640 931 2672 futura
947 2644 1068 2674 aestate,
1085 2644 1137 2666 aut
1150 2641 1177 2666 si
1191 2649 1242 2676 pro
1259 2640 1311 2666 illa
1327 2640 1437 2676 aliquis
1449 2642 1543 2675 frater
1554 2640 1646 2676 ipsius
1661 2640 1726 2666 Ord.
1742 2639 1847 2666 ibidem
1861 2639 1950 2674 fuerit
1964 2639 2091 2673 forsitan
2105 2638 2271 2675 deputatus,
2285 2639 2314 2665 in

540 2685 643 2719 altera,
662 2685 703 2711 vel
717 2686 803 2712 etiam
817 2691 918 2722 postea
933 2688 1077 2722 admittat,
1097 2690 1208 2724 ipsique
1225 2689 1328 2715 deinde
1344 2689 1506 2723 magisterii
1520 2689 1652 2715 honorem
1668 2692 1696 2715 et
1711 2688 1833 2714 docendi
1848 2687 1995 2714 licentiam
2012 2688 2040 2713 in
2056 2687 2156 2713 eadem
2170 2686 2314 2722 facultate

541 2733 692 2768 largiatur.
710 2735 774 2760 Dat.
791 2735 931 2763 Avinione
945 2745 961 2762 v
977 2745 1046 2762 uon.
1061 2737 1201 2767 Octobris,
1218 2746 1296 2764 anno
1312 2738 1417 2771 primo.
1438 2748 1451 2762 «
1468 2738 1527 2764 Viri
1541 2745 1619 2764 sacre
1635 2748 1659 2763 ».

1639 2813 1709 2842 1371,
1727 2811 1844 2838 Octobris
1857 2813 1883 2842 3,
1898 2812 2028 2838 Λνοηίοηε.

547 2883 610 2914 Reg.
627 2884 685 2907 Vat.
702 2884 782 2908 Aven.
796 2885 916 2916 Gregorii
932 2886 973 2913 XI,
990 2887 1041 2910 vol.
1058 2887 1089 2914 ΙΙ1
1107 2887 1152 2909 sol.
1169 2887 1238 2910 342¹).
1252 2901 1282 2904 —
1297 2888 1411 2911 Thomas
1428 2887 1537 2910 Parisiis
1554 2887 1737 2918 magisterium
1752 2886 1860 2917 recepit.
1873 2887 1920 2910 An.
1934 2886 2004 2915 1375,
2018 2885 2109 2909 Octob.
2122 2886 2160 2915 23,
2174 2885 2315 2917 episcopa·
