2488 3386
462 350 527 383 604
1038 357 1358 380 CHARTULARIUM
1392 356 1584 378 umvsns,
1622 356 1751 378 PARIS.
2223 345 2322 382 [1394

551 434 598 473 7²2⁷
620 439 738 465 utrum
760 432 996 477 impeditores
1017 431 1107 464 tales
1129 431 1285 464 debeant
1309 429 1451 463 censeri
1478 429 1686 472 scismatici,
1708 429 1872 471 heretici,
1897 430 2065 463 infideles
2092 442 2156 465 seu
2182 431 2227 464 de
2251 431 2322 466 fide

463 499 635 544 suspecti.
2308 487 2310 489 Ι

552 566 599 606 8³,
622 577 691 610 que
718 565 865 598 istarum
894 565 1000 597 trium
1024 564 1176 604 viarum,
1200 563 1339 596 scilicet
1364 562 1508 595 consilii
1532 562 1729 607 generalis,
1751 556 2011 608 resignationis
2032 564 2243 606 electorum,
2265 564 2322 598 vel

462 631 729 677 compromissi,
747 631 794 664 sit
814 631 929 676 magis
951 631 1149 676 expediens
1171 636 1230 664 aut
1249 629 1414 662 videatur
1434 628 1558 662 utilior
1578 641 1643 674 pro
1668 628 1733 663 hac
1754 629 1845 663 vice.

550 700 664 738 Nona,
686 705 805 731 utrum
827 698 871 731 ad
895 697 1048 742 aliquam
1069 697 1177 729 trium
1198 696 1335 729 viarum
1358 702 1528 732 tactarum
1550 696 1814 730 contendentes
1835 696 1879 730 de
1904 703 2033 742 papatu
2059 697 2203 742 possint
2223 698 2322 742 juste

463 772 497 798 et
518 764 778 798 rationabiliter
799 764 980 808 compelli.

555 859 631 883 Arch.
647 859 714 886 Vat„
732 866 798 881 arm.
814 859 852 886 54,
866 862 895 880 n0
910 858 947 885 21,
966 857 1010 880 sol.
1031 856 1080 885 321²,
1098 856 1147 879 sub
1165 855 1271 879 rubrica
1288 859 1317 879 ut
1334 864 1425 887 supra.
1440 856 1534 879 Postea
1549 856 1575 879 in
1588 857 1650 879 ms⁶⁰
1665 856 1784 888 sequitur
1801 857 1985 880 documentum
2000 860 2029 880 1ιο
2046 857 2116 886 1679,
2136 858 2226 881 eadem
2244 865 2323 881 manu

461 903 598 935 scriptum.
615 903 719 934 Septem
734 902 835 934 priores
851 902 1016 933 quaestiones
1032 901 1189 924 conveniunt
1204 900 1397 932 quodammodo
1412 908 1471 923 cum
1488 903 1602 924 tractatu
1618 905 1648 925 n⁰
1665 901 1726 924 1663
1743 904 1878 932 excerpt03
1900 901 2008 925 minime
2022 909 2084 925 vero
2103 902 2269 933 quaestiones
2284 903 2324 925 8*-

461 951 486 971 et
502 949 551 971 9¹²⁵.
570 947 702 975 Quantum
722 947 755 970 ad
779 947 844 970 istus
866 946 1031 977 quaestiones
1047 945 1241 977 propositiones
1263 945 1352 976 potius
1370 945 1523 968 referendae
1551 948 1613 969 sunt
1633 945 1667 969 ad
1686 946 1813 973 an.1394,
1829 946 1949 969 Januarii
1970 946 2154 970 28-Feh1-uarii
2170 947 2208 975 25,
2223 946 2268 970 vix
2289 947 2323 970 ad

462 1000 473 1015 «
489 992 587 1015 Puncta
599 1000 648 1022 pro
660 994 772 1014 tractatu
789 990 968 1021 componendo
986 998 997 1012 1)
1015 991 1053 1019 (n⁰
1068 990 1147 1019 1684),
1164 992 1225 1020 post
1238 997 1304 1020 quae
1322 992 1425 1012 exstant
1438 989 1464 1012 in
1479 990 1549 1013 msw‘

465 1135 604 1172 1678.
628 1153 642 1169 «
659 1145 690 1169 In
712 1143 898 1169 Universitate
916 1142 1032 1179 publice
1047 1143 1222 1178 divulgatum
1243 1146 1285 1169 est
1306 1147 1344 1177 ut,
1365 1142 1441 1179 quod
1460 1143 1612 1179 cujuslibet
1631 1151 1709 1169 mens
1724 1142 1848 1169 dictaret
1860 1152 1913 1179 pro
1933 1143 2036 1170 unione
2051 1143 2194 1178 habenda,
2211 1147 2324 1172 notaret

547 1193 575 1218 in
596 1192 706 1226 cedula,
732 1201 817 1227 quam
841 1195 868 1218 et
890 1192 969 1226 infra
989 1200 1074 1217 unam
1097 1191 1215 1218 archam
1233 1192 1349 1225 fortiter
1372 1192 1536 1218 obseratam
1556 1195 1583 1218 et
1603 1192 1631 1218 in
1651 1191 1777 1218 claustro
1804 1194 1832 1218 S.
1849 1192 1990 1218 Maturini
2013 1193 2169 1229 repositam
2189 1193 2322 1220 mitteret.

550 1242 627 1267 Certo
644 1241 754 1266 dierum
769 1249 884 1266 numero
906 1244 1052 1266 transacto
1068 1240 1209 1276 deputati,
1227 1240 1288 1266 scil.
1316 1241 1349 1267 14
1372 1241 1401 1266 in
1420 1250 1444 1268 s.
1467 1241 1580 1277 pagina
1602 1242 1791 1277 professores,
1810 1242 1844 1268 18
1864 1242 1974 1276 injure
1995 1250 2071 1275 cam,
2089 1243 2123 1268 22
2146 1242 2175 1268 in
2199 1241 2320 1276 artibus,

547 1289 664 1316 cedulas
687 1293 824 1326 repertas,
849 1298 902 1325 que
917 1289 1012 1315 decem
1031 1289 1166 1315 ιηίΙΙὶιυη1
1184 1298 1329 1315 numerum
1345 1289 1547 1324 excedebanffl,
1567 1290 1700 1324 legebant
1722 1294 1750 1316 et
1769 1290 1865 1316 omnia
1880 1290 1943 1325 (ms.
1967 1290 2059 1326 om7i)³
2082 1290 2135 1316 sub
2158 1290 2323 1327 compendio

547 1338 659 1364 media⁴
674 1339 790 1374 scriptis
813 1338 977 1365 notabant5.
1000 1338 1132 1371 Quamvis
1152 1338 1181 1364 in
1197 1338 1307 1364 cedulis
1327 1338 1398 1375 ipsis
1417 1339 1538 1374 quisque
1549 1339 1730 1375 propositum
1745 1348 1828 1364 suum
1850 1339 1936 1365 variis
1956 1339 2119 1365 rationibus
2139 1339 2323 1366 corroborare

547 1391 705 1421 conaretur,
724 1387 924 1423 deputatorum
946 1391 1040 1413 tamen
1050 1387 1163 1422 judicio
1186 1386 1227 1413 vel
1246 1387 1286 1412 ad
1306 1387 1378 1413 viam
1398 1388 1536 1414 cessionis
1552 1388 1711 1423 utriusque,
1735 1388 1776 1414 rel
1790 1387 1830 1414 ad
1850 1388 1922 1414 viam
1938 1392 2033 1414 mutue
2049 1388 2320 1424 compromissionis,

546 1435 586 1461 vel
601 1435 640 1461 acl
655 1435 918 1462 determinationem
933 1436 1051 1462 Concilii
1064 1435 1227 1470 generalis⁰
1242 1444 1338 1462 omnes
1352 1445 1383 1462 se
1398 1436 1639 1463 determinabant.
1658 1445 1673 1462 r

1444 1513 1522 1542 1394,
1537 1513 1655 1539 «Ianuarii
1665 1512 1849 1539 28-Fsbruar1'i
1860 1513 1903 1542 25,
1919 1513 2034 1539 Parisiis.

551 1586 653 1610 Chron.
669 1587 708 1610 du
723 1586 775 1610 rel.
788 1587 820 1610 de
834 1586 1030 1616 Saint-Denys,
1050 1587 1082 1616 II,
1100 1587 1144 1609 100
1164 1586 1332 1618 (quibusdam
1351 1587 1477 1618 omissis),
1499 1587 1555 1611 sine
1572 1590 1634 1610 nota
1655 1587 1795 1618 temporis.
1815 1587 1865 1610 Sed
1885 1587 2050 1611 referendum
2073 1587 2106 1610 nd
2126 1590 2230 1618 tempus
2252 1586 2322 1618 quod

457 1630 613 1658 notavimus,
629 1633 658 1653 ut
673 1638 685 1653 e
698 1634 727 1652 n0
743 1630 803 1653 1679
818 1634 937 1661 apparet.
954 1640 967 1652 «
983 1631 1032 1654 Per
1046 1631 1136 1662 plures
1150 1631 1233 1654 dietas
1247 1641 1260 1653 κ
1279 1631 1328 1654 hoc
1345 1635 1432 1655 actum
1450 1635 1498 1660 est,
1519 1638 1548 1655 ιιι
1564 1640 1577 1655 e
1593 1632 1691 1663 scripto
1709 1632 1783 1662 Opus
1802 1632 1894 1656 unius
1908 1631 2009 1662 'maym'
2028 1632 2131 1662 prelati
2150 1631 2240 1663 liquet.
2261 1630 2320 1655 Vid.

457 1678 507 1697 „um
522 1675 592 1704 1680,
611 1677 664 1698 not.
678 1674 773 1698 Mensis
786 1675 922 1698 Februarii
939 1676 967 1698 25
979 1675 1104 1699 extractio
1119 1679 1145 1699 et
1159 1676 1272 1706 collatio,
1285 1680 1344 1704 etc„
1360 1677 1478 1707 perfecta
1492 1679 1557 1700 erat.

550 1746 573 1768 1.
587 1746 634 1769 Ms.
649 1746 732 1769 Puris.
750 1747 819 1775 5958,
836 1747 853 1769 f.
871 1746 915 1769 106
929 1754 934 1769 ;
952 1755 961 1769 ι(
975 1746 993 1769 ἶς’
1008 1755 1030 1770 ».
1045 1760 1076 1764 ——-
1088 1747 1111 1770 2.
1125 1747 1183 1770 Vid.
1197 1747 1230 1770 ad
1246 1747 1310 1771 haec
1326 1756 1407 1779 supra
1420 1756 1447 1779 p.
1460 1749 1514 1776 504,
1530 1751 1583 1771 not.
1598 1748 1611 1770 2
1621 1751 1647 1771 et
1661 1749 1684 1771 5.
1699 1747 1788 1771 Simon
1800 1747 1831 1771 de
1845 1747 1992 1771 Cramaudo
2006 1755 2048 1771 an.
2065 1747 2126 1770 1406
2141 1755 2146 1770 z
2161 1757 2174 1768 «ι
2190 1747 2278 1779 quand
2289 1746 2322 1770 ils

458 1792 516 1812 sont
526 1789 585 1812 bien
601 1790 755 1818 assembles,
771 1790 803 1813 ils
815 1798 842 1813 se
858 1793 978 1813 trouvent
989 1791 1055 1821 plus
1072 1793 1104 1815 de
1119 1791 1197 1815 mille
1210 1792 1339 1816 maistres
1351 1796 1375 1816 et
1386 1793 1514 1817 docteurs
1528 1802 1540 1813 υ
1554 1792 1709 1823 (Bourgeois
1725 1792 1760 1815 du
1776 1792 1924 1820 Chastenet‚
1937 1791 2025 1816 Nouv.
2042 1791 2106 1816 hist.
2119 1792 2159 1815 du
2171 1791 2280 1816 Concile
2290 1791 2324 1815 de

459 1834 618 1863 Constance‚
631 1834 754 1863 PreuveS,
769 1843 796 1865 p.
815 1835 878 1864 123).
898 1844 910 1856 «
926 1835 976 1858 Car
991 1835 1016 1858 la
1033 1835 1124 1867 [seule]
1148 1836 1243 1859 saculte
1259 1836 1303 1859 des
1326 1839 1380 1859 arts
1403 1840 1443 1860 est
1471 1837 1532 1860 telle
1552 1836 1615 1868 qu'il
1635 1845 1652 1867 y
1671 1844 1686 1859 a
1706 1836 1765 1859 bien
1786 1836 1857 1859 mille
1879 1836 2001 1859 maistres
2022 1845 2044 1863 υ,
2065 1835 2247 1867 pronuntiavit
2261 1838 2323 1859 tunc

457 1878 520 1901 Jean
542 1878 609 1902 Petit
625 1879 651 1908 (l.
666 1887 697 1906 c.,
716 1887 742 1910 p.
760 1879 824 1908 229).
846 1879 896 1902 Sed
916 1879 983 1902 inter
1007 1880 1096 1903 decem
1120 1880 1204 1903 millia
1226 1880 1313 1904 omnia
1336 1881 1474 1912 supposita
1494 1881 1688 1912 intelliguntur.
1713 1894 1744 1898 —-
1769 1881 1792 1904 3.
1811 1881 1949 1912 Bellaguet
1965 1888 1971 1904 ι
1988 1888 1999 1903 α
2016 1880 2168 1903 omnium».
2183 1893 2215 1898 -—-
2232 1880 2258 1903 4.
2271 1879 2322 1904 Pro

457 1922 551 1945 unione
565 1922 695 1946 habenda.
708 1936 735 1940 -·
750 1925 773 1946 5.
789 1924 807 1947 Ι,
821 1931 843 1946 e.
859 1924 977 1954 deputati
992 1925 1155 1955 professores
1172 1933 1202 1948 ex
1216 1925 1338 1948 omnibus
1354 1925 1486 1949 schedulis
1502 1925 1632 1957 separatis
1645 1933 1724 1948 unam
1738 1925 1892 1948 schedulam
1904 1933 2069 1948 communem
2080 1925 2197 1948 fecerunt
2207 1926 2245 1955 (ut
2259 1924 2323 1948 olim

457 1966 482 1989 in
505 1974 584 1989 causa
602 1967 729 1990 Johunnis
748 1967 779 1990 de
797 1967 962 1996 Montesono;
979 1968 1032 1992 vid.
1056 1977 1138 2000 supra
1152 1977 1180 2000 p.
1199 1969 1245 1993 489
1264 1972 1289 1993 et
1309 1978 1336 2000 p.
1355 1971 1409 1998 503,
1426 1973 1479 1994 not.
1496 1971 1528 2000 4),
1553 1970 1579 1993 in
1601 1978 1652 2001 qua
1674 1970 1723 1993 sub
1744 1969 1899 2001 compendio
1921 1969 2058 2000 opiniones
2081 1969 2256 2000 singulorum,
2277 1967 2323 2000 qui
2358 1986 2361 1989 v

457 2010 553 2041 partim
575 2019 624 2042 pro
647 2011 761 2034 Concilio
784 2012 910 2042 generali,
926 2013 1024 2043 partim
1039 2021 1087 2044 pro
1110 2014 1310 2045 compromisso,
1332 2014 1429 2046 partim
1454 2023 1503 2046 pro
1521 2014 1563 2038 via
1584 2014 1710 2038 cessionis
1732 2017 1815 2044 erant,
1836 2022 1896 2037 cum
1916 2013 2022 2037 motivis
2042 2021 2142 2043 eorum,
2161 2012 2321 2036 scribebant.

457 2055 547 2078 Exstat
570 2055 631 2078 haec
647 2055 771 2078 schedula
791 2056 946 2086 communis,
962 2057 1055 2080 saltem
1077 2057 1103 2080 in
1119 2061 1204 2089 parte,
1218 2058 1244 2081 in
1260 2063 1289 2081 n⁰
1305 2059 1365 2082 1680
1380 2059 1459 2083 edita.
1474 2073 1504 2076 —
1518 2060 1542 2082 6.
1557 2059 1654 2082 Auctor
1668 2059 1695 2082 in
1711 2058 1906 2082 enumeratione
1920 2058 2001 2082 trium
2019 2058 2123 2081 viarum
2140 2057 2196 2089 jam
2212 2065 2321 2090 praeoc-

457 2103 567 2130 cupatus
583 2103 622 2123 est
638 2108 686 2131 per
699 2100 838 2131 epistolam
854 2102 869 2123 6
883 2101 963 2129 Junii,
980 2102 1043 2124 dum
1058 2102 1084 2124 in
1100 2102 1133 2125 nh*
1153 2103 1213 2126 1679
1235 2106 1261 2126 et
1278 2103 1339 2126 1680
1351 2103 1436 2126 adhuc
1451 2103 1494 2126 hic
1509 2104 1574 2127 ordo
1589 2103 1761 2128 observetur:
1778 2103 1924 2127 Concilium
1941 2103 2072 2134 generale,
2090 2101 2321 2134 compromissum,

457 2143 550 2173 cessio,
566 2147 595 2167 ut
615 2152 697 2175 supra
717 2149 745 2167 n0
764 2145 832 2173 1663,
849 2145 893 2168 ubi
913 2145 939 2168 in
956 2149 1009 2170 not.
1027 2148 1041 2169 6
1061 2147 1271 2178 observavimus,
1287 2148 1335 2171 has
1349 2148 1405 2171 vias
1420 2147 1476 2179 jani
1491 2156 1533 2172 an.
1548 2148 1606 2171 1381
1622 2148 1654 2171 ab
1669 2148 1779 2171 Henrico
1802 2148 1833 2171 de
1854 2147 1949 2171 Bassia
1963 2147 2114 2178 propositas
2134 2146 2224 2170 fuisse.
2240 2146 2323 2169 Aliter

458 2191 486 2210 n0
499 2188 567 2212 1677.

464 2287 601 2324 1679.
629 2299 865 2333 Congregationes
887 2300 1084 2326 Unis’ersitatis
1099 2302 1195 2328 Paris.
1209 2306 1277 2338 post
1292 2302 1498 2329 eaetractionem
1511 2302 1725 2329 schedularum.

552 2381 588 2403 Ex
605 2381 653 2404 hoc
666 2382 828 2410 documento,
847 2383 982 2415 hucusque
999 2384 1098 2415 ignoto,
1115 2389 1234 2417 apparet,
1254 2386 1409 2410 scrutinium
1429 2386 1628 2418 suppositorum
1648 2385 1835 2410 Universitatis
1855 2385 1882 2408 in
1897 2384 1923 2408 S.
1942 2383 2072 2408 Maturino
2090 2383 2123 2406 ad
2138 2385 2321 2414 tempestatem

459 2425 573 2455 priorem
589 2426 753 2448 referendum
768 2435 824 2450 esse
841 2436 919 2458 quam
933 2428 960 2451 id
975 2429 1032 2452 fieri
1046 2429 1155 2459 solebat;
1171 2430 1334 2462 proindeque
1352 2431 1419 2454 inter
1437 2431 1594 2454 scrutinium
1609 2434 1634 2455 et
1648 2430 1788 2462 epistolam
1804 2429 1990 2454 Universitatis
2005 2428 2078 2451 ,Iunii
2092 2429 2107 2451 6
2122 2427 2227 2459 longius
2243 2427 2323 2450 inter-

460 2469 557 2491 vallum
573 2469 735 2500 interjectum
749 2479 814 2499 esse,
831 2480 909 2502 quam
924 2472 1043 2496 historici
1058 2474 1192 2506 hucusque
1208 2475 1390 2504 admittebant,
1409 2476 1479 2507 quod
1492 2476 1582 2507 utique
1598 2478 1728 2499 momento
1743 2483 1794 2498 non
1809 2477 1881 2497 caret
1895 2474 1921 2496 in
1934 2472 2130 2497 enumeratione
2144 2475 2288 2504 gestorum.

1569 2547 1645 2580 7394,
1660 2546 1792 2573 Februarii
1803 2547 1845 2575 25,
1860 2546 1903 2575 26,
1921 2545 2035 2571 Parisii&

549 2619 589 2651 In
610 2619 754 2652 nomine
776 2621 933 2663 Domini⁷
959 2635 1073 2656 amen.
1096 2625 1271 2658 Noverint
1291 2626 1454 2660 universi
1481 2637 1635 2671 presens
1663 2625 1848 2671 publicum
1869 2624 2151 2657 instrumentum
2176 2622 2321 2668 inspec-

460 2685 543 2726 turi,
575 2685 672 2730 quod
702 2698 795 2718 anno
825 2688 987 2731 ejusdem
1022 2691 1167 2723 Domini
1201 2693 1251 2725 Μο
1264 2693 1369 2726 CCC⁰
1399 2693 1637 2738 nonagesimo
1667 2692 1795 2733 tercio,
1830 2691 2030 2724 indictione
2064 2690 2086 2735 ij
2119 2688 2318 2723 secundum

461 2763 596 2784 morem
623 2752 817 2785 Parisiens.
841 2762 1068 2798 consuetum,
1091 2769 1216 2791 mense
1238 2759 1425 2792 Februarii
1446 2759 1504 2792 die
1530 2760 1627 2804 xxvja
1646 2758 1742 2792 circa
1761 2758 1887 2791 horam
1908 2757 2096 2802 septimam
2128 2755 2172 2789 de
2202 2766 2318 2793 mane,

461 2817 689 2862 pontificatus
711 2819 930 2852 sanctissimi
951 2821 987 2853 in
1008 2822 1153 2856 Christo
1175 2826 1286 2869 patris
1312 2833 1347 2859 et
1367 2826 1505 2859 domini
1533 2826 1650 2859 nostri
1677 2825 1815 2858 domini
1836 2824 2036 2858 Clementis
2057 2823 2178 2856 divina
2200 2821 2320 2867 provi-

461 2884 579 2917 dentia
601 2896 690 2929 pape
712 2885 855 2929 septimi
876 2898 969 2920 anno
991 2890 1250 2932 sextodecimo,
1274 2892 1311 2924 in
1332 2893 1446 2926 nostri
1474 2892 1696 2926 notariorum
1718 2891 1948 2937 publicorum
1969 2890 2190 2934 testiumque
2210 2887 2321 2921 infra-
