2488 3386
204 332 300 369 1394]
969 347 1015 368 DE
1051 346 1291 368 SCIIISMATE.
1999 338 2063 371 613

202 419 442 460 scismaticos,
469 419 526 452 vel
555 431 679 452 eorum
708 419 873 460 alterum,
901 432 972 464 quo
1003 420 1200 461 detinente,
1233 420 1302 452 alio
1331 422 1603 462 consenciente,
1630 428 1664 454 et
1684 421 1874 455 videantur
1904 433 1968 466 pro
1998 421 2062 454 hac

203 486 349 518 materia
371 486 503 519 motiva
524 486 560 518 in
580 486 656 531 xis
675 485 807 519 cedula.

291 553 377 584 Item
402 564 466 597 pro
493 551 561 584 hoc
588 552 671 585 facit
698 552 779 596 quia
808 552 926 585 simile
954 553 1085 585 factum
1114 553 1180 585 suit
1209 553 1245 585 in
1266 553 1432 586 Concilio
1454 554 1733 594 Caleedonensi,
1766 554 1827 587 ubi
1849 554 2061 587 conclusum

201 618 267 651 suit
288 618 385 663 quod
407 630 450 651 ex
471 625 621 663 utraque
643 625 741 664 parte
764 618 988 663 eligerentur
1009 620 1148 660 decem,
1171 626 1206 652 et
1227 619 1287 652 alii
1307 619 1505 653 abirent....

922 730 1057 750 MOTIVA
1078 731 1144 751 Pno
1167 731 1337 751 cnssxorm.

288 813 407 846 Primo
429 813 512 846 facit
533 814 724 845 seneetus⁶
751 813 964 854 Clementis,
991 814 1136 847 divinus
1166 815 1285 856 timor,
1308 827 1352 847 ne
1380 815 1519 859 punitio
1548 815 1690 847 scilicet
1719 815 1838 847 divina
1866 815 2063 848 descendat

199 892 311 925 super
332 892 427 921 eum,
450 886 585 912 attento
612 886 679 912 tam
710 880 882 913 diuturno
910 881 1092 921 scismate,
1122 881 1179 913 cui
1207 893 1279 914 non
1310 881 1473 914 adhibuit
1505 881 1703 914 remedium
1737 881 1871 923 efficax,
1901 888 1936 914 et
1965 883 2061 926 quod

199 946 309 979 multa
330 946 623 979 inconvenientia
644 946 728 978 inde
750 954 876 991 sequta
898 947 933 979 in
956 947 1109 980 eeclesia
1130 948 1195 980 Dei
1218 954 1284 980 tam
1307 948 1343 980 in
1365 948 1615 993 spiritualibus
1638 954 1706 980 tam
1728 948 1764 980 in
1786 948 2060 992 temporalibus,

199 1020 234 1046 et
253 1013 502 1046 verisimiliter
524 1020 609 1046 sunt
629 1013 747 1046 futura
769 1015 915 1058 majora,
939 1014 970 1046 si
991 1014 1143 1047 ulterius
1167 1014 1421 1059 protelaretur,
1439 1021 1473 1047 et
1493 1015 1685 1047 inducatur
1705 1014 1748 1047 ad
1769 1014 1834 1047 hec
1856 1021 1890 1047 et
1910 1015 1976 1048 alia
1998 1027 2062 1060 per

199 1091 336 1125 regem,
356 1086 390 1112 et
410 1079 521 1124 aliqui
544 1079 712 1112 similiter
733 1092 796 1124 per
817 1092 917 1113 suos.

288 1148 375 1179 Item
397 1147 480 1179 facit
500 1158 628 1191 magna
650 1146 792 1187 caritas,
815 1159 857 1179 ex
878 1159 946 1192 qua
967 1148 1183 1192 procederet
1203 1148 1379 1181 cessio....

286 1214 375 1246 Item
396 1213 487 1245 nulli
508 1212 599 1257 parti
620 1220 824 1246 remaneret
849 1214 935 1258 quid
957 1214 1149 1247 dicendum
1177 1215 1234 1247 vel
1256 1214 1501 1256 obiciendum,
1526 1215 1590 1248 sed
1615 1216 1730 1248 fomes
1751 1215 1861 1248 totius
1882 1215 2058 1260 ambigui-

199 1280 278 1313 tatis
300 1279 502 1313 tolleretur.

286 1347 373 1379 Item
397 1348 528 1388 omnis,
550 1348 587 1380 in
606 1349 709 1392 cujus
731 1354 909 1393 potestate
931 1348 1059 1380 scisma
1082 1359 1233 1392 presens
1255 1355 1310 1380 est
1330 1348 1458 1380 cedare
1481 1355 1515 1380 et
1541 1360 1612 1381 non
1640 1349 1734 1390 saeit,
1757 1349 1982 1381 scismaticus
2004 1355 2059 1381 est

196 1413 422 1455 censendus3
449 1414 515 1446 sed
540 1414 592 1447 sie
613 1421 668 1447 est
695 1414 739 1447 de
766 1421 921 1459 utroque
942 1414 1245 1447 eontendencium
1266 1414 1322 1447 vel
1343 1414 1520 1447 ambobus
1542 1415 1650 1447 simul
1676 1427 1682 1447 z
1707 1415 1830 1459 igitur,
1856 1422 1922 1447 etc.
1946 1416 2058 1448 Detur

195 1479 307 1524 igitur
324 1480 421 1524 quod
442 1480 565 1514 nullus
586 1493 709 1514 eorum
729 1480 830 1514 vellit
846 1481 1054 1513 consentire
1071 1488 1130 1513 aut
1150 1481 1186 1513 in
1207 1481 1378 1526 generale
1396 1481 1597 1514 Consilium
1620 1488 1680 1514 aut
1699 1482 1734 1513 in
1755 1482 2055 1526 compromissum

194 1545 252 1579 vel
273 1546 375 1579 aliam
398 1559 552 1592 querere
574 1547 765 1580 efficaciter
785 1548 876 1581 viam
893 1548 1042 1592 justicie
1071 1559 1077 1580 :
1108 1548 1220 1592 igitur
1240 1547 1297 1580 vel
1319 1548 1422 1580 cedat
1443 1554 1607 1592 uterque,
1625 1548 1682 1581 vel
1708 1548 1739 1580 si
1766 1548 1950 1588 retineret,
1974 1560 2057 1581 cen-

195 1612 332 1646 sendus
354 1620 409 1646 est
429 1614 668 1647 scismaticus.

283 1681 370 1713 Item
391 1680 475 1713 facit
495 1681 686 1714 electionis
704 1681 894 1726 utriusque
916 1693 980 1726 per
996 1682 1235 1714 instrumenta
1258 1681 1401 1726 publica
1423 1681 1707 1714 contradicentia
1728 1681 1882 1715 invicem
1904 1693 2056 1726 aparens

194 1746 372 1791 probatio,
387 1759 455 1791 que
474 1747 614 1780 scilicet
629 1748 867 1780 instrumenta
884 1748 1130 1780 verisimiliter
1148 1748 1407 1792 producentur,
1427 1748 1457 1780 si
1480 1759 1543 1792 per
1557 1748 1650 1781 viam
1670 1748 1883 1792 procedatur
1896 1749 2054 1793 justicie,

194 1820 229 1846 et
257 1813 409 1846 istorum
437 1813 494 1846 vel
524 1814 676 1846 aliorum
708 1814 913 1859 reprobatio
943 1814 1164 1855 difficillima,
1195 1827 1274 1846 cum
1301 1815 1337 1846 in
1367 1826 1406 1847 se
1434 1814 1555 1859 potius
1581 1815 1770 1847 induceret
1798 1814 2053 1847 obscuritatem

193 1891 297 1924 quam
319 1880 504 1913 veritatem
527 1880 686 1913 eliceret.
710 1882 783 1913 Hec
804 1881 999 1914 cessabunt
1020 1893 1084 1926 per
1104 1882 1321 1914 cessionem.

283 1947 371 1980 Item
394 1947 514 1979 minus
526 1947 662 1979 malum
680 1954 735 1980 est
751 1954 943 1992 utrumque
960 1960 1083 1980 carere
1104 1955 1246 1993 papatu,
1266 1960 1370 1992 quam
1388 1947 1486 1992 quod
1508 1947 1638 1980 scisma
1655 1955 1830 1992 perpetuo
1848 1948 1883 1980 in
1900 1948 2053 1981 ecclesia

193 2013 351 2046 duraret.

281 2080 368 2112 Item
401 2080 603 2113 retentione
638 2087 789 2125 papatus
819 2080 861 2113 al)
894 2087 1046 2125 utroque
1077 2081 1212 2126 privata
1242 2081 1403 2125 tangitur
1433 2081 1585 2121 utilitas,
1618 2080 1654 2112 in
1685 2081 1957 2113 renunciatione
1988 2093 2052 2126 pu-

191 2146 375 2179 blica....⁷.

278 2213 358 2245 Alia
379 2213 490 2246 multa
511 2214 641 2246 motiva
663 2214 854 2246 videantur
875 2214 911 2246 in
931 2214 1051 2247 cedula
1074 2215 1208 2259 xxvij‘ss

279 2281 366 2312 Item
388 2279 491 2312 multi
519 2280 697 2313 notabiles
729 2280 905 2321 dubitant,
935 2293 978 2313 an
1007 2281 1110 2312 etiam
1141 2280 1231 2313 alter
1252 2292 1376 2312 eorum
1407 2280 1451 2313 sit
1482 2292 1583 2324 papa,
1609 2292 1650 2312 eo
1673 2280 1769 2324 quod
1797 2280 1905 2312 iidem
1936 2281 2051 2313 cardi-

190 2345 290 2379 nales
312 2346 504 2391 elegerunt
524 2353 729 2392 utrumque.

279 2414 365 2445 Item
388 2413 561 2446 radicatio
583 2414 787 2446 tenencium
810 2414 1047 2454 Bonifacium,
1071 2420 1105 2446 et
1126 2413 1275 2446 aliorum
1300 2413 1503 2445 tenencium
1527 2412 1764 2454 Clementem,
1787 2425 1939 2457 quorum
1963 2415 2050 2447 utri-

190 2490 259 2524 que
280 2479 456 2512 adherent
480 2487 628 2525 propter
649 2480 863 2513 electionem
885 2480 980 2513 illam
1004 2480 1060 2513 vel
1086 2480 1204 2521 istam,
1227 2492 1331 2524 quam
1353 2480 1506 2512 credunt
1531 2479 1703 2512 canonice
1724 2479 1953 2513 celebratam.
1977 2483 2048 2514 IIec

190 2557 254 2590 per
273 2545 356 2578 huic
377 2546 434 2579 vel
455 2546 507 2579 illi
529 2541 564 2579 et
584 2554 731 2592 propter
752 2547 883 2579 similia
904 2547 1109 2579 cessionem
1130 2547 1316 2579 cedentur.

278 2613 365 2645 Item
388 2613 635 2646 inconstancia
657 2620 691 2646 et
710 2613 888 2646 vacillatio
910 2613 1145 2646 cardinalium
1167 2613 1204 2645 in
1225 2613 1466 2646 electionibus
1488 2613 1687 2646 amborum.

278 2679 364 2711 Item
387 2680 485 2724 quod
505 2680 609 2713 ambo
631 2680 794 2721 cedant⁸,
812 2681 894 2713 sacit
914 2680 1011 2725 quod
1032 2680 1062 2712 si
1083 2680 1230 2712 cederet
1250 2679 1340 2712 alter
1358 2686 1506 2721 tantum,
1525 2680 1594 2712 alio
1616 2684 1712 2720 [non]
1735 2679 1992 2712 consenciente
2015 2685 2048 2710 et

188 2744 352 2787 cedente,
380 2745 496 2778 adhuc
524 2753 810 2791 presumeretur,
837 2747 934 2791 quod
963 2746 1042 2779 talis
1070 2746 1189 2779 cessio
1218 2746 1323 2778 fieret
1349 2758 1414 2790 per
1440 2747 1610 2779 astuciam
1643 2746 1768 2778 malam
1798 2745 2045 2778 cardinalium.

277 2812 364 2844 Item
388 2812 470 2856 quia
490 2812 594 2845 ambo
615 2813 762 2845 suerunt
782 2813 968 2858 genitores
990 2812 1199 2857 hujusmodi
1221 2812 1415 2853 scismatis,
1437 2812 1466 2845 si
1486 2819 1660 2857 pensetur
1679 2812 1832 2857 qualiter
1852 2810 2048 2843 ambiciose

187 2884 455 2911 consenserunt
476 2878 717 2912 electionibus
740 2879 783 2912 de
806 2891 844 2912 se
866 2879 1058 2912 celebratis
1080 2879 1302 2920 successive,
1325 2887 1512 2923 antequam
1536 2885 1635 2911 esset
1655 2878 1860 2911 discussum
1882 2889 1946 2921 pcr
1967 2877 2045 2908 uni-
