2488 3386
183 330 278 367 1357]
598 345 644 366 ΑΒ
679 344 784 366 ,111110
819 344 951 368 MCCCL
985 345 1116 373 USQUE
1153 346 1200 367 AD
1236 346 1501 369 BENEDICTUM
1535 348 1624 370 x111.
2004 342 2046 375 43

181 417 365 448 turbabantur,
381 426 438 440 cum
455 418 553 441 bellum
568 418 695 441 adversus
711 418 809 449 Auglos
823 422 972 451 pararetur,
987 406 1075 442 clades
1092 419 1162 450 apud
1178 419 1324 442 Pictavium
1342 420 1484 448 subiretur,
1501 425 1690 453 cnpcreturque
1707 423 1740 445 ab
1756 423 1846 454 Anglis
1858 432 1902 446 rex
1913 425 2045 448 Johannes

179 469 221 484 311.
238 461 307 490 1356,
325 462 395 492 Sept.
413 462 451 485 19.
467 462 513 491 (Βο
528 470 618 493 pugna
633 464 666 486 cf.
683 462 787 485 Simeon
808 463 883 491 Luce,
905 463 978 488 Hist.
994 464 1026 487 de
1046 464 1190 488 Bertrand
1206 464 1251 488 Du
1269 463 1407 492 Guesclin,
1424 473 1451 495 p.
1468 465 1512 488 143
1532 466 1609 496 sqq.).
1629 466 1655 488 In
1678 469 1731 489 toto
1751 475 1831 497 regno
1852 468 1991 492 subsecuta
2006 472 2046 492 cst

180 505 327 528 animorum
342 506 527 535 consternatio,
543 506 674 538 imprimis
690 506 808 535 Parisiis,
825 507 894 530 unde
909 508 1032 530 Petrarca
1047 507 1181 530 scribebat
1198 515 1203 530 ε
1220 515 1230 530 1(
1248 508 1298 531 Ubi
1314 506 1533 531 scholasticorum
1549 510 1672 540 agmina?
1686 510 1731 532 ubi
1747 511 1827 533 studii
1841 513 1927 534 servor
1935 514 1972 535 Ρ...
1989 514 2044 536 Non

179 549 371 580 disputantium
387 550 424 573 ibi
443 558 511 573 nunc
529 551 645 581 auditur,
662 551 707 574 sed
720 551 875 574 bellantium
893 553 995 583 fragon
1012 560 1063 575 non
1078 552 1217 581 librorum,
1239 552 1284 575 scd
1304 560 1438 575 armorum
1454 553 1552 576 cumuli
1570 557 1725 582 cernuntur;
1742 563 1792 577 non
1815 556 1972 586 syllogismi,
1993 565 2043 580 non

181 601 321 622 sermones,
340 594 384 617 sed
398 594 522 618 excubiae
537 598 615 626 atquc
634 595 728 618 arietes
745 595 828 618 muris
843 595 951 627 impacti
969 599 1123 620 resonant...
1140 596 1204 624 Quis
1219 596 1268 619 hoc
1284 604 1408 627 unquam,
1424 605 1529 628 quaeso,
1547 597 1692 621 divinasset
1707 599 1776 629 quod
1792 600 1951 622 Francorum
1970 609 2043 624 rex...

180 637 370 661 invictissimus
385 638 530 667 hominum,
547 639 695 662 vinceretur
709 643 734 663 et
750 639 775 662 in
788 648 919 663 carcerem
933 641 1091 664 duceretur?
1106 649 1117 663 »
1136 640 1243 670 (Senil.,
1262 641 1292 672 X,
1309 648 1350 670 ep.
1366 641 1399 670 2.)
1416 641 1474 664 Vid.
1488 644 1575 665 tamen
1592 644 1710 666 Auctar.
1729 643 1855 667 Chartul.
1873 644 1893 672 I,
1907 644 1939 666 ad
1955 644 2015 667 Maii
2030 646 2044 667 4

181 690 253 713 sqq.;
269 682 332 705 Julii
349 683 371 710 8,
388 686 436 707 etc.

185 812 347 849 12313.
371 822 551 848 Innocentius
582 824 619 848 VJ
639 823 775 858 (Johanni
794 823 829 850 de
849 824 967 859 Aciaco)
984 824 1159 850 cancellario
1180 825 1350 859 Parisiensi,
1374 830 1404 851 ut
1423 825 1589 852 Boram-dus
1604 826 1808 860 Ermengaudi,
1834 826 1898 852 Ord.
1921 829 2045 861 fratrum

267 870 391 904 Predic.‚
408 870 444 896 de
460 871 608 906 provincia
630 873 804 906 Aragoniae,
828 873 878 908 qui
899 873 1053 899 secundum
1075 882 1178 899 morem
1198 873 1269 900 dicti
1287 874 1402 900 Ordinis
1423 875 1451 900 in
1468 874 1626 900 Parisiens.
1648 874 1743 900 studio
1761 883 1865 901 sacrae
1885 875 2045 910 theologiae

269 919 404 953 vacando,
423 928 523 945 cursus
538 929 605 946 suos
623 921 799 956 opponendo,
814 922 1012 958 respondendo
1029 926 1056 948 et
1070 922 1268 954 praedicando
1282 924 1413 958 perfecit,
1434 924 1597 949 Sententias
1613 923 1718 949 ibidem
1734 923 1802 958 legit
1815 928 1842 949 et
1858 923 2045 950 baccalareus

262 968 351 1003 juxta
374 977 477 994 morem
498 968 569 994 dicti
591 969 682 995 studii
703 972 846 1004 formatus
869 971 976 1005 existit,
996 971 1035 996 ad
1057 971 1255 1006 magisterium
1276 972 1304 997 in
1325 972 1469 1006 theologia
1487 972 1711 1008 promoveatur¹‚
1726 972 1861 1008 precibus
1876 973 1955 998 Petri
1971 974 2045 1008 regis

267 1017 433 1051 Aragoniae
449 1017 612 1043 inclinatus.
629 1019 694 1044 Dat.
711 1019 853 1046 Avinione
863 1020 920 1054 viiij
937 1020 993 1046 kal.
1009 1020 1084 1050 Maii,
1098 1028 1177 1046 anno
1192 1021 1306 1054 quinto.
1323 1032 1337 1045 «
1353 1021 1412 1047 Viri
1425 1029 1502 1047 sacre
1517 1031 1542 1047 ›>.

1374 1106 1447 1134 7357,
1461 1105 1555 1138 Aprilis
1568 1106 1610 1135 23.
1627 1105 1758 1131 avenione.

256 1136 320 1167 Reg.
336 1136 393 1159 vat.
411 1136 512 1160 Comm.
530 1137 673 1160 Innocentii
688 1138 730 1166 Vl,
747 1142 775 1161 n0
792 1139 846 1167 232,
864 1139 907 1162 sol.
924 1140 977 1167 358,
994 1148 1035 1170 ep.
1049 1141 1088 1163 55.

260 1221 281 1244 1.
297 1221 350 1244 Hoc
371 1222 515 1244 secundum
537 1223 627 1247 catal.
647 1223 852 1253 mayistrorum
870 1223 896 1246 in
916 1224 973 1246 cod.
994 1223 1105 1254 Lingon.
1127 1223 1197 1254 apud
1218 1223 1431 1252 Que'tis-Echard,
1457 1223 1560 1254 Script.
1579 1224 1643 1247 Ord.
1664 1224 1777 1250 Praed.,
1795 1225 1813 1251 Ι,
1838 1225 1892 1252 688,
1916 1233 1958 1248 an.
1975 1225 2044 1251 1358.

180 1273 268 1288 mense
285 1265 417 1294 Decemb„
432 1266 526 1295 evenit,
544 1267 614 1298 quod
627 1275 657 1290 ex
669 1267 824 1290 documento
840 1270 929 1290 nostro
945 1268 988 1290 vix
1002 1267 1161 1290 credendum
1177 1271 1225 1296 est,
1242 1276 1301 1290 cum
1316 1276 1399 1299 paene
1414 1268 1479 1291 duos
1496 1276 1578 1291 annos
1594 1271 1746 1299 exspectare
1760 1268 1904 1292 debuisset.
1921 1270 1948 1292 In
1964 1270 2044 1294 catal.

179 1309 220 1332 ed.
236 1308 262 1331 in
275 1310 382 1334 Archiv
396 1312 417 1340 f.
431 1310 599 1335 Litteratur-
614 1318 643 1335 u.
659 1311 884 1342 Kirchenyesch.,
902 1312 933 1341 ll,
950 1312 1004 1340 225,
1021 1316 1049 1334 n⁰
1067 1312 1119 1340 145,
1137 1319 1221 1335 annus
1237 1320 1288 1335 non
1304 1312 1471 1343 exprimitur.

183 1487 323 1525 1232.
350 1498 511 1533 Capitulum
526 1500 692 1525 Parisiensc
718 1500 908 1526 Talei-andum
923 1500 1082 1526 scholarem
1098 1501 1192 1526 Paris.
1216 1509 1230 1526 e
1250 1500 1413 1526 carceribus
1429 1500 1551 1536 capituli
1570 1500 1611 1526 ad
1630 1500 1869 1536 supplicationem
1886 1502 2003 1527 rectoris
2019 1506 2045 1527 et

272 1546 469 1573 Universitatis
484 1548 576 1574 Paris.
594 1548 721 1574 dimittit.

1396 1586 1445 1611 135
1449 1586 1471 1614 7,
1485 1585 1576 1617 Aprilis
1588 1586 1631 1614 28,
1647 1586 1761 1612 Parisiis.

268 1666 383 1698 Hodie
409 1673 578 1711 presente
604 1668 777 1712 magistro
808 1668 1031 1711 [Guillelmo]
1064 1669 1185 1714 priore
1215 1670 1322 1701 Beate
1353 1668 1465 1701 Marie
1491 1668 1535 1701 de
1561 1669 1707 1714 Campis
1733 1669 1827 1714 apud
1855 1671 2043 1711 Essonam,

178 1732 351 1777 magistro
385 1733 421 1765 in
452 1733 647 1779 theologia,
680 1734 792 1767 Adam
824 1735 867 1767 de
890 1735 1137 1776 -Francovilla,
1170 1747 1263 1780 mag.
1289 1735 1325 1767 in
1354 1734 1545 1776 medicina,
1576 1735 1710 1768 Jacobo
1750 1736 1794 1768 de
1833 1736 2043 1777 Pavillione,

178 1799 305 1843 majori
327 1798 472 1832 bedello
493 1800 646 1833 rectoris
664 1801 932 1841 Universitatis,
954 1801 1117 1835 Johanne
1139 1802 1183 1834 de
1206 1802 1371 1842 Assiaco,
1394 1801 1539 1834 bedello
1563 1801 1804 1847 teologorum,
1824 1809 1858 1835 et
1879 1803 2045 1847 pluribus

178 1864 259 1897 aliis
299 1865 497 1910 magistris,
533 1866 736 1900 scolaribus
772 1874 806 1900 et
835 1867 1005 1906 bedellis,
1035 1868 1224 1909 J0[hanne]
1255 1868 1382 1908 d’Orli,
1417 1868 1574 1901 dominis
1612 1868 1809 1902 Guillelmo
1849 1869 2044 1910 Coustour,

177 1930 339 1964 Johanne
370 1931 413 1964 de
444 1933 557 1973 Paris,
585 1934 726 1967 Herveo
755 1934 911 1979 Flogier,
944 1934 1142 1979 capellanis
1168 1934 1323 1967 ecclesie
1353 1934 1481 1974 Paris,
1508 1941 1628 1967 rector
1654 1935 1909 1968 Universitatis
1931 1936 2043 1968 Paris.

178 2009 243 2042 per
270 2009 311 2030 03
341 1998 428 2031 (11011
455 1999 619 2044 magistri
648 2000 859 2042 [Guillelmi]
887 2001 923 2033 in
951 2001 1133 2046 theologia
1161 2001 1377 2046 supplicavit
1403 2001 1560 2034 dominis
1588 2001 1784 2042 [canonicis
1812 2002 1937 2042 Paris]
1960 2014 2045 2046 qua-

178 2069 284 2097 tenus
310 2076 431 2097 amore
464 2066 588 2098 matris
619 2078 683 2099 sue
714 2067 982 2109 Universitatis,
1012 2074 1045 2100 et
1071 2080 1143 2100 non
1168 2068 1212 2100 de
1241 2068 1375 2112 rigore,
1407 2067 1646 2100 Talerandum
1678 2068 1910 2109 Coconnerii,
1939 2080 2043 2112 quem

178 2129 291 2162 filium
314 2131 408 2163 dicte
429 2132 552 2165 matris
574 2144 656 2166 esse
678 2133 875 2175 asserebat,
895 2135 955 2179 qui
973 2141 1049 2167 0131
1070 2147 1193 2167 00111111
1211 2134 1419 2167 carceribus
1436 2135 1674 2179 mancipatus,
1693 2134 1792 2167 abire
1810 2135 2044 2167 dimitterent.

178 2196 255 2238 Qua
276 2197 547 2242 supplicacione
567 2199 669 2240 facta,
693 2200 800 2233 dictis
823 2207 962 2233 rectore
984 2213 1063 2233 cum
1086 2201 1163 2234 suis
1185 2201 1373 2234 secacibus
1402 2201 1573 2246 predictis
1595 2201 1791 2246 capitulum
1813 2201 2042 2241 exeuntibus,

178 2262 442 2296 deliberatione
470 2264 588 2298 habita
622 2277 733 2311 super
760 2267 1032 2312 supplicacione
1058 2267 1219 2312 predicta
1246 2267 1341 2300 inter
1370 2268 1551 2309 dominos,
1581 2267 1761 2312 dictisque
1793 2274 1933 2300 rectore
1964 2280 2043 2300 cum

178 2329 396 2373 sequacibus
425 2331 599 2375 predictis
629 2332 672 2365 ad
698 2333 894 2378 capitulum
924 2334 1212 2375 revenientibus,
1240 2334 1376 2366 domini
1407 2346 1471 2379 per
1504 2346 1544 2367 os
1583 2334 1741 2367 cantoris
1776 2334 2046 2378 responderunt

177 2395 287 2439 quod,
311 2396 341 2428 si
365 2396 483 2430 dictus
504 2397 727 2432 Talerandus
748 2411 829 2432 cum
849 2400 1049 2433 humilitate
1075 2407 1109 2433 et
1134 2401 1342 2433 reverencia
1364 2400 1579 2433 decentibus
1599 2401 1752 2441 veniret,
1776 2407 1809 2433 et
1835 2400 2042 2433 caucionem

177 2461 222 2494 de
244 2462 373 2495 stando
389 2463 463 2507 juri
492 2464 545 2497 eis
569 2464 654 2498 dare
680 2465 802 2507 vellet,
832 2478 953 2499 amore
980 2467 1236 2500 Universitatis
1264 2467 1363 2499 illum
1394 2467 1492 2500 abire
1519 2467 1753 2500 dimitterent.
1777 2467 1856 2509 Quo
1877 2466 2044 2500 veniente

179 2534 213 2560 et
240 2528 382 2561 dicente
409 2530 507 2574 quod
532 2530 563 2563 si
591 2543 654 2564 eos
681 2532 717 2564 in
743 2533 864 2578 aliquo
893 2534 1106 2575 offenderat,
1132 2534 1200 2566 hoc
1228 2534 1296 2567 sibi
1325 2534 1475 2566 multum
1505 2533 1733 2579 displicebat,
1757 2540 1791 2566 et
1816 2533 1957 2566 tandem
1981 2545 2044 2577 per

179 2594 257 2638 ejus
279 2594 386 2627 fidem
408 2595 444 2628 in
465 2608 571 2630 manu
593 2609 670 2631 mea
692 2599 728 2640 [i.
751 2611 778 2633 e.
802 2600 943 2641 notarii]
966 2601 1164 2645 prestitam,
1184 2600 1282 2633 salvo
1305 2600 1442 2633 honore
1464 2601 1587 2633 matris
1605 2612 1669 2632 sue
1686 2600 1859 2645 predicte,
1880 2599 2045 2644 promisit

179 2666 273 2693 stare
289 2661 364 2705 juri
385 2673 504 2695 coram
527 2664 580 2696 eis
602 2675 713 2709 super
739 2666 909 2700 omnibus
930 2667 1227 2711 quibuscunque,
1249 2679 1360 2712 super
1385 2666 1518 2711 quibus
1543 2667 1637 2711 apud
1664 2678 1727 2699 eos
1754 2666 1870 2698 suerat
1891 2665 2041 2698 delatus.

180 2727 223 2759 Et
242 2726 310 2760 hoc
331 2728 421 2761 sacto
443 2729 529 2762 dicti
551 2730 687 2763 domini
709 2744 789 2765 eum
811 2745 828 2765 a
851 2733 957 2766 dictis
980 2733 1188 2767 carceribus
1213 2734 1446 2774 dimiserunt3
1470 2733 1577 2766 dictis
1602 2745 1688 2766 vero
1716 2735 1879 2773 re[ctore]
1912 2738 1947 2764 et
1967 2731 2043 2763 suis

180 2794 398 2837 sequacibus
419 2797 621 2840 graciarum
643 2798 804 2832 actiones
826 2800 1081 2833 referentibus.

258 2890 337 2914 Arch.
356 2894 409 2915 nat.
426 2892 510 2917 Paris.
529 2893 578 2917 LL.
597 2894 659 2918 106³
675 2896 748 2926 (Act.
764 2897 869 2926 capim,
880 2905 906 2927 p.
923 2898 961 2926 39,
979 2897 1011 2920 ad
1025 2897 1092 2921 diem
1106 2906 1117 2920 «
1134 2898 1236 2921 veneris
1247 2901 1308 2929 post
1318 2897 1490 2922 Misericord.
1506 2898 1578 2921 dom.
1591 2905 1632 2919 an.
1651 2895 1779 2927 [MCCCL]
1791 2895 1866 2925 vijuw,
1878 2893 2044 2924 presentibus
