2488 3386
232 299 327 336 1385]
648 313 694 334 AB
729 313 833 334 ANNO
868 312 999 334 MCCCL
1030 313 1163 341 USQUE
1198 313 1245 335 An
1282 314 1547 336 BENEDic'rUM
1582 316 1673 338 xm.
2030 307 2094 339 393

231 386 426 431 pendente,
448 393 483 419 et
503 386 762 419 inhibicionem
786 386 966 431 predictas
995 386 1103 418 multa
1133 387 1279 419 fuerunt
1306 387 1416 419 eciam
1449 399 1512 432 per
1539 389 1686 421 eosdem
1709 396 1849 422 actores
1876 397 2092 435 attemptata,

230 459 268 485 ut
293 464 401 496 supra
428 453 561 485 dictum
590 453 668 493 fuit,
692 459 726 485 et
756 453 866 485 eciam
900 459 979 497 post
1012 459 1217 497 presentem
1239 465 1380 486 causam
1409 454 1609 487 inchoatam
1636 462 1671 487 et
1700 456 1915 499 pendentem
1939 457 1974 488 in
1997 458 2093 489 curia

231 520 400 558 Romana,
424 531 566 552 necnon
588 519 699 552 eciam
723 525 804 564 post
829 519 943 551 datam
967 519 1238 552 commissionis
1264 519 1474 563 hujusmodi
1495 520 1599 553 vobis
1620 521 1710 553 facte
1732 522 1841 554 multa
1862 523 1928 555 alia
1949 524 2095 556 fuerunt

230 597 294 630 per
315 586 463 618 eosdem
486 592 626 618 actores
647 592 853 630 attemptata
875 592 909 618 et
929 585 1096 618 innovata
1118 586 1153 617 in
1175 585 1415 630 prejudicium
1438 586 1523 619 dicti
1545 587 1596 619 rei
1618 594 1653 619 et
1674 588 1729 619 sui
1751 588 1857 620 officii
1881 589 2094 622 cancellarie

230 659 265 684 et
285 652 390 684 etiam
411 651 519 696 hujus
547 652 635 692 litis,
662 652 882 696 quequidem
904 658 1108 696 attemptata
1129 652 1234 684 etiam
1256 652 1408 685 inferius
1430 653 1654 686 inseruntur.
1677 654 1786 686 Modo
1808 661 1943 687 certum
1971 663 2023 688 est
2051 656 2094 688 de

225 719 322 763 jure,
350 718 446 763 quod
475 718 686 762 hujusmodi
713 725 931 763 attemptata,
959 725 1148 763 antequam
1170 730 1281 763 super
1301 719 1491 763 principali
1517 720 1746 764 procedatur,
1769 727 1803 753 et
1828 721 1879 753 sic
1905 728 2092 766 antequam

230 791 342 817 testes
364 796 474 829 super
495 784 685 830 principali
707 785 928 829 recipiantur
948 784 1005 817 vel
1033 785 1294 823 examinentur,
1325 784 1460 818 debent
1489 786 1634 830 penitus
1662 787 1823 819 revocari
1849 794 1883 819 et
1913 788 1949 819 in
1976 789 2096 832 pristi-

230 863 315 884 num
337 857 465 884 statum
490 851 674 896 reponi....

324 918 465 958 Tercio,
489 918 571 962 quia
593 930 636 951 ex
654 918 767 951 forma
789 925 823 951 et
846 925 970 951 tenore
992 918 1263 951 commissionis
1285 918 1446 963 predicte
1467 918 1572 951 vobis
1593 919 1684 952 facte
1706 931 1770 952 seu
1793 920 1980 965 rescripti²
2004 921 2098 953 clare

232 991 339 1029 patet,
370 985 467 1029 quod
500 997 543 1017 ex
573 991 672 1030 parte
702 985 947 1030 predictorum
979 991 1141 1018 actorum
1172 985 1288 1018 eidem
1320 985 1536 1018 cancellario
1566 998 1739 1019 excessus
1767 993 1801 1019 et
1826 987 1955 1020 delicta
1984 988 2098 1032 impo-

231 1057 377 1083 nuntur.
403 1052 445 1083 Et
466 1051 517 1083 sic
539 1058 707 1096 opportet
728 1051 825 1096 quod
847 1063 911 1096 per
931 1063 1035 1083 unam
1063 1051 1153 1084 viam
1177 1051 1336 1084 accionis
1359 1051 1416 1084 vel
1437 1052 1735 1085 denunciacionis
1757 1065 1821 1085 seu
1843 1053 2099 1097 inquisicionis

233 1117 290 1150 vel
311 1118 542 1162 excepcionis
564 1124 804 1163 opponantur.
834 1119 877 1150 Et
903 1118 1037 1151 clarum
1066 1125 1132 1159 est,
1160 1118 1257 1162 quod
1284 1130 1357 1150 non
1379 1130 1442 1163 per
1464 1118 1552 1151 duas
1573 1119 1649 1152 vias
1670 1126 1729 1152 aut
1749 1119 1903 1164 aliquam
1925 1121 2097 1165 ipsarum,

233 1195 298 1216 nec
320 1184 431 1217 eciam
455 1196 518 1229 per
540 1191 712 1229 quartam.
737 1186 780 1217 Et
808 1185 859 1217 sic
886 1191 1054 1230 opportet
1080 1185 1201 1217 dicere
1227 1185 1324 1229 quod
1352 1197 1416 1229 per
1435 1185 1527 1218 viam
1549 1185 1805 1230 inquisicionis
1826 1187 2043 1231 procedatur
2063 1187 2099 1219 in

232 1250 296 1283 hac
318 1262 481 1283 causa...
505 1251 652 1284 Certum
674 1258 730 1284 est
750 1252 847 1296 quod
868 1252 969 1296 prius
991 1258 1159 1296 opportet
1179 1251 1365 1296 inquirere
1387 1252 1431 1284 de
1453 1258 1487 1284 et
1508 1263 1618 1296 super
1639 1253 1795 1293 infamia,
1819 1260 1852 1286 et
1874 1254 1984 1286 eciam
2007 1254 2100 1286 bona

231 1317 323 1350 fama
344 1317 456 1354 illius,
479 1330 523 1350 an
545 1317 685 1351 scilicet
705 1318 752 1351 sit
773 1330 884 1363 super
904 1319 957 1351 eis
979 1318 1182 1351 diffamatus
1202 1318 1260 1351 vel
1282 1330 1393 1363 super
1412 1318 1483 1351 hiis
1504 1319 1612 1352 fuerit
1633 1319 1727 1352 bone
1748 1320 1839 1352 fame
1861 1327 1920 1353 aut
1940 1320 2044 1361 male,
2069 1327 2103 1353 et

233 1383 333 1428 prius
355 1384 465 1416 eciam
488 1396 567 1416 cum
591 1384 711 1417 debita
732 1397 839 1417 cause
861 1385 1078 1430 cognicione
1100 1391 1268 1430 opportet
1288 1392 1454 1418 constare
1476 1386 1520 1418 de
1542 1386 1635 1418 dicta
1656 1386 1799 1418 infamia
1821 1387 2100 1431 inquisicionem

234 1450 463 1495 precedente.
489 1452 531 1483 Et
629 1451 723 1483 idem
746 1463 831 1484 reus
925 1459 1031 1497 negat
1058 1463 1096 1484 se
1119 1463 1200 1484 esse
1222 1452 1278 1484 vel
1302 1452 1416 1485 fuisse
1437 1464 1548 1497 super
1570 1452 1778 1497 hujusmodi
1801 1453 2013 1486 excessibus
2033 1454 2103 1486 sibi

235 1529 299 1561 per
319 1517 436 1550 dictos
457 1524 598 1550 actores
620 1518 802 1562 impositis
825 1519 1058 1559 diffamatum,
1078 1525 1112 1551 et
1133 1519 1163 1565 si
1186 1531 1253 1563 qua
1276 1519 1418 1552 infamia
1439 1525 1562 1552 contra
1584 1531 1664 1551 eum
1688 1531 1797 1564 super
1817 1519 1887 1552 hiis
1909 1520 2103 1561 laboraret,

234 1583 331 1628 quod
358 1583 463 1624 absit,
493 1584 552 1617 illa
581 1597 599 1617 a
627 1585 800 1629 predictis
822 1585 1006 1618 actoribus
1035 1597 1099 1618 seu
1131 1585 1174 1618 ab
1203 1585 1385 1630 aliquibus
1412 1586 1574 1630 ipsorum
1601 1593 1634 1618 et
1662 1585 1706 1618 ab
1731 1586 1811 1619 aliis
1833 1587 2012 1619 malivolis
2034 1587 2101 1619 sibi

234 1651 468 1695 provenirent
489 1651 546 1683 vel
566 1652 745 1696 provenit.
771 1653 821 1684 Ex
843 1652 976 1696 quibus
998 1659 1143 1697 apparet
1167 1659 1336 1697 oportere
1360 1653 1458 1697 quod
1484 1653 1613 1697 primo,
1636 1659 1825 1697 antequam
1847 1653 1889 1686 ad
1916 1654 2104 1698 requiren-

234 1717 318 1749 dum
341 1717 385 1749 de
407 1718 512 1750 dictis
534 1718 747 1751 excessibus
769 1719 998 1764 procedatur,
1021 1719 1225 1764 inquiratur
1246 1726 1280 1752 et
1307 1726 1448 1752 constet
1478 1719 1522 1752 de
1554 1720 1713 1764 predicta
1735 1720 1879 1752 infamia
1899 1720 2103 1753 cancellarii

237 1795 347 1828 super
368 1784 432 1825 eis,
453 1785 550 1829 quod
572 1785 683 1818 eciam
706 1786 807 1830 prius
829 1786 1033 1831 inquiratur
1055 1786 1098 1819 de
1122 1786 1214 1819 bona
1233 1787 1323 1819 sama
1344 1786 1473 1831 ipsius,
1493 1798 1562 1831 que
1584 1786 1654 1819 sibi
1675 1786 1753 1819 fieri
1776 1787 1864 1831 petit
1884 1794 1918 1819 et
1939 1788 2102 1832 requirit.

235 1850 341 1893 Quod
363 1851 393 1883 si
415 1851 459 1883 de
482 1851 576 1884 bona
597 1852 713 1897 ipsius
734 1853 825 1885 fama
848 1865 958 1898 super
978 1853 1049 1885 hiis
1070 1853 1287 1894 constiterit,
1310 1859 1394 1886 tunc
1415 1865 1488 1886 non
1510 1853 1579 1886 erit
1599 1865 1663 1898 per
1683 1865 1748 1886 vos
1770 1865 1880 1898 super
1901 1854 2007 1887 dictis
2029 1866 2104 1899 pre-

235 1917 350 1949 tensis
372 1918 585 1951 excessibus
606 1919 863 1963 inquirendum
888 1931 954 1952 nec
976 1920 1180 1964 aliqualiter
1201 1920 1529 1965 procedendum....

326 1985 466 2028 Quarto
487 1985 611 2026 eciam,
631 1986 712 2030 quia
734 1992 923 2031 antequam
947 1987 1095 2031 procedi
1118 1987 1235 2031 possit
1255 1987 1298 2019 ad
1320 1987 1449 2019 dictam
1476 1987 1773 2019 informacionem
1802 1999 1865 2020 seu
1893 1988 2106 2033 inquisicio-

236 2062 315 2083 nem
339 2052 500 2084 veritatis
523 2059 775 2096 pretensorum
799 2065 1029 2094 excessuum,
1057 2054 1147 2086 ordo
1171 2053 1266 2098 juris
1286 2054 1439 2098 requirit
1460 2053 1557 2098 quod
1578 2054 1679 2098 prius
1701 2054 1887 2098 inquisito,
1910 2055 1946 2086 id
1972 2061 2026 2087 est
2053 2054 2103 2087 illi

236 2124 359 2150 contra
381 2130 487 2163 quem
510 2119 767 2163 inquirendum
791 2127 857 2161 est,
881 2121 1066 2153 tradantur
1087 2120 1240 2165 capitula
1262 2132 1327 2153 seu
1349 2120 1490 2153 articuli
1512 2132 1623 2165 super
1644 2120 1776 2165 quibus
1798 2128 1853 2153 est
1872 2128 1994 2153 contra
2023 2133 2103 2153 eum

235 2184 552 2229 inquirendum....
585 2186 690 2228 Quod
722 2193 840 2219 tamen
870 2187 906 2219 in
938 2199 1042 2220 causa
1071 2187 1233 2232 presenti
1261 2187 1390 2220 factum
1423 2199 1496 2219 non
1526 2187 1653 2228 extitit,
1684 2188 1749 2220 sed
1777 2188 1894 2221 statim
1925 2188 1968 2220 ab
1996 2188 2104 2220 inicio

236 2257 376 2283 actores
398 2252 552 2296 predicti
575 2264 616 2284 ex
637 2259 783 2297 arrupto
807 2254 934 2298 pocius
957 2265 1020 2298 per
1036 2253 1342 2298 importunitatem
1417 2253 1655 2286 obtinuerunt
1674 2254 1885 2287 citacionem
1908 2255 2102 2299 predictam

236 2324 360 2350 contra
381 2318 635 2351 cancellarium
657 2320 877 2352 antedictum
899 2320 942 2352 ad
963 2320 1172 2359 videndum,
1196 2320 1308 2365 recipi
1335 2326 1447 2353 testes
1473 2326 1508 2352 et
1532 2321 1655 2364 jurare
1682 2332 1792 2365 super
1812 2321 1960 2354 veritate
1982 2333 2105 2354 exces-

237 2395 340 2416 suum
364 2391 631 2429 pretensorum,
655 2386 766 2419 eciam
788 2393 977 2431 antequam
1000 2387 1095 2420 idem
1119 2387 1357 2420 cancellarius
1378 2387 1414 2419 in
1435 2386 1500 2419 hac
1521 2399 1627 2419 causa
1650 2387 1720 2419 sibi
1741 2388 1933 2420 consilium
1956 2400 2019 2432 per
2040 2400 2104 2420 vos

237 2450 470 2483 distributum
495 2452 719 2496 judicialiter
739 2453 872 2486 habere
895 2454 1086 2498 potuisset.
1115 2455 1166 2486 Ex
1187 2453 1319 2498 quibus
1339 2453 1473 2486 clarum
1496 2460 1551 2486 est
1574 2454 1703 2486 dictam
1725 2455 1936 2487 citacionem
1967 2466 2104 2499 prema-

237 2523 316 2549 ture
338 2524 372 2550 et
393 2524 528 2551 temere
551 2519 694 2563 petitam
725 2526 760 2552 et
786 2520 967 2553 obtentam
996 2532 1034 2552 ac
1061 2520 1171 2553 eciam
1194 2526 1377 2553 executam
1398 2520 1512 2552 fuisse
1539 2527 1574 2553 et
1603 2532 1684 2553 esse
1706 2528 1829 2553 contra
1850 2521 2101 2554 cancellarium

237 2583 472 2626 antedictum,
502 2592 536 2618 et
566 2586 682 2619 dictos
712 2594 853 2619 actores
884 2594 1019 2620 temere
1050 2587 1276 2632 processisse
1309 2587 1345 2618 in
1375 2586 1442 2619 hoc
1470 2599 1569 2628 casu,
1602 2594 1636 2620 et
1668 2600 1731 2632 per
1761 2600 1990 2632 consequens
2023 2594 2102 2619 ante

238 2650 356 2682 omnia
378 2651 415 2683 in
437 2653 607 2696 expensis
629 2653 714 2686 dicti
736 2653 941 2686 cancellarii
964 2654 1318 2699 condempnaturi....

326 2718 523 2757 Premissis
543 2719 750 2753 racionibus
772 2727 806 2753 ct
827 2721 907 2753 aliis
930 2721 1039 2766 longe
1061 2720 1275 2753 melioribus
1296 2733 1313 2753 a
1330 2727 1449 2753 vestra
1472 2720 1684 2764 paternitate
1711 2721 1937 2765 supplendis,
1962 2720 2047 2764 petit
2069 2726 2103 2751 et

238 2782 418 2827 supplicat
443 2797 507 2829 per
532 2797 597 2818 vos
618 2793 653 2818 et
681 2798 744 2831 pro
767 2798 805 2819 se
832 2794 955 2819 contra
986 2787 1114 2820 dictam
1148 2794 1281 2831 partem
1313 2787 1498 2819 adversam
1529 2798 1627 2819 suam
1659 2798 1768 2831 super
1790 2787 1976 2831 premissis
2003 2793 2034 2817 et
2062 2798 2101 2817 ea

239 2850 471 2894 tangentibus
493 2852 534 2884 ad
560 2852 650 2885 sines
674 2853 965 2886 antedictos....³.

361 2911 410 2927 *Η
428 2909 520 2932 Chart.
546 2910 621 2933 lsniv.
641 2910 734 2934 Paris.
755 2911 800 2934 ΙΙΙ,
1952 2912 1980 2932 50
