2488 3386
595 978 660 1004 1366

554 1079 699 1105 1365-1366

595 1225 658 1251 1366

552 1894 693 1920 1364-1366

591 1996 656 2022 1³66

797 468 861 492 Julii
877 470 890 492 3

774 570 884 602 Augusti
900 572 912 593 2

742 672 896 695 Novembris
906 672 934 695 12

812 831 842 836 --·
908 819 934 841 1⁴2

746 876 894 899 Decembris
912 876 938 898 11

759 977 877 1000 Januarii
894 978 922 1000 12

736 1079 884 1102 Decembris
907 1079 946 1102 15-

776 1111 861 1134 Martii
877 1111 906 1133 24

775 1226 873 1257 Aprilis
890 1228 904 1249 9

794 1327 854 1350 Maii
871 1328 884 1350 2

787 1429 859 1453 Junii
877 1432 890 1452 5

810 1533 884 1555 -6

809 1590 885 1612 -12

767 1691 853 1714 Martii
869 1692 907 1714 24-

777 1722 848 1746 Junii
866 1723 895 1745 23

766 1793 877 1824 Augusti
893 1794 905 1816 7

808 1909 837 1912 —
878 1896 907 1918 20

806 1997 907 2019 —20

738 2098 899 2130 Septembris
919 2100 931 2122 7

770 2245 842 2267 Junii
860 2246 899 2268 23-

733 2276 893 2307 Septembris
913 2276 942 2299 16

755 2347 874 2370 Octobris
891 2347 918 2370 11

800 2462 826 2466 —
892 2449 918 2471 11

735 2554 894 2584 Septembris
904 2555 942 2577 16-

743 2586 890 2608 Decembris
907 2586 936 2608 16

741 2617 888 2639 Decembris
905 2618 934 2639 23

744 2755 747 2759 Ι
775 2722 860 2744 Martii
876 2722 904 2745 18

775 2873 902 2894 ’-24

1037 351 1358 374 CHARTULAmUM
1393 351 1585 374 UNIVERS.
1622 352 1753 373 PARIS.

980 470 1163 493 Praesentibus
1178 473 1278 493 rectore
1293 470 1435 501 multisque
1448 470 1584 501 magistris
1600 470 1732 502 quoddam
1747 469 1866 498 bladum,
1880 468 2036 493 seminatum
2052 468 2078 491 in
2093 469 2172 492 Prato
2187 467 2241 491 Cle-

1008 514 1123 537 ricorum
1139 522 1153 537 a
1169 515 1282 546 quodam
1296 514 1371 543 laico,
1386 514 1545 545 exstirpatur
1561 529 2239 538 ...........................

979 572 1068 595 Plures
1084 572 1217 595 scholares
1234 572 1318 597 Paris.
1334 572 1429 595 armati
1442 571 1585 595 servientes
1602 571 1674 602 regis
1693 572 1760 594 male
1778 572 1906 602 mulcant,
1918 579 1932 594 a
1947 570 2043 602 quibus
2059 578 2127 593 unus
2141 569 2242 593 schola-

1008 616 1076 639 rium
1090 616 1254 639 interficitur.
1272 616 1381 640 Carolus
1398 624 1442 639 rex
1458 624 1519 639 suos
1536 616 1679 639 servientes
1695 616 1810 639 absolvit
1813 631 2239 639 .................

978 673 1100 697 Urbanus
1110 674 1130 696 V
1146 674 1178 697 ud
1192 674 1315 697 Carolum
1327 674 1357 702 V,
1371 682 1459 705 regem
1475 674 1645 703 Francorum,
1658 673 1741 697 eidem
1757 673 1945 704 benignitatem
1960 681 2023 704 erga
2036 671 2240 696 Universitatem

1007 718 1101 745 paris„
1124 726 1190 749 quae
1213 721 1301 749 partes
1325 719 1499 749 quorumdam
1522 718 1683 741 scholarium
1705 718 1905 741 malefactorum
1925 720 1950 740 et
1968 721 2106 749 captorum
2125 716 2239 745 tenebat,

1007 762 1214 785 commendando
1222 778 2238 787 ........................................

978 820 1099 843 Urbanus
1115 820 1135 842 V
1150 820 1182 842 ad
1194 820 1398 843 Universitatem
1414 820 1498 843 Paris.
1514 820 1545 843 de
1560 820 1651 843 eodem
1664 822 1819 851 argumento
1823 835 2239 844 .................

977 877 1098 901 Urbanus
1114 878 1134 900 V
1149 878 1181 900 ad
1196 877 1381 900 cancellarium
1397 877 1491 905 Paris.¹
1509 881 1537 901 ut
1556 878 1668 901 Alanum
1684 877 1774 907 Tardi,
1796 877 1860 901 ord.
1881 877 1953 906 Min„
1972 877 2005 900 ad
2028 876 2154 908 legendas
2175 877 2240 900 Sen-

1006 922 1101 945 tentias
1117 922 1236 953 assignet
1248 937 2239 946 .......................................

976 979 1098 1003 Urbanus
1120 980 1141 1002 V
1163 979 1302 1011 praecipit,
1328 983 1356 1002 ut
1380 979 1487 1011 quidam
1510 981 1591 1003 frater
1606 979 1670 1004 ord.
1693 980 1780 1004 Erem.
1798 980 1824 1003 S.
1845 980 1912 1010 Aug.
1934 978 2050 1002 Parisios
2065 978 2185 1002 mittatur
2207 979 2239 1002 ad

1005 1024 1130 1055 legendas
1145 1024 1292 1047 Sententins
1296 1039 2238 1049 .....................................

976 1081 1072 1104 Electio
1085 1081 1205 1105 rectoris.
1221 1081 1357 1113 Signatum
1373 1082 1491 1110 rectoris,
1507 1082 1562 1105 sine
1576 1082 1678 1113 signeto
1693 1081 1854 1111 cancellarii,
1867 1081 1978 1104 sufficiat
1993 1081 2025 1104 ad
2040 1080 2238 1104 deliberandum

1005 1125 1095 1148 vinum
1112 1126 1223 1148 missum
1237 1126 1416 1154 scholuribus;
1433 1126 1465 1149 de
1478 1127 1587 1149 emenda
1605 1126 1733 1157 praestita
1749 1134 1779 1149 ex
1791 1128 1866 1156 parte
1883 1125 1954 1156 regis
1967 1133 2016 1156 pro
2031 1124 2156 1148 violentia
2172 1125 2240 1147 faeta

1005 1170 1030 1192 in
1046 1170 1179 1193 territorio
1195 1170 1300 1201 collegii
1313 1170 1344 1193 de
1359 1171 1477 1202 Lupara;
1494 1171 1625 1194 Arnoldus
1639 1171 1670 1193 de
1686 1169 1877 1194 Chaustiavilla
1892 1169 2081 1192 condemnatur
2084 1185 2238 1192 .......

975 1228 1080 1251 Urbano
1096 1228 1116 1251 V
1131 1227 1266 1259 supplicat
1280 1228 1372 1251 Petrus
1388 1229 1420 1251 de
1435 1228 1553 1257 Paciaco,
1571 1228 1722 1251 licentiatus
1737 1227 1763 1251 in
1779 1227 1838 1259 jure
1853 1226 1987 1257 canonico,
2000 1229 2039 1256 ut,
2053 1235 2103 1249 non
2119 1226 2239 1250 obstante

1001 1272 1150 1303 juramento
1163 1281 1220 1301 suo,
1236 1273 1268 1295 ad
1285 1273 1437 1296 doctoratus
1449 1273 1565 1304 insignia
1580 1273 1731 1304 recipienda
1746 1272 1773 1295 in
1787 1274 1836 1295 fac.
1852 1272 2017 1300 decretorum
2031 1271 2188 1294 retardetur.
2205 1288 2212 1294 .
2232 1287 2238 1294 .

974 1330 1095 1353 Urbanus
1113 1330 1132 1352 V
1151 1330 1254 1353 duobus
1276 1330 1456 1353 cardinalibus
1472 1330 1585 1362 injungit
1600 1333 1630 1353 ut
1644 1329 1849 1353 Universitatem
1870 1329 1953 1353 Paris.
1975 1329 2001 1352 in
2022 1328 2077 1352 suis
2093 1328 2199 1351 statutis
2214 1330 2240 1351 et

1003 1374 1233 1397 observationibus
1249 1376 1392 1398 reforment
1401 1389 2238 1399 .................................

973 1433 1075 1455 Statuta
1087 1439 1133 1463 pro
1145 1432 1267 1455 omnihus
1281 1432 1452 1456 facultatibus
1463 1432 1650 1456 Universitatis
1666 1432 1819 1462 Parisiens„
1832 1431 1902 1455 edita
1913 1439 1928 1454 a
1941 1431 2043 1454 duobus
2058 1430 2238 1454 cardinalibus

1003 1476 1112 1499 consilio
1127 1477 1277 1500 cancellarii
1293 1480 1318 1500 et
1328 1477 1479 1508 aliquorum
1494 1477 1682 1508 magistrorum
1686 1491 2237 1501 ......................

973 1534 1014 1557 Lis
1028 1534 1095 1557 inter
1110 1534 1314 1557 Universitatcm
1330 1535 1414 1558 Paris.
1431 1538 1456 1558 et
1471 1534 1659 1558 monasterium
1676 1535 1702 1558 S.
1719 1534 1839 1558 Germari
1853 1533 2006 1557 Flaviacens
2010 1549 2237 1556 ..........

972 1592 1078 1615 Urbano
1094 1592 1114 1614 V
1129 1592 1264 1623 supplicat
1285 1592 1443 1622 Ludovicus,
1467 1593 1519 1615 dux
1543 1592 1750 1623 Andegavensis,
1766 1595 1795 1615 ut
1815 1592 1896 1615 frater
1917 1591 2031 1614 Thomas
2055 1591 2150 1621 Loney,
2173 1590 2235 1614 Ord.

1002 1637 1124 1664 Carmel.,
1141 1637 1174 1660 ad
1187 1637 1315 1660 lecturam
1329 1637 1524 1660 Sententiarum
1539 1637 1648 1660 Parisiis
1661 1637 1824 1664 admittatur,
1838 1644 1896 1659 cum
1909 1635 2002 1659 timeat
2015 1635 2185 1658 Oxonienses.
2204 1650 2211 1658 .
2230 1653 2236 1659 .

972 1695 1078 1718 Rcctore
1096 1694 1210 1717 Macario
1230 1694 1318 1725 Magni
1336 1695 1426 1723 electo,
1442 1695 1576 1718 Johannes
1592 1694 1727 1723 Tonsoris,
1743 1695 1857 1718 decanus
1873 1693 2006 1717 facultatis
2021 1693 2194 1722 decretorum,
2210 1692 2237 1715 in

1002 1739 1115 1770 quadam
1130 1739 1334 1770 congregatione
1350 1740 1461 1763 excessit
1475 1739 1501 1762 in
1518 1739 1606 1763 verbis
1622 1743 1712 1762 contra
1728 1741 1857 1762 rectorem
1864 1753 2236 1762 ...............

971 1797 1102 1820 Germ-dus
1127 1797 1209 1819 abbas
1230 1797 1470 1826 Trium-Pontium,
1491 1797 1600 1821 Cisterc.
1618 1797 1693 1829 Ord.,
1709 1797 1817 1820 Urbano
1833 1796 1853 1819 V
1870 1795 2012 1827 supplicat.
2029 1797 2058 1818 ut
2077 1794 2187 1818 Parisiis
2203 1794 2237 1817 ad

1001 1841 1125 1872 legendas
1141 1842 1289 1865 Sententias
1303 1842 1459 1865 admittatur
1461 1854 2236 1867 ...............................

971 1899 1079 1922 Articuli
1094 1899 1280 1923 Universitatis
1297 1899 1454 1923 parisiensis
1470 1900 1503 1923 ad
1520 1900 1643 1923 Car-olum
1654 1900 1683 1928 V,
1696 1907 1785 1930 regem
1800 1898 1935 1926 Franciae,
1947 1900 2039 1920 contra
2053 1896 2236 1928 praepositum

1001 1943 1074 1966 Paris
1079 1957 2236 1969 ............................................

972 2001 1081 2024 Carolus
1096 2002 1124 2030 V,
1140 2002 1301 2024 Francorum
1316 2010 1369 2031 rex,
1386 2002 1526 2033 praecipit,
1542 2005 1571 2025 ut
1588 2001 1757 2033 praepositus
1773 2000 1857 2024 Paris.
1879 2008 1956 2023 suum
1975 1999 2155 2031 juramentum
2173 1997 2238 2022 Uni-

1002 2045 1121 2069 versitati
1139 2046 1224 2069 Paris.
1240 2046 1357 2069 debitum
1374 2047 1399 2070 in
1415 2047 1508 2070 eccles.
1526 2047 1552 2070 S.
1566 2046 1646 2077 Eligii
1662 2049 1781 2077 praestet
1788 2059 2235 2070 ..................

972 2104 1112 2127 Carnifices
1128 2104 1306 2128 carnificeriae
1323 2105 1350 2129 S.
1363 2104 1519 2133 Genovefae,
1534 2105 1579 2136 qui
1596 2108 1687 2127 contra
1702 2103 1883 2127 ordinationes
1898 2102 1986 2134 regias
2003 2101 2119 2133 plurima
2137 2101 2237 2124 incom-

1002 2149 1079 2171 moda
1096 2148 1241 2172 afferebant
1263 2149 1382 2180 collegiis
1407 2149 1570 2181 privatisque
1592 2149 1679 2172 vicum
1702 2149 1729 2172 S.
1752 2148 1900 2172 Genovefae
1922 2150 1947 2170 et
1969 2146 2085 2178 plateam
2107 2144 2237 2169 Mauberti

1001 2192 1193 2221 habitantibus,
1208 2202 1222 2216 a
1242 2194 1408 2217 Purlamento
1423 2194 1632 2217 condemnantur
1636 2206 2234 2217 ........................

972 2250 1068 2273 Electio
1087 2251 1205 2274 rectoris.
1222 2251 1256 2274 De
1275 2252 1410 2274 fundando
1429 2252 1540 2283 collegio
1560 2255 1617 2274 octo
1637 2250 1797 2274 scholarium
1821 2250 1846 2273 in
1867 2248 1985 2280 collegio
2004 2247 2185 2275 Macloviensi;
2204 2247 2236 2270 de

1001 2295 1170 2318 renovatione
1182 2295 1325 2326 juramenti
1343 2296 1489 2327 praepositi
1507 2296 1601 2324 Paris.;
1615 2296 1647 2318 de
1662 2295 1830 2318 carnificibus
1844 2294 1870 2317 in
1885 2293 1943 2317 vico
1961 2293 1988 2316 S.
2001 2292 2157 2317 Genovefae.
2176 2308 2182 2314 .
2202 2308 2208 2315 .
2227 2307 2234 2314 .

972 2352 1094 2375 Urbanus
1110 2353 1130 2375 Υ
1152 2353 1185 2375 ad
1201 2354 1388 2376 cancellarium
1404 2354 1499 2379 Paris..
1520 2357 1548 2377 ut
1567 2353 1665 2385 Angelo
1685 2353 1717 2376 de
1739 2351 1904 2381 Urbeveteri‚
1922 2351 1986 2375 Ord.
2003 2351 2091 2373 Erem.
2115 2350 2140 2372 S.
2157 2350 2232 2379 Augu,

1001 2397 1184 2427 magisterium
1200 2398 1225 2420 in
1241 2398 1322 2422 theol.
1338 2398 1471 2429 largiatur
1474 2410 2233 2422 ..............................

971 2454 1103 2477 Johannes
1125 2455 1246 2483 Gilberti,
1263 2456 1326 2479 Ord.
1351 2457 1455 2487 Praed.‚
1475 2456 1548 2479 hacc.
1565 2455 1731 2487 Oxoniensis,
1753 2454 1862 2478 Urbano
1884 2453 1904 2475 V
1923 2452 2066 2483 supplicat,
2082 2454 2111 2474 ut
2125 2450 2234 2474 Parisiis

1002 2499 1034 2521 ad
1049 2499 1176 2522 lecturam
1192 2500 1384 2523 Sententiarum
1403 2501 1559 2523 admittatur
1562 2512 2233 2524 ...........................

971 2556 1068 2579 Electio
1082 2557 1190 2580 rectoris
1206 2558 1336 2581 Johannis
1352 2558 1383 2581 de
1401 2559 1496 2581 Trelon
1505 2570 2131 2582 .........................
2151 2573 2154 2576 .
2175 2570 2182 2576 .
2201 2570 2207 2576 .
2226 2569 2232 2576 .

973 2618 1093 2641 Urbanus
1112 2620 1132 2641 V
1147 2620 1179 2642 ad
1198 2620 1384 2643 cancellarium
1401 2621 1494 2644 Paris..
1515 2623 1544 2643 ut
1564 2619 1723 2643 Richardum
1739 2619 1770 2641 de
1791 2618 1953 2641 Bellomonte
1969 2616 2002 2639 ad
2021 2615 2148 2646 legendas
2168 2615 2233 2638 Sen-

1002 2663 1095 2685 tentias
1110 2664 1238 2692 admittat,
1258 2665 1379 2696 quamvis
1396 2666 1482 2688 adhuc
1497 2673 1577 2687 unum
1591 2672 1697 2687 cursum
1716 2662 1817 2686 Bibliae
1831 2662 1919 2692 legere
1934 2660 2041 2683 deberet
2048 2676 2231 2684 ........

972 2724 1080 2747 Carolus
1098 2726 1126 2753 V,
1144 2726 1303 2749 Francorum
1319 2735 1371 2755 rex,
1384 2727 1525 2758 privilegia
1540 2725 1726 2750 Universitatis
1739 2727 1798 2747 ante
1810 2731 1933 2747 concessa
1944 2722 2090 2749 confirmat,
2105 2724 2130 2744 et
2139 2729 2232 2744 causas

1002 2776 1067 2799 quae
1081 2770 1113 2791 ad
1129 2778 1218 2793 eorum
1234 2771 1362 2794 beneficia
1377 2774 1496 2802 spectant
1511 2779 1525 2794 a
1539 2773 1722 2794 conservatore
1737 2767 1939 2799 privilegiorum
1955 2766 2150 2797 cognoscendus
2165 2773 2232 2794 esse,

1002 2813 1092 2836 statuit
1095 2826 2129 2840 .........................................
2143 2806 2154 2833 ’.
2173 2826 2179 2832 .
2199 2826 2206 2832 .
2226 2827 2230 2832 .

971 2874 1068 2897 Electio
1081 2876 1190 2899 rectoris
1207 2877 1334 2900 Johannis
1351 2878 1382 2900 dc
1398 2878 1524 2908 Dunghen
1529 2888 2128 2901 ........................
2137 2867 2179 2896 “’.”.
2199 2888 2206 2894 .
2225 2887 2232 2894 .

2285 511 2330 534 135

2286 613 2331 636 136

2286 760 2330 783 138

2285 817 2330 840 138

2284 919 2330 943 139

2282 1021 2328 1044 139

2283 1167 2329 1196 ¹39

2283 1269 2327 1293 141

2283 1371 2328 1396 142

2284 1474 2328 1498 ¹43

2283 1532 2328 1555 148

2281 1634 2328 1657 149

2281 1735 2327 1760 149

2281 1837 2327 1883 150

2281 1939 2325 1964 151

2281 2041 2326 2066 153

2280 2182 2325 2212 155

2280 2291 2325 2315 156

2279 2393 2324 2417 157

2278 2495 2324 2519 157

2279 2552 2323 2576 158

2277 2658 2323 2691 155

2277 2809 2322 2832 158

2275 2870 2320 2894 160
