2488 3386
221 315 316 351 1394]
986 328 1031 349 DE
1068 327 1309 349 senisMATE.
2018 319 2083 351 629

310 401 388 425 Arch.
418 404 470 424 nat.
494 400 579 424 Pax-is.
600 401 623 425 J.
647 401 700 428 518,
725 401 769 423 sol.
793 401 846 424 18b.
868 401 937 424 Bibl.
955 405 1007 424 nat.
1030 401 1113 424 Paris.
1138 409 1186 424 ms.
1210 401 1256 423 lat.
1281 400 1365 428 14643,
1384 401 1427 424 sol.
1445 402 1651 429 24b;C0‹1.Vat.
1672 402 1759 425 ottob.
1783 403 1829 426 lat.
1850 403 1919 431 3081,
1941 403 1984 426 sol.
2010 403 2079 431 183b;

216 446 401 476 Rotomagens.
418 445 448 469 Ο.
469 446 507 472 20,
530 445 573 468 rol.
598 445 656 474 181;
674 458 702 462 —
720 445 777 467 But.
796 444 838 473 IV,
859 446 913 468 703.
930 445 1069 476 D'Achery,
1089 444 1215 475 Spicilst,
1238 445 1257 473 1,
1275 445 1328 467 782.
1350 459 1378 462 —
1395 445 1474 468 Istam
1490 446 1629 476 epistolam
1650 446 1768 469 bodellus
1784 446 1971 469 Universitatis
1992 447 2081 470 Colon.

216 490 332 513 Parisios
353 489 478 521 portavit,
499 489 645 520 etquidem
661 489 715 520 jam
732 489 797 512 ,lulii
815 490 844 512 25
859 489 956 512 ibidem
976 492 1092 512 moratus
1113 492 1162 512 est.
1182 489 1239 511 Vid.
1263 491 1384 513 Auctar.
1400 490 1540 519 Chartul„
1558 491 1576 518 1,
1593 491 1647 518 692,
1668 491 1697 513 11}
1720 499 1777 522 sqq.
1796 491 1871 514 Natio
1892 491 2036 521 Anglicnna
2056 491 2082 514 in

215 534 341 558 honorem
359 534 454 557 bedetli
469 534 609 565 prandium
627 533 823 556 administravit
838 533 901 562 (vid.
917 533 991 562 ibid„
1007 542 1033 564 p.
1052 534 1106 562 693,
1123 534 1171 562 20).

310 619 332 641 1.
351 618 491 649 inscriptio
507 617 593 640 solum
609 617 636 640 in
651 617 728 640 Arch.
746 631 773 634 —
790 618 813 640 2.
828 617 905 641 Arch.
921 625 926 640 ·.
945 626 956 640 (ι
972 617 1084 640 diversis
1106 626 1126 640 ».
1143 631 1173 635 —
1186 618 1199 640 3
1215 618 1251 640 Ex
1264 617 1313 640 hoc
1329 621 1449 649 apparet,
1466 618 1572 641 minime
1587 618 1723 642 occasione
1741 619 1867 649 epistolae
1885 619 1956 642 Junii
1973 621 1988 642 6
2006 620 2080 643 Colo-

215 663 319 686 nienses
339 662 488 693 scripsisse,
505 662 550 685 sed
571 662 657 685 solum
678 669 690 684 e
712 661 838 684 relatione
860 662 1009 693 aliquorum
1030 661 1185 690 innotuisse,
1210 665 1239 684 ut
1260 662 1339 685 ctiam
1362 671 1374 684 c
1394 666 1423 684 n⁰
1441 662 1501 685 1688
1521 662 1610 694 liquet,
1628 663 1690 694 quid
1714 671 1766 692 rex,
1788 663 1850 694 quid
1873 664 2036 687 Univcrsitas
2055 664 2081 686 in

215 707 302 730 animo
316 707 413 730 habere
428 706 497 729 circu
514 706 635 729 Schisma
650 706 818 729 abolendum.
836 720 862 723 —
879 707 901 729 4,
920 706 1041 729 Nondum
1058 715 1121 737 ergo
1137 706 1302 730 Universitas
1321 707 1404 730 Puris.
1425 707 1456 730 de
1472 707 1520 729 hoc
1536 707 1651 738 scripsit.
1667 721 1697 724 —
1717 709 1740 731 5.
1756 708 1824 738 Mag,
1840 708 1954 731 ,lacobus
1974 709 2081 732 Berneri

215 751 246 774 de
261 750 426 781 Novimugio,
442 751 473 774 de
488 759 539 782 quo
557 751 684 776 Keussen.
700 750 843 779 Matrikel,
860 751 878 778 Ι,
896 752 934 777 60,
951 754 976 774 et
991 759 1017 781 p.
1034 751 1062 773 13
1078 750 1111 773 ad
1125 755 1174 773 num
1190 752 1228 774 80.

218 944 359 982 1688.
382 963 398 979 ‹
413 954 571 989 Responsio
592 954 788 990 Universitfztis
804 954 980 979 Parisiensis
997 953 1036 979 ad
1051 953 1164 979 litteras
1177 954 1394 989 suprascriptas
1409 954 1500 979 studii
1516 954 1698 980 Coloniensis.
1719 964 1733 979 »

1377 1050 1453 1079 7394,
1467 1052 1531 1082 post
1544 1050 1606 1076 dulit*
1618 1051 1663 1079 25.
1680 1051 1793 1085 Parisiis,

302 1137 455 1171 Litteras
475 1144 575 1182 parte
597 1145 729 1179 vestra,
752 1138 916 1183 magistri
937 1137 1181 1178 venerabiles,
1199 1137 1307 1170 nobis
1329 1138 1485 1170 directas
1506 1138 1676 1179 vidimus,
1700 1138 1834 1183 quibus
1855 1150 1922 1171 nos
1944 1139 1987 1171 ad
2007 1139 2079 1172 vir-

212 1210 352 1236 tuosam
369 1204 683 1249 perseveranciam
701 1204 946 1248 solidamque¹
965 1204 1209 1237 constanciam
1231 1204 1267 1236 in
1287 1216 1323 1236 re
1341 1216 1405 1249 per
1421 1216 1489 1237 nos
1506 1204 1670 1237 inchoata
1688 1217 1798 1249 super
1820 1205 1912 1238 facto
1930 1205 2077 1238 unionis

212 1277 334 1303 sancte
360 1270 484 1303 matris
513 1270 668 1303 ecclesie
695 1271 879 1310 ortamini3
904 1270 1076 1315 quodque
1105 1270 1250 1303 labores
1277 1271 1392 1303 nostri
1423 1277 1483 1303 aut
1511 1278 1661 1304 conatus
1687 1278 1722 1304 et
1749 1278 1787 1304 ut
1816 1283 1856 1304 ea
1888 1271 2077 1317 appellatis

211 1343 410 1370 ortamenta
436 1337 594 1370 salubria
616 1337 703 1370 satis
725 1349 900 1382 prospere
922 1337 1102 1370 cesserint
1121 1337 1311 1381 hucusque
1332 1337 1427 1382 apud
1450 1337 1583 1382 regiam
1608 1339 1826 1370 Francorum
1855 1339 2077 1382 majestatem

209 1403 349 1448 gracias
375 1405 451 1436 Deo
472 1404 592 1448 agitis.
622 1404 660 1436 Id
687 1404 782 1436 enim
805 1403 909 1436 vobis
935 1410 1159 1448 compertum
1188 1403 1258 1436 fide
1286 1404 1478 1448 dignorum
1507 1404 1621 1436 relatu
1649 1411 1684 1437 et
1708 1404 1852 1437 volante
1873 1406 1945 1449 jam
1968 1405 2076 1437 latius

208 1470 300 1502 fame
326 1482 411 1502 aura
438 1462 586 1503 dixistis·
606 1496 670 1502 .....
681 1471 703 1502 ².
730 1470 885 1515 Operam
913 1476 1069 1503 vestram
1096 1470 1308 1514 adjutricem
1335 1476 1370 1502 et
1393 1470 1552 1502 omnium
1576 1470 1751 1511 fidelium,
1778 1471 1931 1503 maxime
1957 1471 2077 1505 litera-

210 1542 327 1568 torum
350 1536 580 1569 consorcium
603 1536 709 1568 nobis
726 1536 763 1568 in
779 1536 847 1569 hoc
864 1537 1051 1577 assistere,
1074 1537 1194 1569 favere
1217 1543 1251 1569 et
1266 1548 1371 1581 opem
1388 1537 1506 1569 facere
1523 1536 1708 1569 humiliter
1725 1536 1929 1582 obnixeque
1947 1537 2079 1582 depos-

209 1592 339 1636 cimus.
358 1604 428 1636 Res
450 1602 545 1635 enim
567 1603 771 1635 communis
793 1610 849 1636 est
869 1609 904 1636 et
925 1603 1107 1636 communi
1129 1603 1285 1636 consilio
1312 1604 1589 1648 eonsensuque³
1611 1602 1772 1636 fidelium
1795 1604 2003 1648 peragenda

210 1670 390 1712 Quantum
410 1681 496 1702 vero
518 1669 562 1702 ad
582 1669 619 1702 id
640 1669 778 1710 attinet,
804 1670 901 1714 quod
928 1669 1048 1702 debite
1070 1669 1293 1702 laborantem
1320 1669 1363 1702 ad
1390 1669 1620 1702 concordiam
1642 1670 1745 1702 istam
1768 1670 1922 1703 ecclesie
1945 1670 2078 1703 debere

208 1725 264 1768 via
282 1727 382 1781 regia
398 1736 569 1769 incedere
587 1736 762 1777 astruitis,
782 1743 816 1769 et
833 1736 1008 1781 parciales
1027 1736 1195 1781 singulos
1212 1736 1362 1769 affectus
1379 1748 1417 1768 ac
1434 1736 1715 1769 informaciones
1736 1737 1904 1771 sinistras
1926 1737 2077 1777 reicere,

210 1802 247 1835 in
273 1802 374 1835 nullo
408 1814 560 1847 prorsus
591 1815 610 1835 a
639 1802 743 1836 vobis
775 1803 1037 1848 discrepamus,
1070 1803 1135 1835 sed
1163 1802 1268 1848 plane
1299 1814 1368 1835 una
1400 1803 1594 1842 sentimus;
1624 1803 1667 1835 ad
1695 1803 1731 1835 id
1759 1810 1831 1836 tum
1861 1804 1956 1836 racio
1987 1804 2077 1848 ipsa,

211 1875 283 1902 tum
313 1869 464 1902 maxime
494 1869 657 1902 veritatis
685 1870 937 1914 pernoscende
963 1869 1157 1914 cupiditas,
1185 1877 1258 1902 tum
1286 1876 1471 1913 postremo
1498 1870 1688 1902 verissima
1718 1870 1865 1903 Salustii
1893 1871 2079 1903 sentencia

210 1947 278 1969 nos
299 1936 467 1981 impellit,
489 1936 537 1969 ait
558 1937 651 1969 enim
677 1948 683 1969 :
705 1950 720 1968 «
744 1948 870 1969 omnes
891 1936 1058 1969 homines
1080 1937 1142 1981 qui
1163 1937 1207 1969 de
1230 1937 1341 1969 rebus
1363 1936 1485 1969 dubiis
1507 1936 1727 1975 consultant,
1750 1936 1793 1969 ab
1815 1937 1912 1977 odio,
1930 1936 1973 1969 ab
1994 1937 2080 1969 ami-

210 2002 311 2044 cicia,
333 2002 385 2035 ira
405 2009 511 2047 atque
533 2003 783 2036 misericordia
804 2015 938 2036 vacuos
959 2015 1042 2036 esse
1064 2003 1184 2043 decet3
1209 2015 1281 2035 non
1302 2003 1406 2035 facile
1423 2003 1565 2035 animus
1587 2014 1710 2035 verum
1734 2003 1911 2047 providet,
1936 2002 1996 2035 ubi
2018 2003 2077 2035 illa

210 2069 403 2102 officiunt&
423 2083 439 2099 n
457 2071 592 2103 Verum
613 2069 779 2102 inchoata
800 2070 917 2102 media
940 2070 1050 2102 certis
1067 2069 1111 2102 de
1129 2070 1248 2102 causis
1271 2081 1335 2114 pro
1358 2081 1453 2101 nunc
1475 2081 1547 2101 non
1569 2069 1777 2110 scribimus,
1796 2070 1839 2102 ad
1855 2070 1966 2102 vestri
1988 2070 2079 2102 noti-

210 2136 298 2169 ciam
322 2142 510 2180 sperantes
526 2136 673 2168 aliunde
694 2142 925 2181 perventura.

299 2204 419 2235 Unum
445 2202 482 2234 in
508 2202 640 2235 litteris
661 2202 794 2235 vestris
815 2202 1008 2235 admodum
1030 2202 1215 2243 miramur,
1244 2202 1341 2247 quod
1367 2214 1444 2243 vos,
1469 2203 1529 2247 qui
1551 2203 1607 2235 vie
1637 2202 1736 2247 regie
1766 2202 1851 2235 tanti
1879 2209 2077 2235 sectatores

210 2270 313 2311 estis,
333 2270 424 2302 adeo
445 2269 482 2301 in
503 2269 648 2302 alteram
672 2276 807 2314 partem
830 2269 1055 2310 declinastis,
1079 2276 1117 2301 ut
1137 2281 1202 2302 vos
1229 2269 1272 2301 de
1294 2269 1441 2313 justicia
1468 2269 1645 2301 Bonisacii
1674 2269 1798 2309 vestri,
1822 2281 1928 2313 quem
1951 2281 2076 2314 papam

210 2335 344 2378 dicitis,
366 2348 431 2369 vos
453 2336 672 2369 inconcusse
695 2342 819 2368 tenere
841 2342 875 2368 et
895 2335 1103 2368 nullatenus
1125 2335 1310 2380 ambigere
1333 2335 1572 2380 scripseritis,
1597 2347 1675 2367 nam
1694 2336 1856 2380 profecto
1874 2335 2077 2369 coloracius

210 2403 360 2435 nimium
381 2402 694 2448 apparenciusque
716 2403 760 2435 de
782 2403 930 2435 domino
952 2409 1077 2435 nostro
1105 2402 1293 2435 Clemente
1316 2414 1456 2434 summo
1483 2401 1654 2446 pontifice
1682 2402 1773 2434 illud
1799 2402 1920 2434 dicere
1948 2414 2075 2447 posse-

211 2481 302 2502 mus.
326 2470 458 2512 Quare,
480 2470 610 2502 sratres
632 2469 826 2509 karissimi,
849 2469 879 2501 si
905 2469 948 2501 ad
970 2481 1090 2513 pacem
1115 2468 1269 2501 ecclesie
1291 2468 1405 2500 zelum
1427 2468 1583 2513 aliquem
1610 2468 1764 2509 habetis,
1788 2475 1825 2501 ut
1850 2480 1915 2501 vos
1942 2468 2074 2501 habere

211 2536 392 2568 credimus
414 2543 449 2568 et
468 2536 683 2581 gaudemus,
706 2535 783 2568 zelo
809 2535 861 2567 illi
888 2535 1081 2568 scienciam
1109 2535 1296 2580 adjungite
1325 2542 1359 2567 et
1383 2541 1537 2567 vestram
1559 2535 1651 2567 viam
1678 2535 1813 2580 regiam
1841 2535 2041 2580 sequamini
2066 2547 2072 2567 :

210 2614 275 2635 vos
297 2602 439 2647 providi
463 2602 531 2635 viri
553 2603 654 2643 estis,
673 2609 708 2635 et
728 2602 960 2646 quamobrem
984 2601 1052 2634 hoc
1074 2602 1248 2642 dicamus,
1267 2602 1455 2634 advertere
1472 2601 1651 2646 poteritis.
1670 2602 1821 2634 Demum
1840 2602 2074 2634 obsecramus

210 2677 276 2702 vos
297 2675 528 2714 ortamurque
551 2675 588 2701 ut
608 2669 744 2702 studia⁵
766 2668 871 2702 vobis
892 2668 1047 2701 confinia
1069 2668 1326 2713 principesque
1348 2675 1383 2700 et
1403 2668 1561 2712 prelatos
1581 2674 1724 2701 vestros
1741 2668 1784 2700 ad
1801 2668 2073 2701 conclusionem

211 2735 315 2768 istam
346 2735 538 2776 inducatis,
569 2741 604 2768 et
630 2747 704 2768 eam
738 2735 982 2780 diligenciam,
1013 2747 1117 2779 quam
1149 2735 1242 2767 circa
1273 2734 1615 2767 christianissimum
1651 2746 1773 2779 regem
1809 2742 1970 2767 nostrum
2008 2746 2074 2766 nos

212 2801 384 2834 adhibere
406 2801 538 2834 auditis
560 2808 595 2834 et
613 2801 737 2843 vultis,
761 2814 846 2847 erga
867 2801 951 2834 illos
974 2801 1156 2846 apponite.
1180 2802 1249 2834 Pax
1270 2800 1420 2842 Christi,
1444 2813 1513 2845 que
1535 2808 1727 2845 exsuperat
1747 2813 1887 2833 omnem
1912 2812 2073 2842 sensum,

211 2868 392 2901 custodiat
411 2880 544 2901 sensus
559 2875 703 2902 vestros
724 2875 759 2901 et
779 2868 1047 2913 intelligencias
1068 2874 1207 2901 vestras
1229 2867 1414 2912 [Plzz'lzpp.‚
1435 2879 1481 2909 iv,
1505 2869 1547 2908 7].
