2488 3386
186 348 279 384 1352]
599 358 645 380 ΑΒ
679 357 785 379 Auno
820 356 951 378 mecei,
985 356 1117 384 USQUE
1153 356 1200 376 AD
1236 356 1500 377 ΒΕΝΕοιοτυΜ
1538 356 1626 377 X111.
2005 346 2045 378 13

182 434 246 467 Dei
271 433 474 479 genitricis,
501 432 614 465 sancti
643 430 780 463 Nicolai
806 437 841 463 et
870 429 973 462 beate
1004 428 1197 462 Catharine
1224 428 1426 460 solenniter
1455 428 1695 461 cantabuntur
1722 441 1801 461 cum
1833 429 1985 461 diacono
2011 436 2045 461 et

181 500 405 534 subdiacono
428 510 467 531 ac
494 497 664 531 choristis
687 496 830 530 vestitis
853 495 1084 540 apparatibus
1107 494 1306 527 consuetis.
1330 494 1508 538 Quodque
1530 494 1693 538 magistri
1720 501 1902 539 regentes,
1926 495 1985 539 qui
2008 495 2044 527 in

182 567 291 599 missa
311 566 528 605 intererunt,
547 576 610 597 sex
631 563 801 596 denarios
822 562 1000 607 recipient
1020 560 1174 606 quilibet
1194 561 1230 593 in
1251 559 1585 600 distributionibus,
1605 567 1639 593 et
1659 561 1694 592 in
1711 561 1875 605 vesperis
1893 568 2046 605 quatuor

181 632 367 671 denarios3
402 631 554 676 predicti
583 642 669 663 vero
701 629 889 669 diaconus,
921 627 1167 661 subdiaconus
1197 639 1235 659 ac
1266 626 1439 666 choriste,
1471 633 1682 671 procurator
1707 627 1801 659 dicte
1826 627 1981 659 nationis
2012 634 2046 659 ct

182 705 347 744 receptor
372 696 649 730 distributiones
679 707 744 741 pro
775 695 852 728 suis
881 693 1068 727 laboribus
1099 693 1263 738 duplices
1289 692 1516 725 obtinebunt.
1553 694 1589 724 ln
1615 705 1766 737 quorum
1801 693 2043 725 testimonium

181 765 342 810 sigillum
373 770 537 797 nostrum
569 763 737 795 duximus
768 761 1001 807 presentibus
1031 761 1299 805 apponendum.
1333 761 1409 791 Dat.
1443 759 1601 791 Parisius
1631 771 1725 791 anno
1756 759 1900 791 Domini
1931 759 2045 791 mille-

181 832 272 865 simo
298 831 387 864 CCC
401 831 457 871 LI,
485 830 543 862 die
569 830 611 862 20
636 828 772 861 mensis
797 827 968 861 Januarii.

273 928 395 955 Bulaeus¹
408 927 450 955 lv,
467 927 521 956 324,
537 934 568 950 ex
581 926 649 949 libro
664 928 866 957 procuratorum
882 924 995 947 nationis
1011 924 1171 947 Picardicue.

184 1111 324 1148 1203.
350 1120 475 1146 Clemens
497 1119 680 1154 V1(Johanni
695 1119 730 1145 de
745 1119 864 1153 Aciaco)
880 1118 1055 1144 cancellario
1071 1118 1234 1144 Parisiensi
1246 1126 1299 1153 pro
1314 1118 1468 1143 Austencio
1482 1117 1517 1143 de
1534 1119 1641 1143 Sancta
1659 1116 1820 1150 Colamba⁴‚
1843 1117 1907 1142 Ord.
1924 1119 2047 1150 fratrum

268 1170 418 1203 Minoram,
436 1169 465 1194 in
482 1178 570 1194 sacra
587 1168 730 1202 theologia
748 1167 927 1201 baccalareo,
951 1168 1001 1202 qui
1020 1167 1124 1193 librum
1141 1167 1352 1193 Sententiarum
1375 1176 1448 1192 nunc
1468 1167 1592 1192 Parisiis
1615 1169 1682 1191 actu
1702 1165 1787 1200 legit;
1807 1166 1841 1199 si,
1865 1167 1947 1200 sinito
1964 1175 2047 1191 cursu

268 1218 397 1244 lectionis
421 1217 492 1242 dicti
511 1217 587 1251 libri,
610 1217 729 1242 idoneus
750 1225 812 1242 esse
832 1220 961 1252 repertus
981 1216 1078 1250 fuerit,
1097 1216 1124 1241 ei
1139 1215 1319 1250 magistralis
1342 1215 1430 1241 honor·
1451 1219 1477 1241 el
1498 1214 1619 1241 docendi
1640 1214 1758 1240 licentia
1781 1214 1963 1242 concedatur.
1982 1215 2046 1241 Dat.

267 1267 407 1293 Avinione
422 1266 440 1300 ij
457 1266 514 1292 kal.
530 1266 642 1300 Aprilis,
661 1273 740 1292 anno
754 1266 877 1292 decimo.
897 1276 909 1288 «
925 1265 1004 1291 Sicut
1018 1265 1177 1291 debetur».

1388 1314 1463 1342 1352.
1479 1313 1568 1339 Martii
1578 1314 1617 1342 37,
1633 1313 1763 1339 Arenione.

271 1400 333 1430 Reg.
350 1399 407 1422 vat.
431 1399 531 1421 Comm.
552 1397 693 1421 Clementis
709 1397 750 1424 VIv
767 1401 796 1420 n0
811 1398 864 1424 209,
887 1398 932 1420 fol.
948 1397 1003 1426 991¹,
1020 1405 1060 1427 ep.
1079 1397 1134 1419 462.
1158 1410 1188 1414 —
1203 1396 1342 1426 Wndding,
1367 1398 1442 1420 Ann-
1465 1396 1548 1425 Min„
1570 1399 1633 1419 tom.
1649 1396 1716 1425 vm,
1736 1404 1761 1426 p.
1783 1396 1836 1423 >⁷122
1854 1400 1882 1418 ¹1⁰
1899 1396 1951 1423 113,
1969 1405 1981 1419 c
1997 1405 2050 1427 quo

178 1444 300 1470 Bulaeus,
317 1443 359 1472 IV,
375 1443 429 1466 325.
443 1442 578 1470 Sbaralea,
597 1442 697 1472 Suppl.
715 1443 752 1465 ad
766 1442 874 1472 Script.,
889 1450 915 1472 p.
933 1442 986 1469 100,
1003 1449 1062 1464 eum
1078 1444 1155 1463 vocnt
1169 1440 1332 1464 Ascensium.

271 1527 293 1551 1.
310 1527 357 1550 An.
373 1526 442 1554 1361,
458 1526 529 1557 Sept.
546 1527 583 1556 24,
601 1527 684 1549 factus
701 1529 740 1549 est
755 1526 836 1557 episc.
853 1525 1013 1549 Sarlatensis
1032 1526 1103 1556 (Reg.
1117 1525 1197 1548 Aven.
1214 1525 1302 1548 lnnoc.
1320 1525 1363 1553 VI,
1381 1525 1433 1548 vol.
1453 1525 1597 1553 XXV1,sol.
1615 1525 1665 1553 62).

182 1706 322 1743 1204.
347 1716 491 1741 statutum
509 1714 636 1750 Capituli
649 1714 794 1749 generalis
814 1714 879 1740 Ord.
901 1714 1024 1740 Cluniae.
1042 1713 1077 1740 de
1094 1713 1275 1740 scholaribus
1291 1713 1534 1748 insufficientibus
1551 1713 1580 1738 in
1596 1712 1677 1738 domo
1692 1713 1786 1738 Paris.

1387 1796 1463 1826 1352,
1479 1796 1570 1828 Api-ills
1585 1797 1630 1824 29.
1648 1795 1762 1821 Cluniezci.

268 1881 413 1914 Summe
435 1880 604 1925 displicet
627 1880 803 1913 altissimo
826 1880 992 1920 creatori,
1018 1880 1075 1912 cui
1102 1891 1247 1924 semper
1268 1879 1384 1924 placet
1405 1886 1440 1912 et.
1459 1879 1594 1923 placuit
1614 1891 1720 1911 omne
1738 1878 1887 1919 bonum,
1906 1879 2049 1923 quando

178 1947 407 1992 culpabiliter
439 1947 613 1980 amittitur
645 1953 680 1979 et
709 1946 874 1991 perditur
899 1947 1038 1979 fructus
1065 1946 1109 1978 ad
1140 1945 1325 1990 publicum
1353 1952 1388 1978 et
1417 1945 1665 1978 necessarium
1696 1946 1925 1978 commodum
1953 1946 2050 1978 ordi-

178 2020 295 2053 natus,
323 2014 384 2058 qui
410 2014 548 2046 fructus
573 2025 615 2046 ex
637 2013 725 2046 viris
752 2013 964 2045 scientificis
990 2013 1084 2045 sicut
1110 2012 1356 2045 necessarium
1381 2019 1436 2045 est
1461 2012 1645 2053 omnibus,
1672 2012 1787 2057 oritur
1812 2019 1847 2044 et
1872 2012 2049 2056 procedit,

178 2093 258 2113 cum
281 2092 345 2125 per
361 2092 460 2113 suam
484 2080 675 2113 scienciam
694 2079 784 2112 alios
802 2079 958 2124 dirigant
982 2086 1016 2112 et
1037 2079 1180 2123 seipsos
1202 2079 1238 2111 in
1255 2079 1389 2112 divinis
1410 2078 1550 2111 actibus
1568 2085 1602 2111 et
1623 2078 1802 2119 humanis,
1822 2085 1856 2111 et
1876 2079 1919 2111 ad
1941 2079 2047 2110 finem

178 2147 275 2191 quod
298 2146 356 2179 hic
379 2146 534 2179 habeant
555 2146 712 2179 divinam
736 2146 886 2191 gratiam
911 2152 944 2178 et
961 2145 1165 2185 humanam,
1189 2152 1224 2178 et
1241 2145 1396 2178 finaliter
1417 2145 1569 2190 gloriam
1588 2145 1856 2189 sempiternam.
1877 2146 2049 2185 Quamvis

178 2213 288 2258 igitur
311 2213 347 2245 in
371 2213 478 2245 domo
502 2212 734 2245 Cluniacensi
761 2224 825 2257 pro
850 2211 1053 2244 scolaribus
1077 2212 1226 2245 Ordinis
1250 2212 1411 2244 Parisius
1435 2211 1598 2244 ordinata
1619 2223 1684 2256 pro
1707 2224 1802 2244 nunc
1826 2212 1898 2244 sint
1923 2211 2047 2256 aliqui,

178 2279 261 2312 licet
282 2279 398 2324 pauci,
418 2279 461 2311 de
484 2279 639 2311 sciencia
662 2291 734 2311 non
756 2279 936 2311 immerito
958 2278 1249 2318 commendandi,
1272 2278 1406 2310 suerint
1428 2285 1546 2310 tamen
1568 2278 1801 2322 quamplures
1825 2278 2048 2322 temporibus

178 2346 374 2390 preteritis,
401 2352 436 2378 et
464 2345 580 2378 adhuc
611 2352 707 2386 sunt,
731 2351 769 2377 ut
798 2345 942 2385 dicitur,
968 2344 1102 2377 ibidem
1135 2345 1195 2389 qui
1227 2357 1292 2377 nce
1323 2345 1359 2376 in
1391 2344 1547 2377 sciencia
1573 2345 1807 2389 profecerunt
1837 2356 1901 2376 nec
1932 2344 2047 2377 adhuc

178 2412 384 2457 proficiunt,
407 2412 471 2444 sed
492 2418 800 2456 consumpserunt
820 2411 981 2443 indebite
1003 2411 1201 2456 pensiones
1223 2411 1373 2443 Ordinis
1395 2417 1429 2443 et
1450 2417 1680 2452 consumunt,
1700 2418 1734 2443 et
1755 2411 1852 2455 quod
1874 2418 1924 2443 est
1949 2411 2047 2443 dete-

178 2478 267 2518 rius,
294 2490 418 2510 eorum
444 2477 555 2522 aliqui
582 2478 633 2510 sic
659 2478 695 2509 in
722 2478 799 2510 suis
825 2477 964 2510 actibus
989 2489 1027 2509 se
1055 2484 1248 2510 recxerunt
1270 2477 1367 2521 quod
1392 2489 1434 2509 ex
1457 2477 1524 2509 hoc
1551 2483 1647 2509 totus
1672 2477 1770 2509 Ordo
1794 2476 2046 2509 Cluniacensis

176 2544 243 2577 fuit
268 2544 465 2576 enormiter
488 2544 690 2576 diffamatus
716 2555 722 2575 :
748 2543 792 2576 ad
815 2543 921 2575 finem
948 2544 1059 2588 igitur
1083 2543 1181 2588 quod
1204 2555 1314 2588 super
1336 2543 1403 2575 hoc
1427 2543 1650 2575 conveniens
1673 2549 1706 2575 et
1734 2543 1820 2575 utile
1847 2543 2043 2574 remedium

175 2610 316 2643 facilius
341 2617 554 2655 apponatur,
585 2610 767 2642 diffiniunt
792 2610 1009 2642 diffinitores
1036 2610 1133 2654 quod
1160 2610 1330 2642 dominus
1356 2609 1479 2649 abbas,
1511 2616 1546 2641 ut
1576 2609 1723 2641 brevius
1756 2609 1899 2653 poterit,
1927 2609 2046 2640 visitet

178 2676 322 2708 domum
346 2676 441 2709 illam
465 2676 520 2709 vel
544 2676 610 2708 hoc
634 2676 802 2720 personis
824 2676 976 2720 ydoneis
998 2682 1031 2708 et
1056 2675 1321 2708 sufficientibus
1343 2675 1551 2715 committat,
1576 2682 1610 2707 et
1633 2674 1765 2707 ibidem
1791 2675 1939 2707 retineat
1962 2675 2044 2706 rcti-

178 2742 332 2778 nendos,
356 2742 525 2775 videlicet
548 2742 655 2774 utiles
680 2749 714 2774 et
738 2742 900 2786 ydoneos
925 2742 968 2774 ad
994 2742 1249 2786 acquirendam
1274 2748 1307 2773 et
1334 2741 1592 2773 obtinuendam
1618 2741 1775 2772 sciencie
1802 2741 2042 2784 margaritam,

178 2808 260 2841 illos
277 2820 362 2841 vero
380 2809 439 2852 qui
459 2821 529 2840 non
547 2808 741 2853 proficiunt
758 2820 822 2840 nec
845 2809 1088 2852 profecerunt,
1109 2808 1152 2840 de
1170 2808 1276 2840 domo
1299 2807 1458 2852 predicta
1477 2813 1657 2839 removeat
1675 2814 1708 2839 ct
1730 2806 1879 2850 expellat
1904 2813 1935 2838 ct
1953 2806 2043 2837 alios

178 2874 341 2918 aliosque
363 2887 486 2907 eorum
509 2874 589 2907 loco
613 2874 834 2907 sufficientes
857 2881 890 2906 ct
906 2874 1070 2918 ydoneos
1093 2886 1236 2918 percos
1258 2874 1300 2905 ad
1323 2885 1414 2917 quos
1437 2873 1592 2917 pertinet
1609 2872 1866 2916 subrogentur,
1886 2878 1931 2911 et,
1951 2872 2043 2903 sicut
