2488 3386
194 322 288 359 1394]
957 335 1003 356 DE
1041 334 1282 357 senisMATE.
1984 327 2048 360 603

196 437 335 475 1674.
365 446 538 472 Universitas
554 447 647 472 Paris.
671 445 810 481 quosdam
830 445 969 472 solemnes
991 446 1143 481 magistros
1166 455 1227 472 cum
1250 446 1370 472 rectore⁴
1389 447 1466 472 misit
1481 447 1521 472 ad
1535 456 1634 482 regem,
1653 448 1822 474 residentem
1838 449 1917 484 apud
1937 451 1964 475 S.
1985 450 2052 475 Ger-

280 504 393 521 manum
405 495 433 521 in
444 496 523 530 Laya
535 504 596 520 cum
609 495 669 521 suis
684 495 768 529 (inter
780 503 850 530 quos
862 494 948 520 duces
958 495 1171 528 Aurelianens.,
1184 495 1316 529 Borbon.,
1331 496 1507 521 Buturicens.
1522 500 1549 521 et
1559 496 1763 531 Burgundiae),
1780 497 1875 533 ibique
1887 498 2048 534 Stephanus

281 544 316 570 de
335 543 537 578 Calvomontess,
551 552 625 578 mag.
641 543 669 569 in
685 542 771 569 theol.
787 552 823 569 ex
834 547 921 579 parte
939 543 1137 569 Universitatis
1151 544 1211 578 regi
1225 543 1405 580 supplicavit,
1425 547 1455 569 ut
1470 544 1510 569 ad
1524 544 1730 570 eradicandum
1747 546 1875 571 Schisma
1894 546 1964 572 vices
1980 556 2049 572 suas

280 602 335 619 non
359 592 489 627 differret
513 593 699 628 interponere.
727 593 793 618 Duoe
817 592 988 618 Bituricens.
1016 592 1128 618 nomine
1154 593 1231 627 regio
1254 592 1423 628 respondit:
1439 602 1454 618 ⁴<
1469 592 1515 618 Ad
1534 593 1641 618 domini
1660 594 1714 619 mei
1735 595 1810 628 regis
1832 599 1859 620 et
1874 596 2050 630 cognationis

281 641 387 676 regalis
404 641 587 675 ignominiam
603 640 745 666 credimus
761 640 1026 676 nephandissimum
1042 641 1170 666 Schisma
1185 644 1294 666 tantum
1310 641 1446 675 viguisse;
1464 645 1491 666 et
1506 642 1575 676 quia
1591 643 1698 667 cunctis
1714 642 1854 678 displicet,
1874 647 1903 669 ut
1923 643 1995 669 illud
2012 644 2051 669 ad

281 690 395 716 laudem
411 690 492 724 regni
505 689 645 725 sopiatur,
664 690 736 715 viam
751 689 881 725 aliquam
897 689 1049 715 studeatis.
1071 691 1150 723 Quae
1163 690 1190 715 si
1205 689 1279 715 bona
1292 689 1410 715 consilio
1423 689 1531 715 domini
1545 690 1600 716 mei
1614 691 1750 725 videatur,
1766 691 1839 717 hanc
1850 692 1951 727 procul
1964 692 2050 718 dubio

281 739 443 765 executioni
457 738 591 764 dabimus
607 738 780 773 diligenter³
795 748 819 764 ».
838 739 976 774 Deputati
989 739 1110 764 caeteris
1126 748 1187 764 cum
1203 738 1318 764 laetitia
1333 739 1447 773 ingenti,
1465 748 1538 774 quae
1552 739 1740 774 obtinuerant,
1757 741 1920 767 retulerunt.

1134 815 1212 844 1394,
1229 817 1289 840 ante
1304 815 1422 841 dancrat-ii
1431 815 1475 844 25,
1492 814 1514 841 S.
1531 815 1647 841 Germani
1658 815 1683 840 in
1697 816 1769 848 Laya.

287 888 391 912 Chron.
407 889 446 912 du
465 888 515 912 rel.
534 889 566 912 de
586 888 789 920 Saint-Denys,
806 889 839 915 11,
857 889 889 912 96
909 896 948 920 sq.
968 888 1036 911 Haec
1051 888 1148 919 legatio
1164 897 1214 912 non
1235 889 1418 912 confundenda
1433 897 1492 911 eum
1512 889 1558 912 illa
1575 889 1694 912 Jnnuarii
1711 890 1749 919 28,
1768 890 1836 913 infru
1855 890 1881 913 in
1902 891 2054 914 documento

192 937 221 956 n⁰
235 933 296 956 1679
311 935 409 957 notata.
430 932 596 956 Universitas
612 933 645 956 ab
662 941 729 956 anno
745 933 806 956 1390
821 933 956 964 hucusque
972 933 1077 964 saepius
1097 941 1186 964 regem
1206 933 1314 961 adierat,
1332 941 1436 964 semper
1454 936 1541 957 tamen
1560 934 1694 965 repulsum
1709 938 1854 965 acceperat.
1868 935 1925 958 Vid.
1943 936 2052 963 Chron.‚

192 986 218 1009 p.
232 978 271 1005 46.
286 978 326 1000 94.

286 1048 308 1071 1.
326 1047 445 1070 Johanne
461 1048 551 1071 Millon
571 1056 617 1071 seu
637 1048 761 1072 Millonis.
778 1049 837 1079 Ipse
857 1048 949 1071 scribit
964 1048 1000 1079 (in
1015 1048 1093 1072 Arch.
1108 1052 1161 1072 nat.
1177 1048 1260 1072 Paris.
1274 1049 1299 1072 J.
1312 1049 1367 1078 517,
1382 1053 1411 1071 11ο
1426 1048 1480 1079 185>
1493 1058 1506 1070 (ι
1519 1049 1598 1072 Milon
1615 1059 1636 1072 υ.
1647 1063 1678 1067 —
1693 1050 1716 1073 2.
1727 1050 1836 1086 *Chronn
1851 1050 1943 1073 scribit
1954 1054 2055 1074 tantum

195 1102 205 1115 u
225 1100 295 1123 mag.
312 1092 337 1114 in
354 1091 433 1117 theol.
447 1093 588 1123 deputatus
601 1102 624 1116 ».
642 1093 692 1116 Sed
708 1101 738 1116 ex
753 1093 927 1116 instrumento
942 1097 971 1116 n0
988 1093 1048 1116 1679
1065 1093 1220 1116 concludere
1234 1101 1376 1124 possumus
1391 1093 1471 1116 istum
1491 1093 1647 1125 magistrum
1666 1094 1827 1125 Stephanum
1843 1095 1873 1118 de
1889 1095 2057 1119 Calvoinontc

195 1137 236 1166 (de
252 1145 302 1168 quo
318 1144 400 1167 supra
416 1141 444 1159 n⁰
460 1137 530 1168 1429)
547 1137 637 1161 fuisse.
655 1150 681 1154 —
698 1138 721 1160 3.
735 1138 833 1169 Regem
847 1138 926 1168 plura
941 1137 994 1161 alia
1009 1137 1116 1165 dixisse,
1132 1141 1244 1169 apparet
1258 1146 1271 1161 e
1286 1146 1313 1169 p.
1329 1138 1384 1160 618.

199 1294 340 1331 1675.
369 1303 543 1329 Universitas
558 1304 664 1338 Paris„
690 1305 748 1329 Deo
768 1304 882 1338 gratias
905 1313 1002 1339 agens,
1027 1304 1074 1330 die
1100 1305 1292 1330 Conversionis
1310 1305 1335 1330 S.
1354 1304 1441 1330 Pauli
1461 1305 1667 1340 processionem
1685 1309 1712 1330 et
1730 1306 1881 1331 stationem
1902 1306 2003 1331 habuit
2018 1306 2057 1331 ad

284 1354 312 1378 S.
324 1353 479 1378 Martinam
496 1352 531 1378 de
550 1353 680 1388 Campis,-
694 1352 759 1378 dum
779 1352 869 1378 Guido
881 1352 916 1378 de
931 1354 1081 1387 Monceau,
1100 1353 1193 1378 abbas
1212 1354 1236 1379 S.
1250 1353 1388 1388 Dionysii,
1407 1354 1523 1378 missam
1539 1353 1574 1379 de
1592 1354 1700 1389 Spiritu
1717 1356 1744 1380 S.
1757 1354 1922 1389 celebraret,
1943 1355 2059 1381 Guillel—

283 1410 343 1426 mus
359 1402 495 1435 Barraut,
514 1410 588 1435 mag.
607 1400 693 1427 theol.
711 1405 739 1427 et
755 1402 835 1437 prior
852 1403 881 1428 S.
897 1401 1036 1437 Dionysii,
1055 1402 1083 1427 in
1104 1401 1230 1427 claustro
1244 1402 1432 1438 praedicavit,
1453 1405 1571 1428 mentem
1587 1403 1661 1436 regis
1681 1406 1708 1428 et
1727 1402 1902 1428 dominorum
1918 1404 2058 1429 Franciae

279 1453 441 1485 promptam
462 1449 502 1475 ad
521 1450 651 1475 unionem
672 1458 735 1476 esse
755 1450 916 1485 divulgans,
940 1459 1091 1486 omnesque
1107 1451 1277 1476 assistentes
1292 1451 1383 1486 jussit
1401 1451 1549 1476 Dominum
1565 1460 1693 1484 exorare,
1712 1455 1742 1476 ut
1757 1460 1848 1486 regem
1869 1456 1896 1478 et
1913 1453 2057 1488 principes

282 1498 311 1523 in
323 1499 473 1534 proposito
490 1502 686 1533 conservaret,
700 1499 849 1525 verebatur
864 1500 936 1525 enim
952 1508 987 1525 ne
999 1508 1052 1535 per
1070 1499 1236 1525 Clementem
1259 1501 1311 1525 VII
1322 1499 1408 1525 aliter
1423 1499 1632 1526 inducerentur.

1380 1577 1459 1606 1394,
1474 1576 1590 1602 danuarii
1601 1577 1644 1606 25,
1660 1576 1774 1602 Parisii-3.

289 1649 391 1673 Chron.
408 1650 447 1673 du
463 1649 511 1673 rel.
533 1650 565 1673 cte
585 1649 786 1680 saint-Denys,
809 1650 840 1679 ΙΙ,
862 1651 900 1673 98.
923 1663 954 1667 -
968 1650 1056 1681 Jarry,
1072 1651 1113 1674 La
1130 1660 1142 1671 «
1159 1650 1216 1675 voie
1235 1651 1266 1674 de
1285 1651 1337 1680 fait
1358 1659 1378 1677 ν,
1401 1650 1502 1673 Exti-ait
1521 1650 1552 1673 de
1571 1651 1596 1673 la
1616 1650 1687 1674 Bibl.
1707 1652 1740 1674 de
1761 1646 1858 1675 l’Ecoze
1876 1653 1922 1676 des
1939 1653 2057 1681 charles,

193 1696 211 1716 t.
229 1693 295 1721 Lm,
310 1701 337 1724 p.
353 1694 391 1721 49,
409 1701 549 1724 perperam
562 1693 632 1717 istud
648 1694 746 1717 sactum
761 1694 794 1717 ad
808 1702 850 1717 au.
867 1694 936 1722 1393,
950 1695 1011 1718 Jun.
1025 1695 1062 1722 30,
1079 1694 1161 1725 ponit.

199 1855 340 1892 1676.
364 1865 426 1890 Rex
449 1865 612 1901 deputatos,
640 1866 733 1900 regios
758 1865 858 1900 dictos,
878 1866 1032 1901 constituit,
1058 1867 1107 1901 qui
1129 1874 1189 1891 cum
1211 1866 1358 1902 deputatis
1384 1866 1581 1891 Universitatis
1601 1866 1724 1892 debeant
1746 1866 1805 1891 vias
1821 1869 1847 1891 et
1864 1866 1960 1891 modos
1976 1870 2058 1902 aptos

283 1922 450 1949 proponere,
471 1914 573 1949 quibus
588 1914 717 1939 Schisma
733 1914 904 1940 aboleretur.

1218 1951 1292 1980 7394,
1308 1951 1425 1977 danuarii
1435 1951 1479 1980 28,
1497 1951 1519 1976 S.
1536 1951 1653 1976 Germani
1663 1951 1687 1976 in
1701 1951 1774 1983 Laya.

289 2024 346 2047 Vid.
365 2023 434 2047 infra
450 2028 479 2046 11ο
497 2025 565 2047 1679.
582 2025 705 2055 Dcputnti
722 2025 788 2055 regii
804 2028 878 2048 erant
893 2025 1065 2048 cancellarius
1078 2025 1203 2048 Franciae
1218 2029 1243 2048 et
1258 2026 1364 2056 quidam
1376 2025 1504 2049 notabiles
1520 2026 1551 2048 de
1566 2025 1674 2048 consilio
1688 2026 1767 2056 regiS,
1783 2029 1811 2048 ut
1825 2033 1855 2048 cx
1872 2026 1956 2056 Opere
1969 2026 2057 2050 unius

194 2068 294 2099 mayni
306 2067 413 2098 prelati
429 2068 552 2098 (Simonis
569 2069 600 2091 de
612 2069 769 2098 Cramaudo)
784 2073 896 2100 apparet
911 2069 972 2098 (vid.
990 2073 1038 2091 „um
1054 2070 1119 2097 1680,
1135 2071 1210 2100 noh),
1227 2070 1293 2092 inter
1309 2078 1373 2100 quos
1385 2070 1476 2093 ducem
1487 2069 1596 2092 Bituric.
1611 2070 1717 2100 ejusque
1728 2069 1912 2092 cancellarium
1927 2070 2056 2093 Simonem

196 2112 226 2135 de
243 2112 391 2136 Cramaudo
406 2113 486 2136 fuisse
502 2113 650 2144 opinamur.

201 2235 341 2271 1677.
366 2246 538 2270 «Secuntur
559 2245 769 2281 propositiones
794 2246 821 2270 in
844 2245 974 2279 generali
997 2254 1084 2281 super
1108 2245 1210 2280 quibus
1233 2245 1364 2279 magistri
1387 2249 1415 2270 et
1439 2243 1602 2269 bachalarii
1624 2244 1777 2278 facultatis
1797 2244 1935 2279 theologie
1955 2245 2057 2270 debent

283 2293 408 2319 scribere
424 2294 607 2320 intentionem
624 2303 705 2319 suam
723 2298 749 2320 et
765 2301 825 2319 eam
842 2294 968 2328 fundare
981 2304 1003 2320 ».

1291 2329 1444 2357 7397-1394.
1459 2329 1591 2355 Februarii
1601 2330 1644 2357 25,
1660 2329 1771 2355 Parisiis,

286 2404 401 2436 Prima
431 2411 503 2445 est,
535 2411 652 2437 utrum
682 2405 724 2437 ad
756 2405 955 2449 quemlibet
985 2404 1199 2437 catholicum
1231 2410 1369 2449 spectet
1400 2403 1563 2436 laborare
1593 2410 1628 2435 ct
1661 2415 1853 2447 procurare
1885 2404 2052 2436 unionem

198 2477 320 2502 sancte
341 2471 465 2503 matris
487 2471 642 2504 ecclesie
665 2472 701 2504 in
724 2483 794 2504 11110
817 2483 987 2516 supremo
1010 2471 1169 2503 omnium
1191 2471 1305 2515 capite
1326 2477 1359 2502 et
1380 2469 1529 2514 prelato.

286 2537 321 2568 2a
357 2544 475 2570 utrum
494 2538 647 2582 quilibet
667 2539 709 2571 ad
732 2538 799 2571 1100
823 2545 985 2571 teneatur
1006 2545 1040 2570 et
1060 2537 1243 2581 obligetur
1263 2536 1330 2569 sul)
1353 2549 1443 2581 pena
1464 2537 1612 2581 peccati.

285 2604 333 2644 3³,
357 2610 474 2636 utrum
498 2605 625 2649 prelati
647 2617 689 2638 ex
711 2605 829 2638 officio
851 2611 1042 2637 teneantur
1058 2604 1101 2636 ad
1121 2603 1189 2636 hoc
1210 2603 1374 2636 laborare
1392 2603 1459 2636 sul)
1480 2615 1571 2647 pena
1593 2603 1727 2647 peccati
1750 2603 1921 2635 mortalis.

285 2670 332 2709 4³,
356 2677 473 2702 utrum
497 2671 666 2705 doctores
688 2672 843 2705 ecclesie
865 2672 907 2704 ad
929 2671 996 2703 hoc
1018 2677 1207 2703 teneantur
1228 2670 1295 2703 sub
1317 2670 1439 2702 eadem
1464 2681 1566 2714 pena.

287 2737 331 2776 5³,
356 2743 474 2769 utrum
498 2738 681 2783 principes
704 2738 889 2771 seculares
910 2738 953 2771 ad
974 2737 1041 2770 hoc
1065 2737 1132 2769 sub
1155 2737 1276 2769 eadem
1303 2748 1391 2780 pena
1413 2736 1633 2781 obligentur.

286 2803 332 2843 6³,
357 2810 473 2836 utrum
497 2804 734 2849 impeditores
752 2812 810 2838 aut
832 2805 1008 2850 impedire
1025 2804 1190 2837 volentes
1207 2803 1302 2843 illos,
1322 2803 1382 2847 qui
1403 2802 1566 2835 laborant
1582 2803 1625 2835 ad
1646 2803 1852 2847 hujusmodi
1871 2803 2054 2843 unionem,

200 2876 350 2913 peccent
372 2870 585 2903 mortaliter.
