2488 3386
232 308 328 344 1386]
651 320 696 341 ΑΒ
730 319 835 341 ΑΝΝΟ
870 319 1000 342 MCCCL
1034 320 1164 348 USQUE
1199 321 1247 342 AD
1282 321 1544 343 lxi-:nemorum
1579 323 1668 344 Χιιι.
2026 314 2097 346 439·

318 395 418 428 Ceux
439 394 484 426 de
508 393 541 426 la
565 393 696 426 faculte
726 399 788 425 ont
817 393 967 426 conclus
998 405 1067 438 que
1100 394 1243 426 maistre
1271 395 1404 439 Aymes
1434 407 1479 427 ne
1508 396 1583 428 face
1616 398 1633 428 a
1664 397 1826 429 recevoir
1855 399 1873 429 ἱι
1903 408 1962 429 ses
1994 409 2092 430 com-

229 461 404 506 plainctes
432 467 466 493 et
494 472 532 493 se
557 460 582 492 il
609 459 729 493 faisoit
756 462 774 492 a
799 460 974 497 recevoir,
1002 467 1203 505 proposent
1230 466 1265 492 et
1291 460 1484 493 concluent
1515 468 1591 494 tout
1619 462 1798 506 pertinent
1829 469 1863 495 et
1889 475 1933 495 en
1961 475 2020 496 cas
2047 463 2090 496 de

229 527 333 572 delay
359 530 377 560 a
402 530 607 567 recreance,
636 529 654 559 a
681 526 854 570 domages
885 526 1020 558 interes
1049 533 1084 558 et
1111 526 1281 571 despens.
1312 528 1353 559 Et
1381 527 1481 559 dieat
1506 539 1575 571 que
1605 528 1916 562 restablissement
1944 541 1988 562 ne
2017 529 2093 562 doit

228 601 324 627 estre
344 594 406 627 fait
426 606 471 626 en
491 600 589 626 ceste
610 593 770 633 matiere,
790 604 848 625 ear
865 593 901 626 in
917 593 1169 626 cessationibus
1190 592 1503 626 restablissement
1524 594 1578 626 n'a
1600 606 1662 638 pas
1683 594 1769 635 lieu,
1788 595 1868 627 etsi
1889 596 1971 628 n’en
1992 596 2090 628 riens

229 661 329 705 prins
351 661 416 693 des
436 659 541 693 biens
563 659 607 692 de
628 659 775 692 maistre
795 659 940 704 Aymes.

316 728 371 760 Au
393 726 532 760 conseil
553 733 588 759 et
608 738 653 758 en
674 732 801 767 arrest,
820 728 838 759 a
859 726 979 759 savoir
995 738 1034 759 se
1056 725 1369 759 restablissement
1392 738 1471 759 sera
1488 727 1550 759 fait
1570 739 1616 759 ou
1638 739 1724 768 non,
1749 734 1859 772 quant
1879 739 1921 759 au
1943 728 2090 772 surplus

228 805 272 826 en
293 799 412 826 toutes
439 792 494 825 les
518 804 646 825 causes
674 792 806 825 dessus
832 792 961 833 dictes,
982 793 1173 837 appoincte
1199 799 1255 826 est
1279 805 1348 838 que
1376 792 1429 826 les
1458 793 1591 838 parties
1620 793 1825 838 escripront
1850 805 1912 838 par
1933 794 2090 827 muniere

225 860 270 893 de
294 859 479 901 memoire,
502 859 701 904 lesquelles
722 871 834 892 veues
864 859 1049 892 ensamble
1077 859 1131 892 les
1157 866 1271 892 status
1297 866 1332 892 et
1358 859 1483 892 lettres
1510 860 1574 893 des
1605 860 1750 905 parties,
1777 860 2009 893 considerera
2037 861 2090 893 les

226 926 368 959 raisons
389 926 454 958 des
475 926 609 970 parties
631 932 666 958 et
684 926 758 958 fera
780 925 876 958 droit
896 937 963 958 aux
984 925 1053 958 fins
1075 925 1308 970 plaidoyez²⁰.

318 1023 394 1046 Areh.
411 1026 465 1046 nat.
486 1022 569 1046 Paris.
587 1023 633 1045 Χἐι
652 1023 712 1046 1473
729 1023 839 1054 (Cons.),
858 1023 902 1046 fol.
925 1023 1042 1046 237-239.
1061 1036 1093 1040 —
1107 1022 1150 1046 Lis
1171 1022 1238 1046 inter
1259 1024 1410 1046 facultatem
1428 1026 1453 1046 et
1476 1023 1605 1046 Amelium
1628 1023 1734 1047 duravit
1757 1027 1818 1055 post
1838 1024 1929 1055 plures
1951 1032 2044 1053 (ιηιιοε,
2066 1027 2091 1047 et

224 1076 267 1092 an.
282 1068 342 1091 1388
357 1067 453 1091 iterum
468 1067 561 1090 amhae
578 1070 667 1098 partes
684 1075 773 1090 coram
785 1067 858 1090 curia
874 1067 1034 1090 Parlamenti
1050 1070 1241 1098 apparuerunt.
1255 1068 1313 1091 Vid.
1329 1067 1399 1090 infra
1415 1072 1444 1090 n⁰
1458 1067 1528 1091 1546.

318 1152 340 1175 1.
357 1152 473 1175 Primum
490 1151 533 1174 hic
553 1151 579 1174 iu
598 1151 669 1174 Actis
687 1151 873 1175 Universitatis
895 1152 979 1175 Paris.
1002 1151 1166 1183 exprimitur,
1184 1152 1321 1175 Urbanum
1338 1152 1359 1175 V
1375 1152 1438 1174 olim
1463 1152 1489 1175 in
1510 1152 1686 1175 Universitate
1706 1152 1790 1176 Puris.
1813 1153 1960 1176 Decretales
1983 1152 2089 1183 legisse.

222 1210 250 1214 —
268 1197 290 1219 2.
307 1196 365 1219 Vid.
386 1196 418 1219 de
437 1196 495 1227 ipso
517 1196 655 1224 Chartal„
675 1197 707 1223 11,
727 1205 754 1227 p.
776 1197 830 1221 511.
851 1199 904 1219 not.
927 1197 951 1227 3,
970 1196 1014 1219 ubi
1037 1196 1154 1227 quaestio
1175 1196 1255 1219 dubia
1273 1196 1432 1225 remanebat,
1454 1204 1487 1219 an
1508 1197 1610 1219 Evenus
1630 1197 1710 1219 Bohic
1729 1196 1798 1220 idem
1822 1200 1891 1220 esset
1912 1205 1941 1220 ac
1963 1197 2090 1220 Henricus

223 1241 313 1264 Bohic.
330 1241 439 1264 Constat
453 1249 530 1269 nunc,
546 1240 674 1265 Euenum
687 1240 774 1265 Bohic
789 1241 881 1264 alium
897 1247 952 1265 esse
967 1248 1000 1264 ac
1015 1241 1173 1264 Ilenricum
1191 1241 1285 1265 Bohic.
1303 1241 1425 1271 Legimus
1445 1241 1514 1263 enim
1532 1241 1558 1263 in
1577 1241 1652 1264 Arch.
1670 1244 1722 1264 nat.
1738 1241 1821 1264 Paris.
1840 1241 1889 1265 LL.
1905 1242 1958 1270 105,
1976 1249 2002 1272 p.
2024 1242 2068 1264 548
2083 1249 2088 1264 :

224 1294 235 1307 «
251 1286 324 1308 Anno
340 1293 375 1314 Ll,
393 1285 434 1308 die
454 1285 547 1308 martis
563 1285 589 1308 in
605 1285 699 1315 vigilia
715 1285 774 1308 sesti
790 1285 816 1308 b.
837 1285 937 1308 Audree
952 1285 1067 1316 apostoli
1085 1285 1158 1314 (Nov.
1179 1286 1226 1314 29),
1244 1285 1269 1307 in
1288 1286 1365 1308 domo
1381 1285 1519 1308 claustrali
1534 1285 1651 1308 Pal-isius
1668 1285 1789 1316 magistri
1804 1286 1893 1310 Eueni
1906 1286 1986 1309 Bohic
2001 1294 2091 1309 coram

221 1330 328 1353 domino
344 1330 431 1353 Yvone
455 1329 603 1352 Maresealli
626 1329 727 1352 notario
749 1329 857 1360 publico
882 1329 1008 1360 magister
1028 1329 1169 1353 Ilenricus
1186 1329 1265 1352 Bohic
1283 1330 1341 1359 (sic)
1362 1329 1436 1358 dixit,
1453 1330 1522 1361 quod
1542 1338 1594 1352 non
1615 1330 1723 1360 gerebat
1745 1338 1772 1353 se
1847 1338 1895 1361 pro
1915 1330 2010 1353 herede
2027 1330 2090 1353 dicti

222 1374 350 1405 defuncti
363 1374 485 1405 magistri
500 1374 597 1402 Eueni,
611 1382 657 1397 nec
672 1373 856 1405 susci[pi]ebat
871 1373 897 1396 in
914 1382 940 1396 se
954 1374 1009 1404 ejus
1025 1373 1199 1404 executiones,
1216 1382 1262 1396 nec
1278 1374 1450 1397 renunciabat
1464 1374 1619 1403 executioni,
1635 1374 1681 1397 sed
1697 1375 1766 1405 quod
1782 1374 1847 1397 illud
1861 1375 1930 1405 quod
1944 1375 2006 1397 facit
2021 1374 2091 1397 circa

222 1418 407 1447 executionem,
426 1418 488 1442 sacit
500 1422 626 1450 tanquam
638 1418 831 1449 propinquior
845 1419 972 1442 carnalis
988 1418 1117 1448 defuncti
1134 1426 1156 1441 )).
1171 1419 1274 1441 Evenus
1291 1419 1372 1441 Bohic
1387 1419 1513 1442 Novemb.
1530 1419 1638 1442 12-N0v.
1655 1420 1684 1442 29
1700 1427 1741 1442 an.
1762 1419 1818 1442 1351
1837 1419 1911 1446 obiit,
1927 1419 1960 1442 ad
1975 1420 2040 1442 Nov.
2060 1419 2090 1442 12

221 1463 338 1494 ejusdem
362 1466 391 1486 ut
412 1462 531 1485 canonici
551 1462 643 1485 ultimo
661 1462 687 1485 in
706 1463 753 1485 LL.
771 1463 825 1491 105,
841 1471 866 1493 p.
886 1463 940 1487 544.
958 1462 1054 1485 mentio
1074 1463 1111 1485 fit.
1131 1476 1161 1479 —
1179 1463 1201 1485 3.
1227 1463 1262 1485 Dc
1281 1462 1339 1493 ipso
1359 1462 1413 1485 vid.
1436 1471 1517 1493 supra
1539 1463 1653 1486 n01397.
1670 1477 1701 1480 —
1721 1464 1746 1486 4.
1766 1464 1816 1486 Seu
1835 1472 1846 1486 <‹
1867 1463 1966 1494 Pagani
1987 1471 2009 1487 )).
2033 1463 2088 1486 Vid.

223 1507 362 1532 Chartul..
378 1508 410 1530 II.
426 1520 457 1524 —
474 1509 496 1530 5.
513 1507 561 1530 ΜΒ.
575 1515 715 1538 perperam
732 1514 737 1529 ⁴.
754 1515 764 1530 (ι
780 1507 864 1529 Jehan
880 1515 902 1530 )).
919 1506 1079 1538 Intelligitur
1096 1507 1189 1530 Petrus
1206 1506 1237 1529 de
1253 1506 1399 1537 Agnevilla.
1416 1507 1474 1530 Vid.
1493 1515 1575 1538 supra
1590 1515 1617 1538 p.
1633 1508 1688 1536 345,
1704 1510 1758 1530 not.
1772 1508 1794 1530 2.
1805 1521 1836 1524 —
1850 1509 1873 1530 6.
1890 1508 1910 1531 Ι.
1926 1516 1947 1530 e.
1967 1506 2088 1535 Bidaudi,

221 1552 252 1575 de
267 1560 318 1583 quo
334 1560 415 1582 supra
430 1560 456 1582 p.
473 1552 519 1574 409
534 1554 560 1574 et
571 1552 626 1578 411.
644 1554 696 1574 not.
712 1552 750 1574 20.
761 1564 792 1568 —
805 1552 826 1574 7.
844 1551 915 1574 Alias
932 1551 1010 1574 etiam
1030 1560 1041 1573 t(
1060 1551 1169 1574 Costioti
1182 1559 1206 1574 )).
1222 1564 1249 1568 --
1267 1552 1289 1574 8.
1307 1551 1368 1574 Cod.
1384 1551 1413 1580 X,
1432 1552 1469 1574 52.
1486 1565 1517 1568 —
1531 1552 1554 1575 9.
1571 1551 1629 1575 Vid.
1648 1551 1921 1582 Ducange-llenschel,
1938 1560 1962 1575 v.
1979 1553 2089 1576 Banca.

221 1610 249 1614 —
265 1597 303 1620 10.
319 1604 329 1619 ι
347 1596 453 1619 Dilectis
473 1595 536 1619 filiis
554 1595 706 1619 doctoribus
724 1599 749 1618 et
768 1595 915 1618 scolaribus
930 1605 943 1616 ι)
1002 1595 1060 1618 Vid.
1076 1596 1181 1624 chart„
1198 1596 1218 1624 1,
1233 1600 1262 1618 n0
1278 1596 1322 1618 104
1339 1599 1364 1618 et
1378 1599 1479 1626 postea.
1495 1609 1520 1613 -
1539 1596 1577 1619 1l.
1594 1596 1727 1619 Statutum
1743 1596 1876 1627 antiquius
1896 1599 1944 1626 est,
1962 1605 2021 1619 cum
2033 1597 2088 1627 jam

220 1649 262 1664 an.
278 1641 339 1664 1:355
350 1641 461 1669 dicatur,
477 1640 544 1663 illud
560 1640 585 1663 in
601 1640 723 1663 omnibus
738 1640 907 1663 facultatibus
921 1640 1031 1663 servari.
1046 1640 1103 1663 Vid.
1119 1641 1256 1667 Chartul„
1272 1641 1303 1668 11,
1322 1648 1347 1671 p.
1365 1641 1410 1663 708
1422 1643 1447 1663 et
1463 1648 1544 1671 supra
1554 1645 1584 1663 n⁰
1598 1640 1667 1663 1229.
1678 1654 1707 1658 —
1722 1641 1759 1663 12.
1774 1640 1868 1672 Utique
1882 1649 1932 1664 non
1946 1641 2089 1672 loquuntur

220 1685 251 1709 de
268 1685 401 1708 Hostiensi
417 1685 538 1713 (Henrico
552 1685 583 1708 de
599 1685 718 1716 Segusia)
730 1685 767 1708 eis
783 1684 934 1716 posteriori,
949 1685 994 1707 sed
1010 1685 1079 1716 quod
1097 1684 1212 1715 cognitio
1232 1685 1298 1715 legis
1315 1685 1400 1707 civilis
1417 1688 1456 1708 est
1472 1685 1620 1708 necessaria
1636 1685 1668 1708 ad
1683 1685 1859 1716 cognitionem
1872 1685 1943 1708 Juris
1960 1685 2086 1708 canonici.

219 1743 248 1747 —
270 1730 307 1753 13.
330 1730 422 1753 Petrus
440 1729 542 1753 Amelii.
563 1743 595 1747 —
614 1730 651 1752 14.
674 1730 768 1752 Utrum
790 1729 922 1752 Guarinus
941 1729 1060 1760 d'Arcey,
1078 1730 1165 1760 legum
1186 1729 1285 1757 doctor,
1306 1737 1347 1752 an.
1372 1730 1441 1758 1376,
1465 1730 1530 1760 Aug.
1552 1730 1590 1758 10,
1609 1730 1756 1755 defunctus,
1778 1738 1810 1752 an
1832 1738 1893 1753 vero
1909 1730 1984 1758 Eblo,
2006 1730 2088 1761 episc.

220 1774 325 1798 Curnot.
340 1782 355 1797 a
371 1774 504 1805 Septemb.
528 1774 566 1802 10,
582 1773 690 1796 definire
706 1782 757 1796 non
773 1782 925 1804 possumus.
945 1774 995 1796 Sed
1017 1775 1129 1796 sortasse
1142 1773 1275 1796 Johannes
1296 1773 1384 1802 Fabri,
1400 1774 1445 1805 qui
1468 1776 1530 1796 tunc
1546 1777 1602 1797 erat
1624 1774 1715 1797 doctor
1738 1774 1902 1797 decretorum
1922 1774 2039 1804 Parisiis,
2055 1774 2088 1797 ab

221 1826 263 1842 an.
279 1819 339 1841 1380
357 1818 438 1849 episc.
462 1819 615 1841 Gai-notens.
636 1818 693 1841 Vid.
710 1818 779 1841 infra
795 1819 836 1842 De
851 1818 1016 1842 schismate.
1035 1831 1065 1835 —
1080 1818 1120 1841 15.
1136 1818 1223 1849 Supra
1239 1822 1267 1840 n⁰
1282 1818 1351 1841 1304.
1366 1831 1395 1835 —
1414 1818 1451 1841 16.
1467 1818 1582 1841 Jacobus
1603 1818 1706 1841 Divitis.
1725 1832 1755 1836 —
1774 1819 1812 1841 17.
1829 1819 1849 1842 Ι.
1867 1827 1889 1842 e.
1907 1827 1918 1841 t(
1934 1819 2041 1842 deest».
2058 1832 2089 1836 -

220 1863 257 1886 18.
283 1863 303 1886 l.
324 1871 346 1886 e.
364 1863 512 1894 Stephanus
528 1862 669 1894 episcopus
686 1862 779 1890 Paris„
797 1863 827 1885 de
844 1871 894 1893 quo
915 1871 1006 1893 supra.
1029 1876 1056 1880 —-
1075 1863 1113 1885 19.
1136 1863 1171 1885 De
1189 1871 1239 1893 quo
1261 1871 1342 1893 supra
1358 1867 1386 1885 n⁰
1401 1862 1471 1888 1393,
1491 1862 1535 1885 ubi
1551 1863 1686 1886 Evrardus
1703 1872 1714 1886 (t
1735 1863 1902 1894 Tremaugon
1919 1871 1940 1886 )).
1956 1877 1987 1881 ——
2002 1864 2040 1886 90.
2059 1864 2087 1886 In

220 1907 340 1938 margine
359 1915 363 1930 :
383 1917 396 1928 α
410 1909 510 1930 Arrest.
525 1907 639 1931 GRANGB
656 1917 678 1930 ».
695 1908 788 1930 Postea
804 1907 859 1933 (sol.
881 1908 993 1937 239-240)
1013 1908 1138 1938 refertur,
1155 1907 1283 1930 Amelium
1302 1907 1333 1930 de
1353 1907 1441 1930 Brolio
1461 1907 1612 1938 appellasse
1632 1910 1722 1930 contra
1744 1908 1895 1930 facultatem
1913 1908 2087 1937 decretorum,

219 1959 285 1983 quae
301 1951 459 1982 opponebat,
476 1951 569 1974 Amelii
586 1952 792 1982 appellationem
807 1955 832 1974 et
851 1952 972 1982 querelas
990 1951 1056 1974 nihil
1072 1952 1168 1974 valere.
1187 1951 1267 1979 Quas,
1287 1960 1345 1974 cum
1363 1951 1429 1974 nihil
1450 1952 1483 1974 ad
1500 1951 1704 1975 Universitatem
1725 1952 1859 1983 pertinens
1878 1952 1996 1980 afferant,
2012 1952 2089 1975 omit-

220 1996 309 2019 timus.
335 1996 369 2019 Ut
388 2004 419 2019 cx
433 1996 510 2019 Arch.
532 1999 583 2019 nat.
603 1997 649 2018 ΧΗ)
669 1997 697 2018 37
719 1996 832 2026 (Juye's),
855 1996 900 2019 tol.
923 1996 1043 2024 82¹³-83b,
1063 1996 1214 2023 ediscimus,
1240 2004 1287 2026 per
1311 1999 1442 2019 arrestum
1467 2004 1509 2019 an.
1529 1996 1598 2024 1388,
1615 1996 1740 2019 Novemb.
1757 1997 1795 2024 28,
1815 1996 2017 2027 pronunciatum
2038 2000 2085 2025 est,

221 2040 350 2064 Amelium
364 2041 395 2063 de
409 2040 497 2063 Brolio
512 2041 579 2063 male
595 2040 758 2071 appellasse;
775 2040 848 2063 curia
865 2048 923 2063 eum
939 2040 971 2062 ad
987 2048 1115 2071 expensas
1131 2040 1326 2063 condemnavit.

223 2221 364 2259 1532.
390 2230 557 2255 Matthaeus
574 2229 700 2255 Doliarii
711 2229 823 2265 publici
832 2229 909 2264 juris
932 2230 1006 2263 facit
1030 2228 1191 2265 epistolam,
1210 2238 1267 2264 (μια
1293 2229 1467 2255 Universitas
1482 2229 1577 2255 Paris.
1597 2230 1624 2255 ei
1643 2229 1767 2264 injungit
1789 2233 1819 2254 ut
1839 2238 1912 2263 mag.
1930 2229 2086 2255 Johannem

308 2279 469 2305 Blanchart
484 2287 579 2304 coram
600 2278 789 2304 Universilale
803 2277 997 2314 personaliter
1012 2278 1087 2303 citet.

1380 2314 1454 2343 1386,
1470 2313 1617 2339 Decembris
1632 2315 1668 2343 16,
1684 2314 1799 2340 Parisiis.

307 2384 589 2419 Venerabilibus
609 2397 648 2417 ac
669 2384 943 2429 circumspectis
967 2384 1054 2416 viris
1077 2383 1233 2416 dominis
1255 2396 1293 2416 ac
1316 2384 1498 2428 magistris
1525 2384 1616 2416 meis
1638 2384 1770 2417 rectori
1799 2391 1833 2417 et
1857 2385 2084 2417 universitati

220 2452 474 2497 magistrorum
504 2459 539 2484 et
563 2451 757 2485 scolarium
784 2451 944 2483 Parisius
973 2451 1195 2483 studentium
1226 2450 1374 2483 humilis
1402 2450 1571 2484 subditus
1598 2457 1632 2483 et
1656 2452 1798 2495 juratus
1823 2451 1891 2492 vir,
1919 2451 2085 2484 Matheus

220 2519 402 2559 Doliarii¹,
426 2518 513 2551 alias
538 2519 581 2551 de
597 2518 860 2563 Versignyaco,
884 2518 1117 2550 Lauduncns.
1143 2517 1252 2558 dioc,
1275 2517 1523 2550 obedienciam
1546 2530 1625 2550 cum
1651 2518 1748 2550 omni
1770 2517 1909 2550 honore
1927 2525 1961 2550 et
1982 2530 2083 2551 reve-

220 2586 352 2618 rencia.
375 2585 556 2618 Noveritis
579 2597 633 2617 me
651 2591 789 2618 vestras
812 2596 917 2617 sanas
939 2591 973 2617 et
994 2585 1154 2629 integras
1176 2596 1255 2616 cum
1279 2596 1346 2628 qua
1364 2584 1485 2616 decuit
1506 2584 1726 2625 reverencia,
1745 2584 1941 2629 sigilloque
1962 2591 2082 2617 vestro

219 2652 396 2697 sigillatas
414 2659 520 2696 prout
538 2652 649 2696 prima
666 2651 755 2684 facie
772 2651 977 2696 apparebat,
998 2651 1181 2695 recepisse
1199 2650 1335 2691 literas,
1350 2662 1499 2695 quarum
1519 2657 1623 2683 tenor
1635 2651 1801 2695 sequitur
1817 2651 1853 2683 in
1868 2651 1933 2683 hec
1950 2651 2078 2684 verba:

308 2733 323 2749 «
347 2719 496 2751 Rector²
524 2725 558 2751 ct
583 2718 802 2751 universitas
831 2718 1087 2763 magistrorum
1115 2724 1149 2749 et
1177 2717 1384 2757 scolarium,
1408 2717 1568 2749 Parisius
1591 2718 1833 2758 studencium,
1858 2717 2026 2750 omuibus
2048 2724 2081 2750 et

218 2786 375 2831 singulis
396 2785 593 2830 magistris,
615 2784 771 2817 bedellis
792 2797 831 2817 ac
856 2784 936 2817 aliis
958 2785 1089 2828 juratis
1116 2784 1264 2824 nostris,
1290 2783 1439 2816 salutem
1460 2784 1497 2816 in
1523 2784 1677 2816 Domino
1699 2784 1965 2828 sempiternam.
1989 2784 2078 2817 Cum

217 2865 284 2885 nos
306 2852 413 2885 officii
435 2852 559 2884 incitet
581 2851 755 2891 debitum,
774 2852 929 2884 instante
952 2858 1159 2896 promotore
1184 2862 1246 2883 scu
1271 2857 1503 2895 procuratore
1525 2857 1649 2883 nostro
1672 2850 1846 2895 generali,
1871 2850 2078 2894 hujusmodi
