2488 3386
451 312 492 344 20
1026 314 1342 339 CHARTULARIUM
1376 312 1566 335 Uvassns.
1603 311 1731 333 mnis.
2211 296 2310 332 [1353

539 395 582 426 Et
611 393 707 438 quod
735 398 889 425 transeat
921 391 999 423 sine
1026 389 1093 422 alia
1119 389 1288 421 lectione.
1314 407 1357 411 —-
1382 386 1468 418 Fiat.
1492 386 1535 418 G.
1562 405 1604 408 —
1630 385 1707 416 Dat.
1736 382 1830 427 apud
1851 381 2113 415 Villamnovam
2138 381 2307 414 Avinion.

449 461 542 493 dioc.
564 460 615 504 iiij
638 458 706 491 kal.
728 458 838 498 Junii,
860 469 953 489 anno
975 456 1103 501 primo.

542 557 605 586 Reg.
620 556 677 578 Vat.
701 554 818 586 Supplic.
842 552 984 576 innocentii
1009 553 1051 579 Vl,
1071 560 1113 574 an.
1135 551 1156 578 1,
1173 559 1198 581 p.
1214 550 1236 579 1,
1254 550 1297 573 sol.
1313 550 1367 572 175.
1383 561 1413 566 -
1428 547 1532 578 Ubique
1543 545 1649 569 additur
1665 553 1669 568 :
1687 545 1753 568 Fiat.
1771 545 1801 569 G.
1817 558 1847 562 -
1871 545 1955 568 Paene
1977 544 2064 567 omnia
2079 544 2185 567 nomina
2206 544 2262 575 jam
2282 543 2308 567 in

451 602 588 629 chartul„
604 600 636 623 11.

541 685 563 707 1.
580 684 598 707 Ῑ,
613 691 635 706 e.
651 681 904 705 vallisscholarium.

452 789 592 826 1215.
615 797 784 823 Mandatum
812 796 959 828 Iohannis,
986 796 1060 829 regis
1086 796 1266 826 Francorum,
1293 801 1347 827 quo
1366 790 1612 827 pharmacopolae
1631 790 1811 816 Parisiorum
1831 790 2088 825 suburbiorumque
2109 789 2152 815 bis
2173 790 2201 815 in
2221 798 2306 824 anno,

535 846 645 872 scilicet
668 847 744 871 circa
770 845 884 870 Pascha
911 848 938 870 et
957 846 1062 878 festum
1090 843 1217 868 Omnium
1243 843 1418 874 Sanctorum,
1449 839 1584 865 visitandi
1614 842 1695 864 eruut
1715 848 1734 864 a
1756 839 1894 873 magistro
1919 838 2015 864 dictae
2033 838 2224 874 professionis
2245 847 2307 864 cum

533 895 643 921 duobus
666 895 811 928 magistris
837 894 865 919 in
887 892 1044 926 medicina;
1069 895 1096 917 et
1116 892 1142 917 si
1166 890 1362 916 ordinationes
1385 889 1482 923 regias
1512 888 1685 922 violaverint,
1713 887 1959 923 pharmacopolae
1980 895 1998 912 a
2020 887 2188 923 praeposito
2210 887 2305 913 Paris.

532 943 694 979 punientur.
713 953 724 967 «
742 942 838 968 Savoir
854 941 957 967 saisons
971 940 987 967 a
1006 942 1083 967 touz.
1102 950 1115 964 »
1136 937 1239 965 Donne
1260 937 1275 964 a
1298 938 1383 966 Paris.
1404 938 1462 963 l'an
1484 937 1519 963 de
1540 944 1624 970 grace
1645 936 1698 962 mil
1717 936 1786 962 trois
1807 944 1874 962 cens
1890 936 2050 969 cinquante
2066 935 2144 966 trois,
2165 943 2205 962 ou
2225 943 2309 970 moys

533 993 662 1018 d'Aoust.

1590 1021 1664 1050 1353,
1679 1028 1768 1047 mense
1782 1020 1894 1053 Augusti,
1908 1020 2021 1046 Parisiis.
2049 1024 2052 1027 ⁴

538 1101 614 1124 Arch.
631 1103 684 1123 nat.
700 1100 783 1123 Puris.
800 1100 819 1122 Χ
830 1100 937 1127 ιιὶ-8602,
954 1099 998 1121 fol.
1014 1098 1070 1121 401».
1090 1112 1119 1115 -
1136 1098 1278 1124 Fontanon,
1301 1097 1352 1121 Les
1367 1096 1436 1120 e'dits
1456 1099 1482 1120 et
1501 1096 1698 1120 ordonnances
1718 1096 1765 1119 des
1783 1094 1842 1120 τοῖς
1856 1096 1889 1118 de
1903 1095 2021 1124 France,
2040 1095 2074 1118 1v
2093 1095 2155 1124 (vol.
2170 1094 2226 1124 111),
2242 1095 2304 1122 411&

446 1146 569 1169 Ordonn.
584 1146 630 1169 cles
645 1144 701 1168 rois
720 1146 752 1168 de
765 1144 881 1171 France,
899 1144 932 1171 II,
948 1151 976 1174 p.
993 1143 1051 1171 532;
1069 1143 1132 1166 Rec.
1150 1142 1215 1172 ye'n.
1231 1142 1277 1165 des
1291 1147 1355 1164 anc.
1375 1140 1427 1164 lois
1444 1141 1538 1170 franc.
1555 1147 1604 1171 par
1619 1139 1747 1169 Jourdnn,
1765 1139 1889 1171 Decrusy,
1904 1140 2042 1167 humbert,
2058 1139 2099 1168 lv,
2116 1139 2175 1166 67o;
2195 1138 2228 1162 de
2243 1138 2308 1163 Les-

443 1189 557 1220 pinasso,
581 1189 632 1212 Les
649 1189 757 1212 me'tiers
774 1192 797 1211 et
818 1187 1014 1217 corporations
1035 1187 1068 1210 de
1088 1186 1116 1209 la
1131 1186 1196 1210 ville
1215 1186 1248 1209 de
1272 1185 1364 1214 Paris,
1384 1185 1404 1213 Ι,
1425 1193 1451 1215 p.
1473 1185 1527 1207 504.
1547 1197 1574 1201 —
1588 1184 1737 1207 Notandum
1754 1186 1793 1207 est
1813 1183 1855 1206 hic
1877 1191 1965 1214 regem
1986 1183 2114 1214 quasdam
2129 1182 2307 1207 ordinationes

442 1236 557 1256 vetustas
574 1234 623 1255 fac.
639 1232 706 1255 med.
723 1231 805 1254 Paris.
820 1231 974 1254 confirmare
987 1230 1050 1259 (vid.
1066 1233 1085 1253 t.
1102 1230 1124 1253 11
1139 1230 1277 1257 Chartul„
1293 1237 1319 1260 p.
1336 1229 1400 1258 268).

448 1388 586 1424 1216.
610 1392 789 1422 Innocentius
810 1397 847 1423 VI
858 1396 994 1431 (Iohanni
1007 1395 1042 1422 de
1058 1396 1176 1429 Aciaco)
1192 1395 1368 1421 cancellario
1383 1394 1555 1427 Parisiensi,
1568 1393 1733 1429 petentibus
1753 1393 1892 1419 Ludovico
1913 1402 1978 1428 rege
1998 1394 2168 1428 Hungariae
2187 1394 2305 1429 ejusque

531 1449 621 1471 matre
633 1445 783 1470 Elizabeth
799 1448 826 1470 et
839 1447 967 1470 consorte
980 1443 1131 1469 Elizabeth
1147 1444 1275 1479 (propter
1295 1442 1373 1478 quod
1387 1452 1503 1477 regnum
1521 1443 1613 1478 ipsum
1629 1442 1695 1468 viris
1713 1441 1851 1468 litteratis
1867 1446 1894 1468 el
1913 1442 1941 1468 in
1956 1451 2043 1468 sacra
2057 1442 2168 1478 pagina
2184 1441 2306 1469 eruditio

528 1493 681 1529 plurimum
695 1493 822 1519 noscitur
836 1492 972 1526 indigere,
988 1492 1160 1528 praesertim
1181 1500 1243 1516 cum
1263 1492 1292 1517 in
1314 1491 1375 1527 ipso
1396 1500 1481 1525 regno
1497 1490 1593 1516 nullus
1615 1490 1655 1516 ad
1671 1499 1812 1527 praesens
1832 1491 1861 1516 in
1877 1490 2021 1525 theologia
2037 1491 2174 1525 magister
2189 1494 2306 1517 maneat

530 1542 587 1567 nisi
602 1541 763 1577 Stephanus
783 1542 932 1576 episcopus
948 1540 1103 1566 Nitriensis
1114 1540 1131 1575 ⁸,
1149 1540 1199 1575 qui
1217 1541 1303 1566 etiam
1322 1539 1392 1565 aliis
1406 1541 1572 1575 frequenter
1591 1543 1747 1575 occupatus
1763 1539 1888 1574 negociis
1908 1548 1963 1565 non
1978 1539 2103 1574 sufficit),
2122 1543 2153 1565 ut
2166 1539 2304 1566 Nicolaus

531 1590 672 1624 Niclzolai,
693 1589 759 1615 Ord.
777 1590 892 1615 Eremit.
913 1591 939 1615 S.
956 1589 1118 1623 Augustini,
1137 1588 1172 1614 de
1187 1597 1271 1622 regno
1287 1588 1458 1622 [Iungariae
1473 1587 1620 1622 oriundus,
1638 1587 1727 1614 lector
1745 1588 1774 1613 in
1789 1588 1951 1614 Parisiensi
1966 1591 1993 1614 et
2007 1587 2095 1614 etiam
2110 1587 2180 1614 aliis
2198 1587 2305 1614 studiis

530 1634 713 1668 exercitatus,
731 1634 756 1659 si
776 1633 895 1659 idoneus
910 1637 1039 1668 repertus
1059 1633 1156 1667 fuerit,
1175 1632 1305 1658 omnibus
1319 1632 1478 1668 privilegiis
1497 1632 1627 1667 gaudeat
1648 1632 1751 1667 quibus
1770 1632 1825 1658 alii
1844 1632 2011 1658 baccalarei
2031 1632 2222 1659 Parisienses.
2236 1633 2302 1659 Dat.

530 1683 671 1709 Avinione
685 1683 703 1716 ij
717 1683 772 1708 kal.
790 1682 966 1712 Novembris,
982 1689 1061 1707 anno
1074 1682 1180 1715 primo.
1199 1692 1211 1705 «
1229 1681 1308 1707 Sicut
1322 1681 1448 1708 debetur
1463 1691 1488 1706 n.

1612 1717 1686 1746 1353,
1704 1716 1820 1742 Octobris
1834 1717 1874 1746 31,
1889 1716 2019 1743 Παπίου.

535 1793 597 1823 Reg.
612 1792 669 1815 vat.
686 1792 764 1814 Aven.
780 1792 866 1814 Innoc.
882 1792 923 1820 Vt.
939 1800 981 1814 an.
1000 1792 1019 1820 l,
1038 1792 1088 1814 vol.
1105 1792 1132 1821 V,
1150 1791 1195 1814 sol.
1211 1791 1254 1814 177
1262 1795 1281 1814 ¹².
1295 1804 1325 1808 ——
1340 1792 1368 1814 In
1382 1791 1445 1822 Reg.
1463 1791 1580 1822 Supplic.
1598 1791 1699 1815 Urbani
1711 1791 1741 1821 V,
1757 1794 1820 1814 tom.
1834 1790 1913 1820 unic.y
1930 1799 1974 1815 an.
1986 1792 2009 1820 4,
2024 1791 2136 1820 fol.195,
2154 1791 2303 1823 Stephanus

441 1836 580 1868 episcopus
605 1835 749 1864 Nitriensis,
774 1835 865 1858 unicus
889 1843 958 1866 mag.
978 1835 1059 1859 theol.
1080 1835 1105 1858 in
1126 1835 1270 1866 Hunguria,
1289 1835 1423 1866 supplicat
1446 1838 1475 1858 ut
1498 1836 1590 1859 Petrus
1613 1836 1644 1859 de
1666 1836 1785 1867 Verebel,
1806 1835 1869 1859 Ord.
1890 1835 1997 1859 Eremit.
2015 1836 2042 1859 S.
2058 1835 2206 1866 Augustini,
2221 1836 2304 1860 lector

441 1880 534 1909 Paris„
560 1880 710 1911 capellanus
733 1880 857 1903 Ludovici
878 1879 948 1910 regis
969 1879 1120 1911 Hungariae
1142 1879 1328 1911 Elizabethque
1348 1879 1463 1911 reginae,
1479 1880 1512 1903 ud
1527 1880 1710 1911 magisterium
1726 1879 1752 1903 in
1767 1879 1901 1911 theologia
1913 1883 2109 1911 promoventur.
2125 1880 2201 1908 Quod
2215 1879 2304 1904 Urba-

441 1933 490 1948 nus
505 1925 525 1947 V
540 1924 668 1947 concessit
683 1932 724 1947 an.
743 1925 810 1952 1366,
829 1924 890 1948 .Ιιιῃ.
905 1924 942 1953 12,
960 1924 1014 1946 fieri
1035 1924 1172 1951 Avenione,
1190 1924 1212 1946 si
1232 1932 1279 1954 per
1296 1924 1514 1947 examinationem
1531 1924 1678 1955 Raymundi
1694 1924 1813 1955 episcopi
1833 1924 2020 1955 Forojuliensis
2036 1927 2062 1948 et
2079 1924 2193 1948 aliorum
2210 1924 2304 1948 saltem

442 1971 554 2000 quatuor
568 1968 755 1999 magistrorum
771 1968 797 1990 in
813 1967 917 1991 civitate
932 1968 1103 1991 Avenionensi
1119 1968 1286 1991 existentium
1302 1968 1431 1991 sufficiens
1445 1971 1565 1999 repertus
1581 1968 1660 1991 fuerit
1675 1969 1748 1999 (Reg.
1761 1968 1840 1991 Aven.
1857 1968 1959 1992 Urbani
1971 1969 2000 1997 V,
2014 1968 2067 1992 vol.
2083 1969 2148 1999 XIV,
2166 1969 2210 1992 fol.
2221 1968 2302 1999 22312),

536 2049 557 2071 1.
574 2045 632 2071 Vidi
647 2048 677 2070 ‹le
692 2047 738 2070 illo
755 2047 883 2071 Chartul.
907 2047 1040 2075 Univers.‚
1058 2048 1088 2075 11,
1102 2052 1131 2070 n⁰
1147 2047 1214 2071 1114.

448 2201 587 2237 1217.
612 2209 791 2234 Innocentius
820 2210 857 2235 VI
874 2208 1050 2234 Guillelmum
1071 2209 1106 2234 de
1129 2209 1265 2243 Exclusa,
1291 2209 1434 2244 quondam
1454 2218 1473 2235 a
1495 2210 1636 2236 consortio
1658 2210 1813 2244 facultatis
1837 2211 1943 2236 artium
1959 2211 2112 2246 privatum,
2133 2210 2174 2236 ad
2191 2212 2302 2245 famam

529 2258 682 2294 pristinam
695 2257 828 2283 restituit.

1685 2295 1760 2325 1354.
1775 2295 1837 2321 uait·
1847 2296 1872 2325 2,
1888 2295 2018 2321 Λνοηίοηο.

533 2367 670 2400 Dilecto
692 2366 765 2399 filio
787 2367 983 2400 Guillelmo
1004 2367 1048 2399 de
1070 2367 1235 2408 Exclusa,
1257 2368 1344 2400 alias
1366 2368 1461 2400 dicto
1483 2368 1527 2400 de
1549 2368 1681 2410 Planis,
1704 2369 1740 2401 in
1762 2381 1862 2402 sacra
1890 2369 2071 2414 theologia
2100 2376 2135 2402 et
2163 2368 2301 2402 artibus

443 2433 628 2478 magistro,
651 2433 814 2474 salutenn
835 2438 898 2466 etc.
924 2433 1136 2465 Litterarum
1158 2434 1320 2474 scientia,
1342 2439 1405 2467 etc.
1438 2434 1529 2467 Sane
1560 2447 1624 2479 pro
1655 2442 1754 2479 parte
1782 2442 1840 2468 tua
1868 2435 1974 2468 nobis
2002 2435 2159 2468 exhibita
2186 2435 2302 2468 conti-

444 2498 550 2531 nebat
576 2498 672 2543 quod
703 2505 738 2531 tu
764 2498 848 2530 olim
870 2499 907 2530 in
928 2499 1047 2531 studio
1069 2499 1263 2531 Parisiensi
1294 2499 1329 2531 in
1350 2500 1516 2533 facultate
1537 2501 1664 2533 artium
1686 2501 1872 2534 licenciam
1895 2508 1931 2534 et
1950 2502 2199 2546 magisterium
2220 2513 2302 2535 suc-

443 2565 583 2598 cessive
604 2564 795 2609 recipiens⁷
819 2571 913 2597 certa
934 2571 1016 2597 tunc
1039 2571 1167 2597 statuta
1188 2565 1365 2598 facultatis
1386 2566 1563 2610 ejusdem,
1581 2573 1758 2611 quatenus
1779 2574 1904 2601 essent
1919 2567 2029 2609 licita,
2046 2568 2089 2601 ad
2107 2579 2302 2613 quemcun-

444 2643 512 2675 que
533 2637 661 2663 statum
684 2630 874 2663 devenires
896 2630 1144 2675 imposterum,
1167 2637 1205 2663 ut
1232 2632 1342 2663 moris
1362 2639 1449 2669 erat„
1472 2644 1616 2665 servare
1640 2634 1784 2677 jurasti,
1807 2633 1940 2678 quibus
1965 2633 2206 2679 proculdubio
2227 2645 2300 2667 non

443 2696 562 2729 credis
590 2708 654 2728 nec
684 2696 816 2728 recolis
846 2702 879 2728 tc
911 2696 1137 2740 postmodum
1170 2696 1355 2737 ol>viasse3
1388 2704 1421 2730 et
1452 2698 1549 2742 quod
1575 2698 1707 2731 deinde
1732 2699 1862 2732 collato
1892 2699 1957 2733 tibi
1987 2700 2023 2736 in
2049 2711 2148 2733 sacra
2169 2700 2300 2745 pagina

444 2763 673 2807 magistratus
701 2762 852 2803 honore,
874 2768 1022 2806 ortaque
1050 2762 1201 2806 quadam
1231 2763 1324 2794 inter
1346 2762 1528 2807 theologie
1550 2776 1592 2796 ex
1619 2777 1688 2797 una
1716 2772 1815 2809 parte
1837 2773 1872 2798 et
1899 2766 2028 2799 artium
2057 2766 2298 2811 predictarum

444 2829 635 2873 magistros
652 2840 694 2860 ex
710 2828 819 2860 altera
836 2828 1082 2861 controversia
1100 2840 1209 2872 super
1226 2829 1490 2873 prepositione¹
1515 2831 1666 2863 rectoris
1687 2831 1942 2865 Universitatis
1963 2832 2048 2865 dicti
2070 2832 2180 2865 studii
2201 2831 2299 2865 Pari-
