2488 3386
180 363 276 400 1385]
595 377 642 398 AB
676 377 782 399 Anno
816 377 947 399 mcch
982 377 1112 405 usone
1148 378 1195 399 An
1231 378 1496 400 BENEDICTUM
1530 380 1619 402 x111.
1974 372 2038 404 355

179 449 303 491 Belna,
327 462 399 482 non
426 449 573 483 erubuit
597 450 762 483 confiteri
785 462 823 483 se
844 450 1017 483 habuisse
1042 451 1170 483 dictam
1193 452 1338 484 caudam
1362 452 1435 484 vini
1457 452 1501 484 de
1528 453 1637 485 Belna
1659 453 1695 486 in
1718 455 1903 498 presencia
1929 455 2039 487 totius

178 516 369 557 facultatis,
393 523 428 549 et
448 523 571 561 postea
592 517 629 549 in
651 517 832 562 presentia
854 517 964 549 totius
987 517 1254 550 Universitatis.

268 584 348 617 28⁰⁸.
373 584 459 616 Item
478 590 513 616 et
529 583 626 628 quod
640 584 750 616 frater
766 583 986 617 Guillelmus
998 583 1174 621 Viviani⁵,
1191 584 1277 617 Ord.
1293 585 1447 624 Predic.,
1462 585 1539 618 bac.
1558 586 1594 617 in
1611 585 1735 626 theol.,
1751 586 1887 619 habens
1904 587 2041 620 litteras

179 649 410 694 apostolicas,
440 650 662 694 presentavit
688 649 832 682 easdem
866 650 960 682 dicto
992 649 1225 689 cancellario3
1254 651 1315 694 qui
1345 651 1463 684 dictus
1494 651 1731 685 cancellarius
1761 653 1877 685 noluit
1906 654 2038 686 (lictum

179 716 324 748 fratrem
348 716 535 748 admittere
557 715 600 748 ad
621 715 808 757 lecturam,
831 716 895 748 sed
923 716 1040 761 ipsum
1063 716 1205 749 vexavit
1225 723 1259 749 et
1286 717 1478 750 retardavit
1498 730 1562 762 per
1584 730 1715 750 annum
1737 718 1931 763 integrum.
1951 721 2043 752 Tan-

180 783 259 815 dem
284 782 402 815 dictus
422 783 532 815 frater
552 782 771 816 Guillelmus
792 782 935 816 Viviani
963 782 1118 815 consilio
1150 783 1408 816 nonnullorum
1437 784 1632 816 amicorum
1660 796 1807 817 suorum
1831 785 1900 817 sibi
1922 786 2044 818 dicen-

181 849 282 890 tium,
305 849 402 894 quod
424 855 643 882 mercatores
665 849 848 894 proiciunt
876 849 912 881 in
944 861 1040 882 mare
1068 861 1152 882 suas
1178 862 1331 891 merces,
1354 851 1405 883 sic
1431 851 1474 883 ad
1503 851 1753 883 redimendum
1776 852 1990 884 vexaciones
2012 859 2044 885 et

180 915 437 960 impedimenta
458 915 668 960 hujusmodi
689 915 826 960 aliquid
847 916 1029 960 proiceret
1049 916 1263 949 cancellario
1284 928 1290 949 :
1314 923 1349 949 et
1376 917 1411 949 in
1440 917 1628 961 presencia
1649 917 1765 962 ipsius
1786 917 1990 950 cancellarii
2013 925 2046 950 et

181 982 218 1015 in
235 982 342 1015 domo
364 982 481 1027 ipsius
498 982 635 1015 dimisit
651 982 774 1015 decem
793 982 937 1015 francos
959 995 1069 1027 super
1086 983 1262 1027 quandam
1286 982 1464 1022 tabletam,
1483 984 1563 1028 ipso
1581 983 1796 1016 cancellario
1818 984 1885 1017 hoc
1902 985 2046 1018 vidente

182 1056 217 1082 et
237 1061 309 1082 non
331 1049 616 1090 contradicente,
634 1056 668 1082 et
689 1048 948 1082 nichilominus
971 1049 1068 1082 misit
1089 1049 1207 1082 eidem
1224 1050 1439 1082 cancellario
1455 1051 1488 1095 vj
1507 1062 1664 1095 capones
1685 1050 1802 1083 bonos
1823 1057 1857 1083 et
1878 1051 2046 1096 pingues,

182 1116 244 1160 qui
269 1115 405 1160 recepti
431 1116 591 1157 suerunt,
621 1122 776 1160 postque
805 1116 923 1148 dictus
949 1116 1059 1149 frater
1086 1116 1306 1149 Guillelmus
1331 1117 1520 1161 expeditus
1546 1117 1625 1157 suit,
1652 1117 1739 1149 alias
1761 1117 1950 1162 expeditus
1977 1130 2049 1150 non

182 1182 323 1216 suisset.

270 1250 350 1282 29³¹.
379 1250 467 1282 Item
498 1256 532 1282 et
562 1250 672 1295 quod,
700 1249 785 1282 licet
813 1250 923 1282 frater
951 1249 1135 1283 Johannes
1166 1250 1302 1295 Guayss,
1327 1250 1414 1283 Ord.
1442 1250 1597 1290 Predic.,
1629 1251 1839 1283 auctoritate
1870 1250 2046 1283 bullarum

182 1317 463 1361 apostolicarum
486 1329 549 1361 per
566 1316 762 1362 magistros
781 1316 875 1349 dicte
897 1316 1076 1349 facultatis
1098 1316 1283 1362 theologie
1304 1317 1347 1349 ad
1369 1316 1541 1349 lecturam
1565 1317 1828 1349 Sententiarum
1851 1317 2050 1350 honorifice

182 1384 313 1416 suisset
332 1383 527 1424 admissus,
550 1390 669 1416 tamen
690 1383 733 1416 ad
759 1383 969 1428 hujusmodi
991 1383 1163 1416 lecturam
1187 1395 1250 1428 per
1271 1383 1404 1416 dictum
1427 1383 1679 1416 cancellarium
1704 1390 1869 1428 receptus
1895 1396 1967 1416 non
1987 1385 2053 1417 suit

184 1462 250 1483 nec
271 1449 389 1483 bullas
411 1461 507 1486 suas,
531 1461 620 1494 quas
641 1450 757 1482 eidem
780 1449 996 1482 cancellario
1018 1456 1289 1494 presentaverat
1310 1456 1345 1482 et
1366 1450 1572 1488 tradiderat,
1597 1462 1810 1495 recuperare
1832 1451 1960 1495 potuit,
1983 1463 2051 1495 quc

184 1516 398 1549 dicebantur
425 1517 578 1561 perdite,
602 1528 793 1561 quousque
820 1517 944 1549 decem
973 1517 1115 1549 francos
1144 1516 1366 1551 tradidisset,
1390 1516 1522 1561 quibus
1551 1517 1691 1549 traditis
1719 1517 1811 1549 dicte
1834 1516 1932 1549 hulle
1954 1517 2050 1549 illico

185 1590 326 1628 reperte
348 1583 496 1616 fuerunt
517 1590 551 1616 et
572 1583 641 1616 sibi
663 1583 804 1616 tradite.

273 1651 354 1683 30⁰⁸.
383 1651 470 1682 ltem
489 1656 523 1682 et
540 1650 637 1694 quod
654 1650 763 1683 srater
779 1650 917 1683 Alanus
934 1650 1075 1691 Tardi7,
1094 1662 1187 1695 mag.
1206 1650 1242 1682 in
1261 1649 1384 1690 theol,
1404 1649 1490 1682 Ord.
1509 1650 1551 1682 sr.
1571 1650 1673 1690 Min„
1695 1650 1850 1694 portanti
1872 1650 2051 1694 signetum

186 1728 250 1761 pro
272 1716 416 1749 licentia
439 1716 586 1749 tradidit
614 1717 650 1749 in
672 1717 822 1762 quadam
846 1717 976 1750 burssa
998 1717 1179 1749 sexdecim
1202 1717 1345 1749 francos
1374 1728 1437 1761 pro
1460 1716 1687 1756 cancellario,
1711 1716 1811 1760 ipsos
1839 1716 2054 1748 cancellario

187 1783 384 1828 recipiente
415 1790 450 1816 et
483 1790 596 1816 ratum
626 1783 781 1816 habente
804 1785 851 1827 (et
881 1783 948 1816 hoc
979 1784 1063 1816 fecit
1090 1784 1208 1816 dictus
1235 1784 1345 1816 frater
1374 1783 1524 1823 Alanus,
1554 1795 1596 1815 eo
1625 1783 1722 1827 quod
1753 1783 1937 1815 audiverat
1965 1782 2054 1815 alios

187 1850 427 1882 licentiandos
449 1856 585 1882 tantum
608 1850 803 1883 tradidisse
824 1850 881 1883 vel
903 1851 1021 1894 circa),
1045 1863 1083 1883 ac
1105 1851 1210 1883 etiam
1238 1850 1307 1894 ipsi
1333 1850 1487 1894 portanti
1510 1849 1690 1894 signetum
1717 1861 1779 1894 pro
1801 1861 1839 1882 se
1861 1849 1940 1894 ipso
1963 1849 2054 1882 duos

186 1916 330 1949 francos
352 1916 441 1957 auri,
465 1928 678 1961 quamquam
701 1917 791 1949 fama
814 1917 927 1950 currit
948 1917 1045 1961 quod
1066 1917 1207 1949 dederit
1228 1917 1433 1961 octuaginta
1453 1916 1596 1948 francos
1619 1916 1713 1948 dicto
1735 1915 1962 1948 cancellario.

276 1984 356 2015 31⁰⁸.
385 1984 473 2015 Item
495 1989 530 2015 et
553 1983 651 2027 quod
672 1983 844 2028 magister
865 1983 977 2016 Adam
1001 1983 1123 2028 d’Ay8,
1147 1995 1240 2028 mag.
1265 1983 1301 2015 in
1323 1982 1448 2021 theol.,
1471 1982 1558 2015 Ord.
1582 1983 1623 2014 fr.
1649 1982 1748 2023 Min„
1771 1994 1851 2014 cum
1874 1982 1909 2014 in
1931 1982 2054 2026 penul-

188 2049 442 2093 timojubileo,
461 2056 499 2082 ut
519 2049 770 2082 admitteretur
790 2050 833 2082 ad
852 2050 1046 2091 licentiam,
1069 2050 1110 2082 ad
1135 2050 1268 2082 dictum
1290 2049 1541 2082 cancellarium
1565 2049 1781 2081 accessisset
1802 2055 1836 2081 et
1857 2060 1967 2093 super
1987 2048 2054 2081 hoc

188 2116 303 2148 eidem
337 2116 549 2160 prolocutus
579 2116 721 2157 fuisset,
757 2116 850 2149 idem
883 2116 1121 2149 cancellarius
1150 2116 1250 2149 dedit
1282 2116 1351 2148 sibi
1382 2128 1481 2160 spem
1514 2127 1578 2147 sue
1609 2115 1869 2159 expedicionis,
1900 2115 2054 2147 dicendo

188 2182 304 2215 eidem
324 2182 421 2227 quod
443 2182 473 2214 si
496 2183 684 2227 expediret
704 2195 800 2223 eum,
818 2182 911 2215 bene
933 2183 1081 2215 deberet
1105 2182 1237 2215 habere
1259 2194 1363 2215 suum
1386 2182 1572 2226 capucIum
1594 2182 1781 2222 surratum,
1801 2181 1861 2226 qui
1883 2181 2055 2226 magister

188 2249 389 2294 respondit,
409 2249 506 2293 quod
528 2249 558 2281 si
580 2249 825 2294 expediretur,
844 2249 945 2282 daret
965 2249 1034 2282 sibi
1056 2250 1120 2282 xxti
1136 2249 1296 2294 quinque
1318 2250 1472 2281 francos.
1498 2250 1539 2280 Et
1560 2248 1641 2292 quia
1663 2260 1810 2292 parvum
1828 2254 1915 2286 erat,
1934 2247 2053 2292 repul-

188 2327 266 2348 sum
296 2315 434 2357 habuit,
462 2327 528 2348 nec
555 2316 623 2348 fuit
653 2316 855 2361 expeditus.
880 2316 984 2349 Unde
1018 2316 1247 2361 postmodum
1275 2316 1353 2360 ipse
1384 2314 1621 2347 cancellarius
1652 2314 1741 2347 dixit
1769 2314 1868 2346 sratri
1900 2313 2054 2347 Johanni

189 2382 289 2427 layco
310 2394 489 2415 converso
512 2382 598 2415 dicti
620 2382 770 2416 Ordinis
792 2383 836 2415 de
858 2383 954 2415 dicto
982 2383 1155 2427 magistro
1180 2382 1292 2415 Adam
1320 2393 1326 2414 1
1351 2396 1366 2412 «
1391 2383 1461 2414 Iste
1487 2382 1596 2413 frater
1615 2381 1727 2414 voluit
1755 2381 1840 2413 dare
1867 2381 1931 2413 xxti
1952 2381 2055 2425 quin-

189 2460 259 2493 que
279 2449 440 2489 srancos,
464 2461 549 2482 vere
573 2449 790 2482 transsirent
810 2451 874 2482 xxti
894 2449 1054 2494 quinque
1076 2449 1160 2481 anni
1181 2455 1370 2493 antequam
1393 2454 1491 2480 esset
1516 2447 1688 2492 magister
1713 2461 1742 2480 ».
1775 2449 1818 2480 Et
1847 2448 1998 2492 insuper
2018 2448 2054 2479 in

192 2514 318 2548 ultimo
334 2515 476 2560 jubileo
498 2522 579 2548 ante
599 2516 905 2560 presentationem
930 2516 1063 2561 signeti
1086 2516 1204 2548 dictus
1224 2515 1333 2547 frater
1353 2514 1536 2547 Johannes
1557 2526 1757 2547 conversus
1778 2514 1893 2546 eidem
1915 2514 2055 2546 cancel-

190 2582 279 2615 lario
310 2594 375 2627 pro
404 2582 500 2615 dicto
531 2582 705 2627 magistro
734 2583 845 2615 Adam
878 2583 1025 2615 tradidit
1054 2583 1118 2614 xxti
1147 2583 1302 2622 francos,
1331 2592 1422 2625 quos
1455 2587 1554 2625 grate
1581 2581 1718 2625 recepit
1738 2580 1987 2613 cancellarius.
2013 2582 2052 2612 Et

192 2648 421 2693 postmodum
444 2649 538 2681 idem
562 2649 734 2694 magister
754 2649 867 2682 Adam
891 2649 927 2682 in
949 2649 1225 2694 presentacione
1246 2648 1379 2693 signeti
1399 2647 1483 2680 fecit
1505 2647 1593 2680 tradi
1620 2647 1793 2692 portatori
1815 2647 1900 2679 dicti
1922 2646 2053 2691 signeti

191 2715 257 2748 xxti
277 2715 434 2757 francos,
458 2723 493 2748 et
514 2716 606 2749 duos
627 2717 770 2749 francos
793 2728 857 2761 pro
879 2717 1035 2761 ipsomet
1056 2722 1251 2761 portatore,

280 2783 360 2815 32⁰⁶.
390 2784 477 2815 Item
506 2783 679 2828 magister
697 2782 881 2816 Johannes
901 2783 1014 2817 Ade⁹.
1038 2782 1211 2827 magister
1231 2782 1267 2814 in
1289 2781 1483 2825 theologia,
1514 2781 1600 2813 Ord.
1625 2780 1778 2819 Predic.,
1804 2780 1931 2812 videns
1960 2779 2055 2823 quod

193 2848 229 2880 in
250 2848 387 2881 Ordine
410 2861 476 2881 suo
498 2856 599 2882 erant
620 2856 773 2894 quatuor
794 2849 1004 2882 licentiandi
1032 2850 1068 2881 in
1096 2848 1279 2893 theologia
1299 2854 1571 2887 concurrentes,
1602 2847 1806 2891 procuravit
1833 2845 2055 2890 complacere

195 2914 290 2947 dicto
312 2915 528 2948 cancellario
551 2927 615 2960 per
639 2916 756 2948 omnia
779 2916 896 2949 media
918 2915 1050 2961 quibus
1074 2922 1223 2960 poterat,
1252 2921 1284 2947 et
1315 2914 1431 2946 eidem
1460 2913 1590 2945 multas
1620 2912 1838 2945 curialitates
1865 2912 1959 2944 fecit.
1987 2911 2055 2953 Qui
