2488 3386
168 347 262 383 1381]
586 360 630 381 ΑΒ
665 360 768 381 ΑΝΝΟ
803 360 934 382 mecei,
967 360 1097 387 USQUE
1133 361 1180 381 An
1216 361 1478 382 mmmmm-Um
1515 362 1601 383 Χιιι.
1965 353 2030 385 299

171 463 311 500 1459.
334 474 527 498 linamentum
544 472 607 497 ιιονί
620 472 781 507 praepositi
796 472 900 502 Paris.,
920 471 1045 497 Audoim'
1063 471 1234 499 Clzatweron,
1259 472 1442 496 Utzirersitczli
1458 473 1550 497 Paris.
1567 473 1746 507 praestilum.

1402 554 1473 582 1381.
1489 555 1556 579 dunis
1568 555 1612 583 30,
1628 555 1741 581 Parisiis.

257 634 296 665 ln
334 634 479 666 nomine
517 633 673 668 Domini,
711 645 826 666 amen.
865 633 1054 666 Universis
1090 644 1241 677 presens
1276 633 1555 665 instrumentum
1593 633 1774 677 publicum
1810 635 2029 678 inspecturis

170 707 283 744 pateat
314 700 501 732 evidenter
531 707 565 732 et
600 700 644 732 sit
676 700 918 739 manifestum,
949 699 1046 744 quod
1079 711 1173 731 anno
1204 699 1366 744 ejusdem
1400 699 1592 732 millesimo
1623 701 1876 732 trecentesimo
1908 708 2029 733 octua-

169 766 308 811 gesimo
340 766 467 811 primo,
500 766 704 798 indiccione
735 773 871 810 quarta,
909 766 1045 798 mensis
1078 766 1174 798 Junii
1213 765 1270 797 die
1310 765 1443 806 ultima,
1476 765 1706 810 pontificatus
1741 767 1958 799 sanctissimi
1994 767 2028 799 in

169 833 314 866 Chr1sto
343 833 453 878 patris
481 845 519 865 ac
541 833 677 865 domini
708 833 822 865 nostri
851 833 987 865 domini
1009 832 1208 866 Clementis
1236 832 1356 864 divina
1386 832 1617 876 providencia
1648 845 1735 877 pape
1766 834 1908 877 septimi
1937 846 2030 866 anno

170 900 294 940 tercio,
317 900 549 944 congregatis
571 900 606 931 in
628 899 785 944 capitulo
814 911 877 932 seu
906 899 985 931 loco
1008 898 1195 943 capitulari
1223 899 1433 931 monasterii
1463 899 1578 931 Sancti
1611 900 1784 931 Bernardi
1817 900 2032 932 parisiensis

170 978 234 1011 pro
262 966 503 1011 infrascriptis
532 966 751 1011 peragendis
776 965 1047 998 venerabilibus
1076 972 1108 998 et
1135 965 1396 1009 circonspectis
1417 965 1505 997 viris
1531 965 1689 998 dominis
1715 973 1868 1007 rectore,
1891 979 2031 999 necnon

170 1033 206 1065 in
227 1044 327 1065 sacra
349 1032 544 1077 theologia,
568 1033 738 1073 decretis,
763 1032 940 1065 medicina
965 1039 999 1065 et
1024 1032 1060 1064 in
1084 1031 1222 1064 artibus
1246 1032 1432 1064 doctorum
1459 1039 1490 1064 et
1514 1032 1767 1076 magistrorum
1790 1040 1895 1077 atque
1917 1033 2032 1066 scola-

171 1099 261 1132 rium
284 1100 411 1132 famosi
434 1100 543 1132 studii
567 1100 821 1132 Universitatis
843 1099 1060 1131 parisiensis
1080 1098 1312 1131 multitudine
1339 1098 1485 1142 copiosa
1513 1111 1555 1130 ex
1586 1106 1684 1143 parte
1706 1111 1791 1135 una:
1815 1112 1853 1132 ac
1882 1100 2033 1144 provido

172 1173 206 1198 et
226 1165 380 1199 honesto
396 1166 474 1198 viro
496 1166 643 1199 domino
663 1166 839 1211 Audoyno
857 1165 1086 1206 Chauveron,
1111 1165 1230 1210 legum
1255 1165 1415 1206 doctore,
1440 1166 1626 1209 preposito
1650 1166 1879 1205 Parisie11si¹‚
1898 1167 2032 1199 domini

173 1233 287 1265 nostri
315 1233 412 1278 regis
433 1232 655 1272 consiliario,
681 1239 778 1277 parte
800 1245 841 1265 ex
863 1232 989 1272 altera;
1013 1232 1147 1264 ibidem
1170 1232 1346 1264 existente
1374 1244 1428 1264 me
1456 1232 1595 1264 notario
1627 1232 1785 1276 publico,
1809 1233 2036 1278 testibusque

173 1299 405 1344 presentibus
427 1300 682 1344 infrascriptis,
701 1299 941 1344 prenominati
964 1299 1100 1331 domini
1123 1305 1241 1331 rector
1258 1305 1290 1330 et
1308 1299 1534 1331 Universitas
1556 1299 1671 1331 eidem
1695 1299 1841 1331 domino
1858 1300 2036 1345 Audoyno

175 1366 360 1410 preposito
392 1366 554 1410 predicto
586 1378 649 1411 per
676 1378 851 1410 organum
873 1365 1093 1398 venerabilis
1124 1378 1162 1397 ac
1194 1365 1357 1409 religiosi
1389 1371 1420 1397 et
1452 1365 1595 1397 bonesti
1625 1366 1689 1398 viri
1717 1366 1836 1398 fratris
1862 1366 2037 1399 ‚Iohannis

175 1432 343 1473 Goulain,
367 1433 483 1477 ipsius
504 1444 606 1465 sacre
627 1432 812 1477 theologie
833 1433 1065 1477 professoris,
1090 1432 1202 1476 palam
1226 1439 1257 1464 et
1286 1431 1443 1476 publice,
1473 1432 1614 1476 altaque
1643 1439 1673 1464 et
1706 1432 1928 1477 intelligibili
1950 1446 2037 1466 voce

174 1499 243 1531 dici
272 1506 306 1532 et
334 1500 464 1544 exponi
494 1501 658 1532 fecerunt
687 1499 723 1531 in
754 1500 881 1532 effectu
914 1499 1010 1544 quod
1043 1499 1165 1531 inclite
1197 1506 1228 1531 ct
1261 1498 1454 1531 recolende
1488 1499 1661 1530 memorie
1690 1499 1824 1531 domini
1858 1500 2036 1544 qnondam

175 1567 390 1599 Francorum
422 1578 528 1611 reges
556 1566 684 1599 dictam
707 1566 985 1599 Universitatem
1016 1566 1205 1610 ipsiusque
1233 1566 1420 1610 supposita
1448 1565 1613 1597 volentes
1641 1566 1677 1597 in
1706 1567 1983 1611 transquillitate
2006 1574 2037 1600 et

175 1645 259 1677 pace
281 1633 366 1665 totis
383 1633 572 1665 conatibus
590 1639 624 1666 et
645 1633 840 1665 desideriis
858 1634 1064 1671 confovere,
1085 1632 1186 1677 plura
1208 1639 1240 1665 et
1263 1632 1405 1665 diversa
1427 1632 1619 1664 laudabilia
1642 1633 1831 1677 privilegia
1855 1634 2040 1667 retroactis

174 1699 399 1744 temporibus
421 1707 692 1741 concesserant,
724 1712 788 1745 per
808 1700 941 1732 dictum
966 1706 1128 1732 nostrum
1154 1711 1274 1743 regem
1299 1699 1510 1731 modernum
1535 1699 1589 1731 sui
1612 1700 1730 1743 gracia
1753 1700 1972 1733 confirmata.
1999 1703 2039 1733 Et

173 1767 267 1799 inter
287 1773 404 1799 cetera
427 1766 615 1812 Philippus
637 1767 816 1811 quondam
842 1768 1058 1799 Francorum
1082 1779 1143 1799 rex
1166 1778 1275 1798 unum
1298 1766 1527 1810 privilegium
1552 1766 1604 1798 eis
1626 1774 1867 1805 concesserat,
1888 1768 1983 1812 quod
2006 1775 2036 1800 et

174 1833 208 1865 in
226 1845 268 1865 eo
285 1840 452 1866 contenta
475 1834 683 1878 prepositus
701 1833 931 1874 Parisiensis,
951 1833 1009 1878 qui
1033 1840 1085 1865 est
1110 1845 1173 1878 pro
1197 1839 1371 1877 tempore,
1395 1832 1429 1864 in
1453 1844 1515 1864 sua
1539 1845 1628 1865 nova
1652 1833 1864 1877 reccpcione
1887 1841 1917 1866 et
1941 1835 2039 1867 insti-

173 1900 310 1932 tutione
342 1900 499 1944 primeva
527 1901 562 1932 in
595 1900 713 1932 officio
743 1900 972 1945 prepositure
1003 1900 1220 1932 parisiensis
1248 1911 1286 1931 se
1315 1906 1539 1931 servaturum
1576 1899 1619 1931 de
1648 1906 1780 1943 puncto
1807 1900 1842 1932 in
1870 1908 2038 1945 punctum

167 1967 290 2010 jurare
313 1966 502 1999 tenebatur
523 1974 555 1999 et
579 1973 733 2007 tenetur,
757 1973 795 1999 ut
815 1979 857 1999 ex
879 1967 995 2011 ipsius
1018 1966 1199 2011 privilegii
1221 1966 1316 1998 serie
1339 1972 1373 1998 et
1394 1972 1519 1998 tenore
1540 1965 1705 1998 dicebant
1733 1978 1905 2011 apparere
1928 1969 2039 2000 mani-

171 2034 275 2066 feste.
298 2034 527 2077 Quapropter
555 2033 719 2065 eumdem
751 2033 935 2065 dominum
963 2033 1178 2077 Audoynum
1211 2032 1434 2077 prepositum
1463 2033 1680 2064 antedictum
1714 2033 1889 2066 instanter
1917 2036 2036 2079 requi-

171 2099 319 2140 sierant,
344 2100 513 2144 quatinus
542 2099 772 2145 privilegium
805 2100 1065 2144 supradictum,
1092 2100 1196 2143 cujus
1225 2099 1395 2131 lecturam
1426 2098 1494 2130 sibi
1525 2098 1601 2130 sieri
1630 2099 1841 2140 offerebant,
1865 2102 2034 2145 quamdiu

170 2165 380 2211 hujusmodi
403 2167 632 2211 prepositure
655 2166 771 2198 ossicio
794 2166 1011 2211 presideret,
1028 2167 1180 2210 juraret,
1203 2172 1237 2198 et
1258 2165 1347 2197 illud
1371 2165 1596 2210 promitteret
1617 2165 1811 2198 observare
1834 2168 2032 2200 secundum

170 2233 287 2277 ipsius
309 2233 438 2265 seriem
459 2239 490 2265 et
513 2240 689 2269 tenorem,
709 2239 815 2277 prout
835 2239 866 2265 et
889 2233 1087 2265 secundum
1111 2232 1205 2277 quod
1229 2232 1285 2264 sui
1307 2232 1590 2276 predecessores
1612 2233 1787 2277 prepositi
1809 2234 2033 2268 parisienses

171 2300 358 2332 retroactis
390 2299 615 2344 temporibus
646 2300 904 2344 promiserunt.
939 2299 1007 2341 Qui
1037 2299 1181 2343 quidem
1211 2299 1380 2330 dominus
1409 2298 1608 2342 Audoynus
1638 2299 1756 2331 audita
1789 2301 2032 2344 requisicione

171 2366 345 2410 premissa
372 2373 407 2398 et
434 2366 557 2398 multis
583 2365 663 2398 aliis
691 2366 797 2398 dictis
825 2372 858 2398 et
888 2365 1088 2410 prolocutis
1114 2372 1197 2397 tunc
1228 2364 1360 2397 ibidem
1394 2376 1457 2409 per
1484 2365 1627 2397 fratrem
1654 2365 1851 2398 Johannem
1876 2368 2030 2401 Goulain

170 2433 339 2477 superius
364 2433 599 2473 nominatum,
630 2433 802 2477 ignorans
831 2432 932 2477 quasi
960 2444 1075 2464 novus
1104 2444 1227 2464 eorum
1256 2431 1457 2476 privilegia,
1481 2438 1512 2463 et
1545 2432 1734 2475 presertim
1764 2433 1865 2474 illud,
1894 2435 2030 2480 dequo

169 2498 237 2531 sibi
267 2499 374 2531 fiebat.
404 2506 487 2531 tunc
516 2499 670 2533 mencio.
703 2511 766 2531 eos
798 2499 985 2543 requisivit
1023 2499 1210 2538 instanter,
1243 2505 1278 2530 ut
1307 2509 1424 2530 coram
1457 2498 1535 2541 ipso
1567 2497 1700 2530 dictum
1733 2499 1960 2544 privilegium
1994 2503 2027 2534 in

167 2565 312 2610 publico
334 2565 530 2610 legeretur,
550 2572 737 2610 promptus
754 2572 786 2598 ct
811 2572 953 2610 paratus
975 2566 1092 2598 omnia
1114 2566 1230 2597 facere
1252 2571 1284 2597 et
1305 2564 1501 2609 complere,
1519 2564 1561 2596 ad
1583 2576 1652 2608 que
1670 2565 1713 2597 de
1729 2566 1812 2609 jure
1830 2573 1860 2598 et
1886 2568 2027 2600 racione

165 2638 361 2665 teneretur.

255 2699 334 2740 Quo
356 2698 549 2744 privilegio
571 2699 606 2731 in
628 2697 784 2744 galtliico
807 2706 841 2732 et
861 2699 972 2732 latino
994 2699 1061 2731 alta
1085 2710 1173 2731 voce
1195 2705 1229 2731 et
1249 2697 1472 2742 intelligibili
1494 2697 1666 2742 perlecto,
1691 2705 1723 2730 et
1745 2705 1878 2731 attento
1901 2706 2025 2733 tenore

165 2764 294 2809 ipsius,
328 2765 641 2810 consideratisque
672 2766 853 2798 contentis
888 2766 923 2798 in
959 2765 1099 2806 eodem,
1131 2765 1222 2809 ipsis
1253 2764 1410 2797 dominis
1442 2764 1572 2796 rectori
1606 2770 1639 2796 et
1670 2764 1901 2806 Universitati
1931 2766 2023 2798 idem

166 2831 336 2864 dominus
362 2832 563 2877 Audoynus
589 2832 796 2877 benigniter
817 2839 851 2865 et
877 2832 1062 2865 humiliter
1083 2832 1171 2864 dixit
1192 2838 1223 2864 et
1254 2831 1454 2875 respondit,
1478 2830 1574 2874 quod
1596 2830 1674 2874 ipse
1696 2830 1817 2862 multis
1840 2832 1882 2863 (le
1908 2834 2026 2864 causis

167 2903 203 2930 et
223 2898 430 2930 racionibus
452 2898 642 2931 studentes
659 2899 813 2944 diligere
837 2899 1038 2939 tenebatur,
1056 2899 1223 2943 juraque,
1248 2897 1436 2942 privilegia
1463 2903 1494 2928 et
1526 2896 1709 2928 libertates
1735 2909 1857 2929 eorum
1881 2910 2028 2931 conser-
