2488 3386
500 340 567 372 646
1191 358 1193 360 -
1323 343 1540 365 APPEanx.

506 446 646 485 1700.
672 466 685 480 «
704 457 819 482 Statum
835 458 861 481 et
871 456 1038 490 juramenta
1055 452 1254 478 concernentia
1270 451 1395 485 legentes
1410 450 1445 476 de
1461 459 1554 476 mane.
1572 459 1586 475 »

590 552 629 587 (ι)
646 552 741 577 Primo
753 550 864 584 jurabit
877 557 937 575 non
953 550 1080 583 repetere
1093 549 1221 582 aliquem
1237 547 1376 573 scolarem
1389 548 1555 580 captum....
1566 546 1584 573 ¹.

593 601 629 635 (2)
644 601 717 626 Item
727 600 838 633 jurabit
853 599 952 624 audita
967 597 1130 632 pulsatione
1144 598 1227 623 Beate
1246 596 1332 622 Marie
1348 603 1408 621 non
1423 603 1574 622 remanere
1589 596 1620 621 in
1635 595 1772 622 cathedra
1793 603 1845 621 nec
1860 595 1983 621 ulterius
2000 596 2104 629 legere.
2119 602 2168 621 seu
2184 595 2251 621 ante
2265 594 2370 620 horam

502 659 517 677 a
533 651 642 677 lectura
655 649 789 675 desistere
805 657 811 673 ι
824 647 957 681 alioquin
973 646 1136 672 monitione
1148 645 1285 679 premissa
1301 646 1445 678 tanquam
1458 645 1576 678 perjuro
1591 646 1672 670 actus
1686 644 1802 678 legendi
1813 644 2014 671 interdicetur.

591 698 631 733 (3)
644 699 717 724 Item
735 705 795 723 non
810 696 960 722 advocabit
978 703 1029 721 nec
1046 695 1179 720 invitabit
1199 702 1250 727 per
1264 702 1291 719 se
1309 693 1352 719 vel
1370 701 1420 727 per
1435 693 1527 719 alium
1542 693 1671 727 aliquem
1687 693 1835 723 scolarem,
1852 695 2009 727 postquam
2024 693 2143 719 alterius
2159 692 2268 727 [scolas]
2282 692 2370 718 intra-

503 749 574 775 verit
589 748 632 773 vel
647 747 735 773 etiam
750 747 910 779 antequam
923 745 1068 778 ingressus
1082 741 1195 769 suerit2.

591 796 628 830 (4)
644 797 717 822 Item
729 795 840 829 jurabit
854 794 948 827 legere
963 792 1125 819 secundum
1141 791 1285 817 facultatis
1299 791 1516 817 ordinationem
1531 798 1593 817 uno
1606 798 1685 817 anno
1699 791 1833 824 primum
1848 791 1958 817 librum
1973 791 2180 820 Decretalium,
2198 790 2230 816 in
2245 789 2373 816 secundo

504 853 581 871 anno
595 845 767 873 secundum,
784 845 811 869 et
829 843 859 868 in
875 842 959 868 tertio
976 849 1054 867 anno
1070 841 1191 866 tertium
1208 840 1319 865 librum
1337 840 1543 869 Decretalium,
1562 841 1591 866 et
1608 840 1639 865 in
1654 842 1760 873 quarto
1775 840 1927 873 quintum.
1942 841 1970 866 et
1985 840 2016 865 in
2031 840 2137 873 quinto
2152 847 2231 865 anno
2246 840 2372 868 sextum.

504 897 533 921 et
547 895 578 920 in
593 895 671 920 sexto
687 894 828 926 quartum
850 891 960 917 librum
983 890 1178 916 Deeretaliuin
1193 890 1221 915 et
1240 889 1447 918 Clementinas,
1464 889 1538 914 bene
1553 890 1714 922 temperate
1729 890 1758 915 et
1772 889 1917 918 decenter,
1933 890 1962 915 et
1977 889 2124 922 complere
2142 896 2212 914 cum
2234 887 2372 917 textibus.

505 944 590 977 glosis
609 944 636 968 et
658 941 777 968 materia
800 942 875 966 recte
894 939 1043 965 occurenti
1065 938 1124 964 sine
1146 938 1303 964 verborum
1331 937 1542 971 superfluitate.
1566 937 1701 963 materias
1724 937 1890 971 peregrinas
1911 937 2035 963 minime
2054 938 2106 963 aut
2135 937 2237 963 saltem
2266 943 2373 970 parum

506 994 619 1019 textum
635 991 838 1017 concernentes
851 988 1025 1014 omittendo.

594 1041 631 1074 (5)
648 1041 719 1065 Item
731 1038 842 1072 jurabit
857 1037 936 1071 quod
950 1037 1038 1062 scolas
1052 1036 1083 1061 in
1099 1035 1206 1069 quibus
1221 1035 1297 1068 leget
1310 1043 1370 1061 non
1386 1035 1504 1069 recipiet
1516 1043 1566 1061 seu
1579 1035 1715 1061 retinebit
1730 1035 1829 1069 aliquo
1845 1035 1912 1068 jure
1928 1035 1971 1061 vel
1983 1042 2174 1068 quocumque
2189 1034 2284 1061 colore
2298 1041 2373 1068 que-

505 1091 568 1119 sito.
586 1089 639 1115 nisi
654 1089 689 1114 de
704 1087 819 1113 licentia
832 1094 961 1119 expressa
979 1085 1133 1114 facultatis,
1153 1092 1205 1110 nec
1224 1084 1332 1118 poterit
1349 1084 1439 1110 dictas
1454 1085 1542 1110 scolas
1554 1084 1678 1110 retinere
1693 1084 1737 1110 vel
1751 1084 1871 1117 aliquod
1882 1084 1931 1118 jus
1943 1084 1974 1109 in
1989 1084 2028 1110 eis
2043 1084 2198 1113 vindicare,
2213 1083 2268 1109 nisi
2281 1089 2375 1117 usque

505 1139 542 1165 ad
557 1139 647 1164 finem
663 1136 800 1163 ordinarii
815 1135 893 1160 illius
907 1134 986 1160 anni.
1011 1134 1046 1160 Et
1067 1141 1146 1159 anno
1161 1133 1330 1159 immediate
1345 1133 1479 1166 sequenti
1496 1141 1556 1159 non
1576 1133 1684 1166 poterit
1698 1133 1729 1159 in
1750 1133 1859 1159 eisdem
1880 1133 1974 1166 legere
1989 1140 2041 1159 nec
2057 1133 2093 1158 ad
2107 1133 2216 1158 dictam
2231 1132 2375 1158 lecturam

506 1187 602 1220 recipi,
618 1186 671 1212 nisi
686 1186 721 1211 de
735 1192 866 1218 expresso
881 1191 1023 1210 consensu
1038 1182 1139 1209 decani
1154 1184 1182 1208 et
1197 1182 1310 1215 collegii
1324 1182 1400 1208 dicte
1416 1182 1567 1208 facultatis.
1586 1182 1655 1208 Etsi
1670 1182 1852 1208 contrarium
1868 1182 1975 1210 fecerit,
1992 1183 2026 1207 ut
2041 1182 2176 1215 perjurus
2189 1181 2342 1215 puniatur.

594 1235 633 1270 (ὃ)
646 1236 719 1261 Item
733 1233 813 1267 quod
833 1233 863 1258 in
886 1233 983 1258 medio
1004 1232 1075 1257 anni
1095 1232 1138 1257 vel
1160 1232 1190 1257 in
1214 1231 1312 1265 aliqua
1331 1233 1412 1265 parte
1431 1231 1549 1257 collecta
1565 1239 1616 1257 sua
1635 1232 1708 1257 facta
1728 1231 1871 1257 lecturam
1887 1239 1948 1257 non
1962 1230 2092 1257 dimittet
2105 1238 2157 1264 per
2169 1231 2375 1264 juramentum

506 1286 567 1311 sine
581 1284 695 1310 licentia
710 1282 822 1316 collegii
838 1282 927 1315 petita
947 1283 975 1307 et
996 1281 1126 1309 obtenta,
1143 1288 1212 1306 cum
1234 1280 1270 1305 ad
1287 1280 1458 1313 hujusmodi
1473 1280 1615 1306 lecturam
1631 1287 1685 1313 pro
1705 1281 1767 1306 toto
1788 1280 1839 1306 illo
1857 1287 1936 1306 anno
1951 1280 1987 1305 ab
2007 1279 2077 1305 anni
2091 1279 2236 1313 principio
2257 1278 2377 1312 proprIo

503 1335 672 1368 juramento
687 1340 715 1358 sc
729 1331 903 1358 astrinxerit.
921 1332 949 1356 ct
964 1332 1083 1364 propter
1098 1330 1153 1355 hoc
1168 1329 1327 1362 specialiter
1342 1329 1493 1355 collectam
1509 1329 1657 1362 receperit.

595 1381 634 1416 (7)
650 1382 723 1407 Item
734 1380 846 1414 jurabit
865 1379 973 1405 solvere
992 1378 1180 1404 medietatem
1200 1378 1346 1411 pensionis
1365 1378 1520 1407 scolarum,
1542 1379 1571 1404 et
1590 1378 1672 1404 saciet
1691 1385 1745 1411 pro
1757 1377 1812 1404 alia
1827 1377 1982 1404 medietate
1996 1377 2131 1404 solvenda
2146 1377 2307 1406 collectam,
2323 1383 2377 1410 pro

507 1439 565 1465 qua
585 1430 708 1464 quilibet
723 1429 837 1455 scolaris
854 1429 889 1454 ab
904 1428 965 1461 ipso
980 1427 1101 1453 audiens
1120 1427 1269 1453 tenebitur
1283 1427 1391 1453 solvere
1405 1427 1479 1453 duos
1498 1427 1603 1453 solidos
1619 1427 1765 1460 parisiens.
1784 1427 1861 1453 Illud
1876 1435 1942 1453 vero
1957 1426 2038 1460 quod
2059 1426 2200 1460 supererit
2214 1425 2250 1452 de
2269 1425 2371 1459 hujus·

508 1480 587 1506 modi
603 1479 730 1508 collecta,
748 1478 841 1504 soluta
856 1477 1011 1503 medietate
1026 1477 1102 1502 dicte
1117 1476 1273 1509 pensionis,
1290 1476 1429 1509 spectabit
1444 1476 1479 1502 ad
1494 1476 1672 1505 facultatem,
1687 1476 1771 1509 cujus
1788 1476 1935 1510 pensionis
1949 1475 2097 1502 tenebitur
2111 1475 2219 1501 solvere
2234 1474 2376 1501 medieta-

507 1532 567 1556 tem
584 1528 634 1563 i[n]
650 1527 806 1553 Candelosa
816 1527 836 1557 ³,
853 1528 881 1552 et
897 1526 983 1552 aliam
999 1526 1186 1551 medietatem
1202 1525 1231 1550 in
1247 1525 1392 1551 Paschate.

598 1577 635 1611 (8)
651 1578 724 1602 Item
740 1576 845 1609 poterit
861 1576 951 1601 facere
966 1575 1116 1600 collectam
1132 1574 1251 1607 quando
1266 1574 1318 1599 sibi
1337 1574 1490 1607 placuerit,
1507 1575 1535 1600 et
1550 1581 1603 1607 pro
1619 1574 1678 1607 ipsa
1693 1574 1811 1600 collecta
1827 1574 1951 1607 quilibet
1965 1573 2080 1599 scolaris
2099 1573 2153 1599 sub
2172 1573 2235 1607 ipso
2254 1572 2378 1599 audiens

508 1627 544 1653 ad
559 1627 659 1652 minus
674 1625 821 1651 tenebitur
836 1624 889 1650 sibi
905 1624 1012 1650 solvere
1033 1623 1180 1649 florenum
1195 1623 1341 1649 valentem
1357 1623 1502 1649 francum.
1521 1623 1555 1649 Et
1570 1623 1606 1649 ad
1622 1623 1678 1649 hoc
1697 1631 1748 1657 per
1763 1623 1929 1656 captionem
1944 1621 2105 1648 librorum⁴
2122 1622 2164 1648 bis
2178 1622 2210 1648 in
2224 1629 2287 1647 uno
2299 1628 2379 1647 anno

508 1676 531 1702 si
545 1683 619 1709 opus
632 1674 719 1701 suerit
734 1682 784 1707 per
799 1673 976 1699 monitiones
990 1673 1136 1710 generales
1151 1674 1180 1698 et
1199 1672 1267 1697 alias
1282 1672 1340 1697 vias
1352 1672 1444 1705 justas
1459 1673 1488 1698 et
1502 1672 1638 1698 honestas
1653 1672 1855 1705 compelletur,
1872 1672 1927 1697 nisi
1941 1673 2061 1705 propter
2074 1670 2235 1697 notabilem
2249 1678 2377 1704 pauper-

509 1726 599 1750 tatem
615 1723 786 1757 hujusmodi
802 1722 914 1748 scolaris
928 1722 1014 1747 suerit
1029 1723 1190 1750 excusatus.
1205 1722 1233 1746 et
1247 1721 1283 1747 de
1298 1721 1354 1747 hoc
1368 1722 1506 1755 appareat
1520 1721 1623 1747 saltem
1638 1729 1690 1754 per
1704 1729 1792 1747 suum
1811 1721 1966 1754 proprium
1977 1721 2195 1754 juramentum.
2216 1720 2298 1746 'runc
2317 1726 2379 1746 non

509 1773 701 1806 compelletur
715 1771 834 1805 prestito
848 1770 1019 1804 hujusmodi
1031 1771 1201 1803 juramento
1216 1770 1252 1795 ad
1268 1770 1379 1803 aliquid
1392 1770 1576 1799 solvendum.
1594 1778 1647 1796 nec
1659 1770 1735 1796 dicte
1749 1769 1926 1796 monitiones
1942 1770 2039 1803 ipsum
2054 1769 2199 1802 ligabunt.

598 1820 637 1856 (9)
652 1822 725 1846 Item
740 1820 776 1846 ad
792 1820 951 1853 predictam
966 1819 1117 1845 collectam
1133 1818 1301 1844 solvendam
1317 1818 1477 1848 baccalarii,
1493 1818 1635 1845 licentiati
1649 1820 1678 1845 et
1692 1820 1760 1844 actu
1775 1819 1903 1851 legentes
1917 1818 1978 1844 aliis
1997 1818 2076 1844 horis
2097 1817 2128 1843 in
2143 1817 2220 1844 dicta
2242 1807 2379 1844 facultate

509 1870 633 1896 minime
649 1869 839 1895 tenebuntur.

597 1918 653 1952 (ιο)
677 1919 750 1944 Item
770 1917 851 1951 quod
873 1917 991 1950 incipiet
1013 1916 1107 1950 prima
1131 1917 1177 1942 die
1199 1916 1308 1949 legibili
1325 1918 1389 1950 post
1405 1917 1512 1942 festum
1532 1916 1608 1942 beati
1627 1916 1767 1950 Dyonisii,
1783 1917 1812 1942 et
1827 1916 2011 1942 continuabit
2025 1923 2119 1949 usque
2139 1915 2176 1941 ad
2200 1914 2380 1949 subsequens

509 1969 616 1994 festum
629 1967 705 1993 beati
720 1966 873 1992 Michaelis.
2357 1993 2363 1997 .

600 2015 655 2051 (ιι)
668 2017 741 2042 Item
756 2015 837 2048 quod
852 2022 912 2040 non
927 2015 1088 2040 absentabit
1099 2022 1126 2040 se
1142 2022 1195 2040 nec
1210 2015 1285 2047 leget
1300 2022 1351 2048 per
1366 2014 1561 2040 substitutum
1575 2014 1653 2040 ultra
1668 2021 1800 2040 mensem
1813 2014 2001 2043 continuum,
2016 2013 2070 2039 nisi
2083 2012 2171 2039 suerit
2185 2012 2324 2039 infirmus
2337 2011 2382 2038 vel

509 2067 565 2092 alio
582 2066 713 2099 legitimo
735 2060 948 2097 impedimento
970 2064 1115 2089 detentus.
1138 2063 1173 2089 Et
1192 2071 1226 2089 ex
1246 2065 1318 2089 tunc
1337 2063 1358 2089 si
1373 2063 1534 2097 impeditus
1555 2063 1653 2093 suerit,
1677 2063 1795 2089 habebit
1818 2063 1873 2089 hoc
1894 2062 2072 2096 quamcitius
2094 2062 2203 2096 poterit
2220 2061 2383 2095 significare

510 2116 618 2141 decano
633 2116 661 2140 et
674 2114 794 2146 collegio
810 2113 885 2139 dicte
901 2112 1054 2141 facultatis,
1071 2114 1104 2137 ut
1120 2120 1171 2145 per
1186 2112 1262 2146 ipsos
1279 2114 1471 2145 cognoscatur
1483 2113 1512 2138 et
1524 2112 1683 2146 judicetur.
1698 2120 1735 2138 an
1755 2112 2005 2146 impedimentum
2020 2110 2192 2145 hujusmodi
2206 2110 2294 2137 ruerit
2307 2109 2382 2144 legi-

509 2164 628 2191 timum,
645 2165 673 2189 et
686 2170 736 2196 per
751 2170 798 2188 eos
809 2161 997 2195 provideatur
1009 2163 1081 2187 tunc
1095 2161 1131 2187 ad
1147 2162 1290 2187 lecturam
1306 2161 1467 2194 predictam
1482 2161 1513 2186 in
1528 2161 1618 2195 ipsius
1633 2161 1801 2187 detractum.

598 2212 655 2246 (ιιι)
671 2212 743 2237 Item
759 2211 839 2244 quod
855 2210 976 2243 singulis
990 2210 1074 2235 annis
1089 2210 1269 2243 comparebit
1284 2210 1314 2235 in
1336 2210 1432 2242 prima
1452 2210 1538 2235 missa
1557 2210 1670 2243 collein
1689 2212 1757 2236 ante
1778 2210 1887 2236 festum
1902 2209 1978 2236 beati
1993 2209 2137 2235 Michaelis
2158 2208 2195 2234 ad
2210 2207 2380 2242 supplicau-

512 2262 585 2287 dum
601 2268 653 2294 pro
668 2261 787 2288 lectura,
804 2261 833 2286 et
852 2259 887 2285 ad
911 2259 1114 2285 renovandum
1130 2259 1300 2292 juramenta
1320 2259 1495 2292 supradicta.
1513 2259 1569 2292 Qui
1587 2259 1609 2284 si
1626 2259 1789 2292 supplicare
1810 2260 1839 2285 et
1858 2258 1986 2292 predicta
2001 2258 2101 2291 jurare
2120 2257 2259 2286 noluerit,
2274 2263 2292 2282 a
2306 2255 2384 2282 dicta

512 2311 621 2336 lectura
634 2309 756 2334 omnino
771 2309 938 2342 repellatur.

601 2358 658 2391 (13)
674 2358 746 2383 Iteni
762 2357 842 2390 quod
855 2365 908 2382 non
924 2357 991 2391 legyet
1011 2365 1070 2382 cum
1086 2357 1198 2382 candela
1216 2364 1269 2382 nec
1283 2357 1319 2382 ad
1331 2364 1451 2389 pennam
1471 2357 1528 2383 sive
1542 2357 1579 2382 ad
1598 2357 1746 2383 calamum
1762 2356 1851 2382 modo
1865 2354 2149 2390 pronunciantium⁵
2163 2362 2216 2389 pro
2231 2361 2380 2388 quocum-

513 2415 580 2440 que,
598 2406 644 2431 sed
660 2406 884 2431 dumtaxat.....⁰
900 2414 931 2431 ac
946 2406 1070 2439 expedit.
1088 2406 1173 2438 Quod
1186 2407 1331 2431 statutum
1347 2405 1480 2439 quolibet
1495 2413 1574 2431 anno
1588 2405 1756 2438 publicetur
1771 2406 1801 2431 in
1816 2405 1898 2431 scolis
1912 2406 2000 2438 prout
2015 2404 2082 2430 alibi
2097 2403 2275 2430 continetur.

602 2455 658 2488 (14)
674 2455 746 2480 Item
762 2455 841 2487 quod
857 2454 1015 2487 complebit
1030 2454 1209 2487 integraliter
1224 2456 1252 2480 et
1265 2455 1400 2480 decenter
1414 2455 1525 2480 librum
1541 2462 1591 2481 seu
1605 2454 1694 2480 libros
1708 2462 1760 2488 per
1772 2454 1940 2480 facultatem
1955 2453 2103 2479 ordinatos
2117 2454 2145 2478 et
2159 2451 2342 2485 assignatos⁷.

603 2503 660 2538 (ιδ)
675 2504 747 2529 Item
763 2503 910 2528 tenebitur
926 2503 1017 2528 facere
1032 2503 1163 2536 quolibet
1178 2511 1257 2529 anno
1277 2505 1344 2529 ante
1363 2504 1475 2540 festum
1490 2503 1566 2529 beati
1581 2503 1709 2536 Dionysii
1726 2511 1823 2529 unum
1845 2502 2039 2536 propositum,
2056 2501 2096 2527 ita
2109 2501 2190 2534 quod
2205 2501 2227 2526 si
2249 2500 2307 2526 sint
2321 2500 2381 2526 duo

514 2553 640 2586 legentes
659 2552 694 2577 de
715 2559 800 2577 mane
822 2552 865 2577 vel
887 2552 993 2584 plures.
1011 2552 1113 2584 junior
1135 2552 1165 2577 in
1185 2552 1294 2577 lectura
1309 2552 1478 2578 matutinali
1493 2553 1590 2586 primo
1606 2552 1698 2581 faciet,
1715 2554 1744 2578 et
1758 2552 1831 2577 alter
1845 2551 2014 2577 immediate
2029 2550 2075 2576 die
2090 2550 2234 2584 sequenti,
2250 2551 2279 2575 et
2293 2549 2332 2575 sic
2345 2548 2382 2576 de

514 2601 576 2627 aliis
590 2609 642 2626 suo
657 2601 758 2626 ordine
771 2600 932 2625 secundum
948 2600 1156 2633 antiquitatem
1172 2601 1317 2633 gradatim
1330 2601 1439 2634 absque
1453 2609 1607 2630 concursu,
1622 2602 1711 2634 prout
1726 2602 1767 2626 est
1782 2600 1845 2626 fieri
1858 2601 2044 2626 consuetum.
2195 2588 2198 2591 .

603 2649 661 2684 (ιὸ)
677 2650 749 2674 Item
769 2649 892 2682 quilibet
914 2649 1010 2681 legens
1034 2649 1068 2674 de
1092 2657 1177 2675 mane
1201 2650 1350 2675 tenebitur
1369 2650 1482 2675 visitare
1505 2650 1635 2683 singulos
1656 2649 1787 2675 doctores
1809 2649 1841 2674 in
1865 2649 1961 2682 prima
1982 2648 2105 2674 lectione
2124 2647 2225 2681 magni
2244 2646 2383 2673 ordinarii

516 2698 635 2732 quando
650 2698 756 2731 legent.

603 2747 657 2782 (17)
674 2747 747 2772 Item
762 2745 831 2779 quia
846 2744 894 2780 [in]
909 2745 1069 2771 solutione8
1083 2747 1200 2772 collecte
1212 2747 1374 2780 legentium
1389 2748 1425 2774 de
1440 2755 1526 2774 mane
1541 2748 1668 2781 plurime
1683 2747 1719 2773 de
1733 2747 1779 2773 die
1792 2746 1823 2772 in
1838 2746 1916 2772 diem
1927 2733 2027 2780 (prout
2042 2745 2078 2771 ad
2093 2747 2224 2772 nostram
2239 2745 2334 2779 sepius
2348 2752 2383 2771 ex

515 2796 572 2822 fide
585 2796 745 2828 dignorum
760 2794 898 2820 relatione
913 2795 1042 2827 pervenit
1058 2795 1205 2829 notitiam)
1221 2796 1336 2822 fraudes
1350 2796 1592 2826 committuntur,
1609 2798 1637 2822 et
1650 2796 1777 2828 dignum
1798 2796 1840 2821 est
1861 2797 1896 2821 ut
1916 2795 1969 2828 qui
1988 2795 2024 2820 ad
2043 2802 2118 2821 onus
2136 2794 2304 2824 assumitur,
2321 2801 2382 2820 non

515 2845 616 2870 debeat
631 2852 646 2869 a
662 2843 792 2869 mercede
808 2843 916 2876 repelli,
934 2843 1088 2868 statuimus
1107 2845 1135 2869 et
1156 2844 1327 2870 ordinamus
1346 2845 1427 2878 quod
1441 2846 1572 2871 decetero
1587 2845 1718 2878 quolibet
1737 2851 1816 2870 anno
1836 2844 1923 2870 semel
1938 2844 1974 2869 ad
1989 2843 2088 2869 minus
2103 2843 2233 2872 scolares,
2255 2842 2382 2869 volentes

515 2902 530 2919 a
546 2893 711 2919 doctoribus
726 2892 783 2917 suis
803 2891 917 2917 cedulas
934 2899 1020 2924 super
1040 2892 1189 2918 auditione
1206 2893 1280 2925 juris
1301 2894 1431 2920 canonici
1447 2894 1545 2927 quoad
1560 2893 1783 2927 acquisitionem
1798 2893 1938 2926 temporis
1953 2892 2006 2918 sibi
2021 2888 2139 2925 sigillari
2152 2892 2237 2926 juxta
2254 2891 2380 2918 formam
