2488 3386
184 370 279 408 1365]
599 385 644 406 ΑΒ
679 385 784 406 Anno
819 383 949 406 MCCCL
984 384 1116 412 USQUE
1151 385 1198 406 An
1234 386 1498 408 BENEDICTUM
1528 387 1618 408 Χιιι.
1979 380 2041 412 125

185 518 484 555 1302.Urba1ms
505 528 528 553 V
543 526 685 561 religiosis
709 526 774 552 ord.
792 527 908 552 Eremit.
933 528 959 552 S.
982 528 1113 561 August.,
1132 527 1181 562 qui
1200 527 1274 552 sicut
1300 531 1327 552 et
1346 527 1400 553 alii
1421 527 1549 562 religiosi
1568 528 1738 562 facultatem
1757 530 1840 556 theol.
1864 530 1993 557 Tolosan.
2014 532 2041 557 in

267 577 391 609 favorem
406 575 481 601 stud.
499 577 591 601 Paris.
609 575 827 611 postponebant,
840 575 923 610 jubet
943 575 1060 601 Tolosae
1077 575 1111 601 de
1128 576 1248 601 triennio
1265 576 1293 601 in
1310 577 1460 602 triennium
1477 578 1629 611 magistros
1646 578 1672 602 in
1689 578 1831 612 theologia
1846 580 1920 613 fieri.

1427 679 1499 708 7365,
1516 680 1576 705 Maii
1586 680 1611 707 8.
1627 680 1755 709 Ᾱνεηίοηε,

269 780 418 813 Dilectis
439 780 524 813 filiis
547 807 565 812 ..
591 780 721 824 priori¹
745 792 783 812 ac
802 779 974 812 fratribus
995 779 1083 813 Ord.
1108 780 1278 812 Heremit.
1303 780 1336 812 S.
1355 780 1552 825 Augustini
1569 781 1872 814 convenientibus
1890 782 1924 814 in
1942 783 2043 827 Capi—

180 847 256 880 tulo
283 847 445 892 generali
476 846 512 879 in
539 853 719 880 conventu
742 847 895 879 Senensi
917 846 1081 891 ejusdem
1103 846 1190 879 Ord.
1214 847 1258 879 de
1284 847 1447 891 proximo
1473 846 1705 887 celebrando,
1729 847 1894 889 salutem,
1916 854 1978 882 etc.
2002 851 2041 882 In

180 913 339 946 claritate
360 913 471 947 vestri
495 913 663 946 Ordinis²
670 939 735 946 .....
759 913 849 946 Cum
867 925 940 945 non
961 913 1185 946 intendimus
1206 913 1304 957 quod
1328 913 1517 958 privilegia
1538 914 1736 958 apostolice
1763 915 1861 947 sedis
1883 915 2041 948 ludibrio

179 979 391 1021 habeantur,
423 987 458 1012 et
490 986 597 1024 prout
626 980 742 1013 nostis
772 979 906 1013 civitati
945 979 1207 1012 Tholosane....
1252 979 1482 1024 privilegium
1515 980 1625 1012 studii
1660 981 1843 1025 generalis
1877 982 1913 1013 in
1943 994 2041 1015 sacra

180 1047 308 1092 pagina
331 1058 394 1091 per
422 1046 544 1079 sedem
581 1046 815 1091 apostolicam
843 1046 889 1079 sit
916 1058 1145 1087 concessum,
1167 1046 1224 1079 cui
1247 1058 1311 1091 per
1331 1058 1396 1079 vos
1417 1053 1452 1079 et
1472 1047 1646 1091 quosdam
1673 1047 1763 1080 alios
1790 1047 1985 1093 religiosos
2006 1050 2042 1081 in

179 1114 337 1147 favorem
359 1113 554 1146 parisiens.
578 1113 688 1146 studii
710 1113 820 1146 certis
841 1113 1046 1146 adinventis
1066 1113 1231 1153 cautelis,
1255 1119 1361 1158 prout
1385 1113 1602 1153 audivimus,
1625 1114 1822 1159 derogatur
1845 1126 1851 1147 t
1875 1115 2041 1149 volumus

180 1186 216 1213 et
234 1180 445 1213 mandamus
467 1180 564 1225 quod
584 1180 620 1212 in
642 1180 738 1213 dicto
760 1180 881 1213 studio
908 1180 993 1213 fiant
1016 1180 1178 1225 magistri
1199 1180 1235 1212 in
1258 1191 1357 1212 sacra
1379 1180 1508 1224 pagina
1530 1180 1574 1212 de
1596 1181 1753 1213 triennio
1774 1181 1809 1213 in
1832 1182 2041 1223 triennium,

180 1252 215 1279 et
235 1246 333 1291 quod
353 1246 396 1280 ad
413 1246 547 1279 dictum
569 1246 728 1279 studium
750 1248 847 1280 viros
863 1247 1027 1292 ydoneos
1047 1247 1091 1279 ad
1112 1246 1307 1291 legendum
1327 1247 1543 1288 Sententias,
1567 1247 1627 1292 qui
1650 1248 1791 1292 possint
1812 1249 2041 1293 postmodum

181 1324 263 1346 esse
282 1313 415 1358 ydonei
437 1313 480 1345 ad
511 1313 786 1358 suscipiendum
813 1313 989 1346 honorem
1012 1313 1225 1357 magisterii,
1250 1313 1512 1353 transmittatis,
1536 1314 1707 1358 quodque
1735 1314 1784 1346 hii
1813 1315 1873 1359 qui
1896 1315 1932 1348 in
1962 1316 2042 1361 ipso

181 1380 303 1413 studio
328 1380 463 1412 fuerint
490 1380 702 1425 magistrati,
731 1380 934 1413 honoribus
962 1387 995 1412 et
1027 1379 1230 1425 privilegiis
1262 1380 1383 1412 studio
1414 1381 1551 1425 prefato
1578 1381 1689 1413 Paris
1719 1382 1907 1414 concessis
1938 1383 2043 1427 plene

181 1446 361 1492 gaudeant
382 1453 449 1479 tam
471 1446 507 1478 in
529 1446 625 1479 dicto
647 1446 797 1488 Ordine,
816 1459 920 1491 quam
944 1447 1048 1479 etiam
1072 1453 1169 1479 extra
1186 1446 1299 1479 illum.
1324 1448 1450 1479 Datum
1473 1447 1652 1480 Avinione
1680 1448 1740 1492 viij
1764 1448 1811 1480 id.
1836 1449 1931 1489 Maii,
1950 1461 2042 1482 anno

181 1513 306 1546 tercio.

274 1634 337 1664 Reg.
353 1633 410 1656 Vat.
430 1633 526 1656 Sem-et.
540 1633 641 1656 Urbani
657 1634 685 1661 V,
700 1638 728 1656 n⁰
743 1633 796 1662 247,
816 1634 859 1656 fol.
875 1633 931 1656 95¹³.
946 1647 976 1650 —
996 1633 1050 1656 Vid.
1068 1635 1173 1661 Chart.,
1191 1634 1221 1661 ΙΙ,
1236 1633 1403 1663 Introduct.,
1419 1643 1444 1665 p.
1462 1642 1485 1658 x.
1506 1649 1530 1651 —
1546 1635 1587 1657 Sic
1603 1635 1693 1658 eudem
1706 1635 1784 1658 etiam
1800 1644 1868 1658 anno
1884 1636 1909 1658 in
1926 1637 2047 1667 Capitulo

181 1678 298 1709 generali
318 1677 382 1701 Ord.
399 1678 491 1701 Minor.
508 1678 654 1701 Florentiae
674 1678 805 1701 celebrato
820 1687 831 1700 «
848 1678 879 1701 de
899 1678 1022 1701 mandato
1038 1678 1139 1701 Urbani
1155 1686 1240 1709 papae
1257 1688 1267 1700 υ
1285 1678 1430 1702 baccalarei
1447 1680 1552 1702 fuerunt
1567 1679 1696 1710 assignati
1712 1681 1744 1703 ad
1761 1681 1885 1711 legendas
1901 1682 2048 1705 Sententias

182 1722 300 1750 Tolosae,
317 1722 415 1745 ibidem
437 1725 528 1753 postea
551 1722 725 1753 magistrandi
742 1722 817 1754 juxta
836 1722 943 1745 modum
962 1722 1150 1753 magistrorum
1175 1723 1317 1746 Parisiens.
1341 1723 1453 1753 (Chron.
1472 1724 1573 1747 XXIV
1588 1725 1721 1754 qeneral„
1743 1733 1794 1748 ms,
1817 1725 1910 1753 Assis.‚
1928 1726 1972 1749 sol.
1989 1726 2047 1755 169;

184 1766 318 1791 Analecta
331 1767 481 1795 Francisc„
500 1767 531 1795 11,
550 1767 612 1796 199).
628 1767 656 1789 In
671 1775 713 1798 ep.
728 1770 815 1790 tamen
836 1767 869 1790 ab
887 1767 990 1791 Urbano
1006 1767 1026 1790 V
1042 1767 1073 1789 nd
1090 1767 1242 1798 Capitulum
1262 1776 1351 1798 gener.
1367 1768 1482 1791 Florent.
1498 1768 1588 1797 missu,
1605 1769 1666 1791 Maii
1687 1769 1725 1798 11,
1738 1769 1803 1792 nihil
1825 1770 1855 1793 de
1877 1770 1925 1793 hoc
1942 1770 2047 1799 (Secret.

183 1815 212 1834 11⁰
226 1811 279 1839 247,
298 1811 343 1835 fol.
360 1811 426 1840 96¹²),
444 1811 512 1834 sicut
526 1820 572 1834 nec
583 1811 609 1834 in
625 1811 703 1842 epist.
719 1811 780 1834 Maii
794 1812 831 1839 17,
848 1812 880 1834 ad
897 1811 982 1843 Capit.
999 1820 1058 1843 gen.
1075 1811 1138 1835 Ord.
1156 1812 1249 1835 Praed.
1263 1813 1363 1835 Januae
1379 1812 1478 1835 directa
1494 1813 1578 1842 (ibid..
1594 1815 1610 1836 f.
1627 1814 1675 1842 99).

278 1919 300 1942 1.
319 1918 449 1942 Matthaeo
471 1918 503 1942 de
523 1919 617 1942 Asculo
637 1918 678 1947 (de
694 1927 744 1950 quo
767 1926 849 1949 supra
863 1918 896 1941 ad
914 1926 957 1941 an.
978 1918 1046 1946 1359,
1067 1919 1132 1950 Aug.
1148 1920 1195 1948 28),
1215 1918 1259 1950 qui
1281 1918 1307 1941 in
1325 1918 1373 1941 boc
1388 1918 1510 1950 Capitulo
1529 1919 1558 1942 10
1577 1919 1637 1942 Maii
1653 1920 1727 1943 Senis
1743 1921 1874 1944 celebrato
1890 1921 1915 1944 in
1931 1922 2045 1952 priorem

184 1963 334 1995 generalem
348 1963 519 1987 confirmatus
535 1966 583 1986 est.
599 1977 630 1980 -—
645 1964 667 1986 2.
684 1963 808 1986 Urbanus
824 1963 844 1985 V
860 1963 886 1986 in
902 1963 1071 1994 sequentibus
1089 1963 1120 1986 de
1136 1963 1196 1986 aliis
1210 1963 1287 1986 rebus
1302 1963 1365 1994 agit⁴

190 2179 330 2217 1303.
358 2188 470 2215 Urbano
492 2189 670 2225 Vsupplicat
684 2188 845 2224 Philippus,
864 2188 924 2214 dux
940 2188 1132 2223 Burgundiae,
1152 2192 1182 2214 ut
1196 2188 1339 2214 lohannes
1356 2188 1391 2214 de
1407 2189 1549 2222 Buzeriis,
1566 2188 1659 2214 abbas
1677 2189 1882 2223 Cisterciensis,
1901 2189 1940 2214 ad
1955 2189 2046 2214 lectu-

274 2247 335 2264 ram
350 2238 561 2264 Sententiarum
575 2238 603 2263 in
624 2237 811 2263 Universitate
827 2237 988 2263 Parisiensi
1003 2237 1185 2263 admittatur.

1497 2296 1571 2325 7365.
1587 2296 1657 2322 dunis
1669 2297 1694 2322 6.

276 2402 458 2447 Supplicat
487 2402 665 2435 sanctitati
695 2408 815 2435 vestre
846 2402 1000 2435 devotus
1030 2401 1127 2434 filius
1154 2408 1276 2434 vester
1301 2401 1502 2446 Philippus,
1531 2402 1629 2447 regis
1660 2402 1808 2434 Francie
1835 2402 1944 2443 filius,
1980 2402 2051 2434 dux

189 2468 415 2514 Burgundie,
444 2468 614 2513 quatinus
634 2470 726 2511 (cum
748 2468 968 2501 venerabilis
991 2474 1091 2513 pater
1116 2467 1317 2501 Johannes¹
1346 2467 1456 2501 abbas
1482 2468 1740 2501 Cisterciensis
1760 2468 1927 2501 abbatiali
1949 2480 2052 2500 occu-

187 2535 331 2580 patione
352 2541 387 2568 et
406 2535 584 2580 regimine
606 2535 662 2568 sui
690 2535 839 2568 Ordinis
866 2534 1092 2580 prepeditus,
1121 2535 1326 2567 ordinatum
1354 2541 1495 2580 tempus
1526 2535 1696 2567 studendi
1717 2542 1752 2567 et
1777 2535 1933 2568 lecturas
1953 2546 2050 2567 com-

188 2601 311 2647 plendi
333 2613 397 2646 pro
421 2602 537 2647 gradu
560 2602 760 2647 magisterii
781 2602 817 2634 in
841 2601 1044 2646 theologica
1062 2601 1228 2634 facultate
1252 2601 1457 2646 nequiverit
1477 2601 1688 2646 adimplere,
1707 2601 1867 2646 aliasque
1892 2601 2049 2634 Par-isius

187 2669 224 2700 in
250 2668 342 2701 dicta
369 2668 535 2701 facultate
563 2668 729 2713 pluribus
756 2668 861 2701 annis
889 2668 1071 2701 studuerit
1095 2674 1130 2700 et
1150 2667 1307 2713 legendo
1333 2679 1479 2700 cursum
1506 2668 1542 2700 in
1563 2668 1686 2700 eadem
1714 2668 1878 2700 facultate
1900 2680 1938 2700 ac
1959 2667 2049 2700 alios

188 2736 287 2763 actus
318 2729 530 2763 scolasticos
561 2730 779 2772 exercendo,
802 2730 847 2763 ita
876 2730 991 2775 qu0d2'
1014 2730 1209 2774 profecerit
1235 2730 1433 2771 fructuose,
1456 2730 1553 2774 quod
1583 2731 1662 2774 ejus
1693 2729 1871 2762 luminosa
1902 2729 2049 2762 scientia

183 2796 231 2829 'ad
253 2796 499 2841 supradictum
520 2797 671 2841 gradum
699 2797 866 2830 sufficere
888 2785 1049 2840 deberet)
1071 2796 1240 2829 mandare
1263 2796 1463 2841 dignemini
1493 2795 1708 2828 cancellario
1731 2796 1926 2828 Parisiensi
1953 2795 2048 2839 quod

188 2863 306 2908 ipsum
328 2862 491 2896 abbatem
513 2863 557 2896 ad
578 2863 750 2896 lecturam
769 2863 1034 2896 Sententiarum
1052 2869 1214 2907 tempore
1231 2863 1455 2896 vacationum
1479 2869 1537 2894 aut
1553 2862 1654 2903 alias,
1677 2868 1783 2906 prout
1799 2862 1914 2894 eidem
1932 2861 2050 2893 abbati

182 2929 272 2974 'plus
301 2930 484 2971 convenit,
512 2929 684 2971 admittat,
712 2936 748 2962 et
776 2930 874 2974 quod
904 2942 944 2962 ea
969 2929 1159 2974 completa,
1191 2929 1220 2961 si
1250 2929 1434 2962 sufficiens
1467 2935 1501 2961 et
1529 2928 1694 2973 ydoneus
1729 2935 1894 2972 repertus
1928 2927 2048 2968 fuerit,
