2488 3386
199 325 295 361 13911
615 337 661 359 ΑΒ
696 337 801 358 ANNo
835 336 967 359 MCCCL
1001 337 1132 365 USQUE
1168 338 1215 359 An
1251 338 1513 360 armeniorum
1549 339 1638 361 Χιιι.
1994 331 2056 363 491

197 411 255 444 (110
285 417 321 444 et
352 411 561 456 pontificatu
592 410 778 456 predictis,
812 410 1045 455 presentibus
1074 411 1118 443 ad
1155 410 1220 443 hec
1251 411 1435 455 religiosis
1465 412 1553 444 viris
1586 412 1755 445 fratribus
1786 414 1982 446 Guillelmo
2014 415 2057 447 de

197 477 340 516 Dalton,
368 477 531 510 Johanne
555 477 599 510 de
625 476 841 517 Condomio,
869 476 1050 522 Stephano
1077 477 1121 510 de
1148 478 1306 517 Morana,
1325 477 1477 509 Alsonso
1500 478 1648 522 Pelagii,
1673 479 1834 511 Johanne
1859 480 1902 512 (le
1925 480 2055 521 Maine,

196 544 283 577 Ord.
313 544 392 576 frat.
424 543 543 585 Pred„
573 555 716 576 necnon
743 543 903 576 dominis
933 543 977 576 de
1007 543 1238 577 Gnezenocio
1267 550 1300 576 et
1329 545 1454 577 Yvone
1482 544 1607 585 Gueri,
1639 545 1759 589 presb.
1789 546 2053 591 Corisopitens.

195 610 304 651 dioc.,
327 610 483 643 testibus
503 610 546 643 ad
567 610 744 655 premissa
764 610 901 643 vocatis
922 610 1128 655 specialiter
1149 617 1184 643 et
1205 610 1353 655 rogatis.

285 678 328 710 Et
347 688 416 721 ego
436 676 620 710 Johannes
641 676 832 717 Constelli,
856 677 1024 709 Remens.
1048 676 1142 709 dioc.
1165 676 1266 718 cler.,
1291 676 1459 722 publicus
1485 683 1601 722 apost.
1632 684 1666 710 et
1695 678 1871 722 imperiali
1902 680 2057 712 auctori-

195 750 264 777 tate
285 755 324 776 ac
340 743 546 776 venerande
567 743 822 776 Universitatis
844 743 954 776 studii
975 744 1087 776 Paris.
1111 743 1273 776 notarius
1289 745 1444 788 juratus,
1463 749 1525 777 etc.

1607 812 1637 843 J.
1665 811 1877 844 COUSTELLI.

287 915 423 947 Originale
439 915 464 938 in
480 915 558 939 ,λι-011.
574 918 628 939 nat.
644 915 728 939 Paris.
745 916 779 939 M.
795 917 824 939 67
833 916 854 944 ¹³,
870 920 898 939 11⁰
912 917 952 939 49.
969 930 997 933 —
1013 916 1231 946 Qumis-Echino,
1247 917 1359 947 Script.‚
1378 917 1396 945 Ι,
1413 917 1468 940 691.
1485 916 1651 947 D'Argentmss,
1670 917 1735 940 Coll.
1746 918 1822 946 jud„
1840 917 1872 946 12,
1889 926 1915 948 p.
1931 918 1969 940 61.

287 1000 309 1023 1.
327 999 403 1023 Clare
417 999 454 1022 sic
472 999 498 1023 in
512 999 580 1031 orig.
590 1013 621 1017 —
631 1001 652 1023 2.
665 1000 700 1023 De
712 1000 901 1023 Tremonia.1n
914 1000 993 1023 mssffl
1007 1008 1110 1031 semper
1126 1001 1157 1023 de
1174 1009 1185 1023 (t
1202 1001 1363 1029 Cremona»,
1377 1009 1387 1023 (ι
1401 1000 1538 1024 Cremonia
1550 1008 1571 1029 ›>‚
1585 1003 1613 1023 ut
1628 1009 1709 1031 supra
1725 1009 1751 1031 p.
1767 1001 1821 1024 396.
1837 1001 1886 1024 Sed
1898 1001 1924 1024 in
1936 1003 2055 1026 Auctar.

195 1044 334 1073 Chartul„
355 1045 374 1073 1,
391 1044 423 1067 nd
444 1052 485 1067 nn.
507 1045 576 1072 1395,
599 1044 724 1067 Novemb.
743 1045 780 1073 19,
801 1044 995 1072 annotavimus,
1014 1045 1155 1068 Henricum
1170 1045 1343 1068 Alemannnm
1367 1045 1457 1073 fuissey
1483 1045 1646 1076 proindeque
1668 1045 1835 1068 scribendum
1853 1054 1864 1068 (t
1881 1045 2019 1068 Tremonia
2034 1054 2055 1069 1³.

192 1102 223 1106 —
235 1089 258 1111 3.
275 1089 311 1111 De
326 1088 473 1120 Altarippa.
490 1088 548 1111 Vid.
565 1092 594 1111 n⁰
609 1089 679 1112 1445.
696 1102 725 1106 ——
737 1090 760 1112 4.
776 1089 818 1111 Sic
836 1089 906 1112 clare
925 1089 950 1112 in
967 1089 1034 1120 orig.
1056 1103 1083 1107 —
1100 1091 1123 1112 5.
1139 1089 1174 1112 De
1190 1089 1312 1112 omnibus
1331 1089 1388 1113 istis
1402 1089 1456 1120 jam
1477 1089 1503 1112 in
1525 1089 1716 1120 superioribus.
1733 1104 1759 1107 —-
1776 1091 1798 1114 G.
1813 1090 1922 1117 Quando
1946 1090 2058 1113 faciebat

192 1132 306 1164 primam
320 1133 457 1156 lectionem
473 1133 665 1164 magistralem.
679 1133 737 1156 Vid.
750 1133 781 1156 de
796 1136 932 1164 resumpta
947 1134 1083 1162 Chartul„
1097 1134 1129 1162 11,
1141 1142 1167 1164 p.
1186 1134 1241 1157 694.
1257 1148 1282 1151 -
1298 1135 1320 1157 7.
1334 1133 1400 1157 Anni
1418 1134 1486 1162 1325,
1499 1133 1576 1157 Febr.
1589 1134 1628 1166 14,
1641 1134 1672 1156 de
1684 1134 1803 1157 doctrina
1819 1135 1845 1157 S.
1858 1134 1982 1158 Thomae.
2001 1135 2057 1158 Vid.

194 1177 370 1207 Chartul.,11,
386 1182 415 1200 11⁰
435 1178 490 1201 838.
504 1191 534 1195 —-
551 1178 573 1200 8.
591 1177 714 1209 Episcopi
738 1177 823 1201 Paris.
839 1178 872 1200 ab
888 1186 929 1200 an.
947 1178 1015 1206 1332,
1035 1179 1101 1209 Aug.
1118 1178 1155 1201 13.
1173 1191 1203 1195 —
1218 1180 1241 1201 9.
1263 1179 1311 1201 An.
1332 1178 1420 1201 eodem
1443 1178 1511 1205 1387,
1526 1178 1589 1200 Julii
1606 1179 1628 1206 3,
1645 1178 1762 1201 notarius
1778 1178 1910 1202 Johanncs
1931 1179 2057 1202 Coustelli

192 1224 404 1253 transsumptum
419 1222 514 1244 harum
529 1222 677 1245 litterarum
695 1222 762 1251 fecit,
784 1222 853 1253 quod
870 1222 927 1245 vide
945 1223 1016 1253 apud
1039 1222 1204 1253 D'Argentre,
1224 1223 1287 1246 Coit.
1300 1223 1375 1252 jud..
1392 1223 1411 1250 I,
1429 1231 1455 1253 p.
1470 1223 1523 1245 224.
1541 1236 1568 1239 —
1589 1223 1623 1245 10.
1638 1222 1739 1245 Abhinc
1759 1231 1841 1254 usque
1863 1232 1873 1246 «
1890 1223 2056 1247 Galim-nnus.

193 1266 262 1297 quod
279 1275 290 1289 υ
307 1275 358 1290 om.
377 1266 468 1294 Quetit'
480 1269 505 1290 et
518 1266 684 1297 D'Argentre.

198 1375 340 1412 1559.
364 1384 507 1410 schedula
529 1384 683 1419 facultatis
704 1384 825 1419 theolog.
842 1385 948 1419 Paris.y
974 1386 1119 1411 continens
1139 1386 1170 1412 14
1190 1386 1401 1421 propositiones
1421 1394 1438 1410 a
1454 1385 1582 1411 Johanne
1598 1385 1632 1411 dc
1649 1387 1812 1411 Montesono
1829 1385 1962 1421 prolatas
1979 1390 2005 1412 et
2020 1386 2057 1411 al»

282 1434 343 1469 ipso
355 1433 542 1464 revocandas,
555 1433 684 1459 exhibita
696 1434 782 1469 episc.
796 1435 903 1468 Paris.y
917 1434 1005 1469 quiin
1019 1438 1178 1460 assertores
1190 1434 1351 1460 earumdem
1364 1435 1534 1460 sementiam
1547 1435 1847 1460 excommunicationis
1857 1434 2055 1470 pronzulgavit.

1278 1520 1346 1545 1387
1349 1540 1354 1548 ,
1371 1519 1432 1545 dulit*
1443 1520 1466 1548 6,
1482 1519 1589 1551 Augusti
1601 1520 1642 1548 23,
1659 1519 1772 1545 Parisiis.

279 1603 384 1635 Anno
403 1602 546 1635 Domini
567 1602 763 1635 millesimo
781 1603 1037 1635 trecentesimo
1055 1602 1303 1647 octuagesimo
1321 1603 1487 1647 septimo,
1507 1603 1565 1635 die
1583 1609 1681 1635 sexta
1703 1603 1839 1635 mensis
1856 1603 1953 1644 Julii,
1977 1610 2057 1648 post

192 1669 341 1714 primam
364 1669 483 1702 Sancti
503 1668 639 1710 Jacobi,
662 1668 891 1702 venerabiles
912 1669 979 1702 viri
1001 1675 1036 1701 et
1056 1669 1204 1701 discreti
1225 1669 1403 1702 decanus¹
1427 1675 1461 1702 et
1481 1669 1631 1701 facultas
1654 1668 1837 1714 theologie
1859 1669 2054 1703 Parisiens.

191 1735 405 1768 solemniter
425 1736 637 1780 congregati
659 1736 753 1780 apud
787 1736 954 1768 Sanctum
986 1736 1203 1768 Maturinum
1236 1748 1347 1780 super
1368 1735 1611 1768 declaratione
1635 1736 1868 1780 quarumdam
1891 1737 2056 1781 proposi-

194 1802 330 1835 tionum
353 1802 527 1835 dictarum
550 1814 568 1835 a
590 1802 762 1847 magistro
784 1802 947 1835 Johanne
975 1802 1018 1835 de
1052 1804 1284 1842 Montesono,
1307 1802 1480 1847 magistro
1510 1802 1545 1834 in
1575 1802 1769 1847 theologia,
1794 1803 1880 1835 Ord.
1907 1803 2054 1835 fratrum

191 1868 384 1909 Predicat.,
407 1868 629 1902 diffinierunt
657 1875 692 1901 et
724 1869 1010 1910 declaraverunt,
1034 1875 1205 1914 quantum
1234 1869 1270 1901 in
1299 1869 1352 1901 eis
1380 1875 1445 1909 est,
1470 1869 1740 1913 propositiones
1767 1869 1882 1913 ipsius
1904 1869 2056 1903 inferius

191 1942 378 1968 annotatas
403 1936 480 1968 sore
508 1935 652 1980 publice
674 1935 946 1968 denunciandas
968 1936 1004 1968 111
1025 1935 1135 1968 500115
1157 1942 1191 1968 01
1212 1935 1444 1968 sermonibus
1466 1934 1534 1967 sub
1559 1936 1671 1968 sorma
1700 1935 1852 1968 inferius
1873 1942 2053 1977 contenta,

191 2002 228 2035 in
249 2014 334 2035 casu
356 2014 427 2047 quo
449 2002 567 2035 dictus
588 2002 762 2047 magister
782 2002 896 2035 nollet
926 2014 1052 2047 parere
1082 2002 1259 2035 mandatis
1287 2002 1450 2046 ejusdem
1473 2001 1663 2034 facultatis
1693 2002 1793 2034 Salva
1822 2002 1857 2034 in
1885 2002 2055 2035 omnibus

192 2069 395 2101 reverentia
423 2068 536 2101 sancti
559 2068 696 2101 Thome
724 2080 867 2101 necnon
889 2068 1052 2101 doctrine
1075 2080 1153 2109 sue,
1176 2069 1260 2101 dicit
1282 2068 1432 2101 facultas
1455 2067 1651 2112 theologie,
1674 2068 1771 2112 quod
1794 2074 1940 2112 propter
1962 2068 2053 2101 dicta

191 2136 271 2179 ejus
293 2147 365 2167 non
387 2141 472 2168 sunt
497 2135 694 2168 asserende
716 2141 775 2167 aut
800 2134 944 2179 publice
966 2135 1239 2179 dogmatizande
1262 2135 1544 2179 propositiones,
1569 2146 1656 2178 quas
1679 2134 1850 2179 magister
1870 2134 2053 2167 Johannes

190 2201 235 2234 de
257 2203 488 2242 Montesono,
507 2201 594 2235 Ord.
614 2202 693 2234 srat.
716 2201 908 2242 Predicat.,
926 2201 962 2233 in
985 2201 1061 2234 suis
1077 2202 1248 2245 vesperiis
1264 2208 1298 2233 et
1318 2201 1354 2233 in
1377 2212 1439 2233 sua
1461 2200 1652 2245 questione
1671 2200 1714 2232 de
1738 2206 1917 2244 resumpta
1939 2201 2054 2233 tenuit

191 2274 226 2301 et
254 2268 422 2308 asseruit,
454 2274 585 2301 attenta
614 2268 674 2300 illa
706 2267 830 2312 regula
860 2267 954 2300 beati
980 2268 1190 2311 Augustini,
1218 2280 1321 2312 quam
1346 2267 1446 2312 ponit
1474 2267 1510 2299 in
1539 2273 1665 2311 quarto
1693 2266 1786 2299 libro
1812 2266 1853 2300 a’e
1876 2267 2052 2301 Doctrina

189 2335 400 2375 christiana,
426 2339 515 2379 [cap.
543 2336 608 2375 22],
634 2334 695 2367 ubi
722 2334 877 2379 loquens
898 2334 942 2366 (10
963 2334 1121 2379 antiquis
1143 2334 1355 2367 doctoribus
1384 2341 1551 2378 respectu
1580 2333 1836 2378 posteriorum,
1860 2333 1906 2365 ita
1934 2333 2021 2366 dicit
2044 2346 2049 2366 :

190 2415 206 2432 «
233 2401 290 2434 Sic
319 2402 452 2446 quippe
483 2401 535 2434 illi
566 2401 681 2445 loquti
710 2408 807 2438 sunt,
840 2408 875 2434 ut
909 2401 1146 2446 posterioreS,
1176 2401 1236 2445 qui
1267 2412 1330 2433 eos
1358 2407 1454 2433 recte
1484 2400 1733 2444 intelligerent
1760 2406 1793 2432 et
1815 2407 2049 2444 exponerent,

188 2467 333 2500 alteram
356 2468 520 2512 gratiam,
539 2468 719 2512 disparem
742 2468 901 2512 quidem,
919 2474 1166 2500 verumtamen
1189 2467 1478 2500 subservientem
1501 2467 1537 2498 in
1555 2466 1707 2499 ecclesia
1729 2466 1942 2510 reperirent.
1967 2468 2050 2500 Non

188 2534 300 2579 igitur
329 2546 453 2567 eorum
486 2535 714 2579 expositores
744 2535 790 2567 ita
820 2534 920 2579 loqui
952 2534 1097 2575 debent,
1120 2541 1286 2578 tanquam
1316 2546 1353 2566 se
1381 2540 1413 2566 et
1445 2533 1545 2578 ipsos
1574 2534 1644 2576 (sic)
1674 2533 1910 2577 exponendos
1941 2533 2050 2565 simili

187 2601 399 2633 auctoritate
430 2608 645 2646 proponant,
674 2601 738 2634 sed
768 2601 804 2633 in
836 2601 1004 2634 omnibus
1033 2600 1264 2633 sermonibus
1293 2601 1369 2632 suis
1401 2600 1566 2645 primitus
1593 2606 1628 2632 et
1657 2599 1821 2639 maxime,
1852 2606 1887 2632 ut
1917 2599 2050 2632 intelli-

187 2674 331 2712 gantur,
350 2667 538 2700 elaborent
559 2680 598 2700 ea
620 2674 791 2713 quantum
815 2674 969 2712 possunt
991 2668 1247 2712 perspicuitate
1272 2667 1429 2708 (licendi,
1452 2673 1487 2699 ut
1511 2673 1570 2699 aut
1590 2666 1740 2698 multum
1768 2666 1890 2698 tardus
1917 2666 1963 2698 sit
1990 2667 2048 2710 qui

188 2746 261 2767 non
283 2734 466 2778 intelligit,
489 2741 548 2767 aut
570 2735 606 2767 in
628 2746 763 2776 rerum,
786 2746 874 2779 quas
897 2734 1076 2779 explicare
1104 2741 1210 2778 atque
1241 2734 1435 2766 ostendere
1456 2733 1691 2770 voluerimuS,
1716 2732 1922 2764 difficultate
1945 2739 2049 2776 atquc

188 2800 400 2842 subtilitate,
418 2812 490 2833 non
513 2801 548 2832 in
570 2807 691 2833 nostra
714 2801 926 2846 loquutione
949 2801 1018 2842 51[11Δ
1041 2813 1159 2841 031153,
1178 2800 1373 2845 quominus
1395 2799 1591 2840 tardiusve,
1611 2799 1706 2843 quod
1725 2799 1916 2839 ‹lici[m]us,
1936 2799 2048 2842 possit

187 2867 358 2911 intelligi.
383 2881 398 2897 »
