2488 3386
421 350 483 382 190
997 360 1312 382 annTULAamM
1346 360 1534 382 UNtvEns.
1570 359 1698 381 rmus.
2108 357 2111 360 ⁴
2181 344 2279 381 [1369

418 433 573 465 facultati
601 433 828 466 decretorum
850 434 1081 466 concorditer
1111 434 1273 478 placebat
1302 440 1339 466 ut
1364 433 1444 466 aliis
1472 433 1702 466 facultatibus
1731 432 1918 477 predictis,
1946 438 1981 464 et
2010 431 2107 476 quod
2138 431 2182 463 de
2211 430 2279 464 hoc

419 499 593 532 haberent
613 500 665 531 illi
688 500 731 532 de
755 500 911 545 collegio
934 500 1071 533 literam
1096 501 1351 533 Universitatis
1372 500 1578 545 sigillatam.
1603 501 1790 532 Postremo
1810 510 1897 531 vero
1922 498 2146 531 reverendus
2167 498 2280 543 magi-

419 573 493 598 ster
513 566 697 599 Gerardus
724 566 767 598 de
790 567 949 600 Vervino
972 567 1145 611 magister
1167 568 1203 599 in
1226 567 1421 611 theologia,
1444 566 1661 599 Parisiensis
1686 565 1976 610 penitentiarius,
1999 576 2064 609 pro
2085 576 2149 597 sua
2168 564 2280 597 sacul-

421 639 488 665 tate
510 632 712 677 theologica
735 632 971 665 deliberando
998 634 1099 673 dixit,
1121 633 1248 666 dictam
1272 633 1572 677 supplicationem
1596 632 1777 664 sermonis
1798 638 1831 664 et
1852 631 2058 664 collationis
2080 631 2278 663 fiendarum

420 705 594 743 perpetuo
623 699 680 730 die
711 699 824 731 sancti
855 699 1028 732 Ludovici
1056 700 1155 744 regis
1188 700 1224 731 in
1252 699 1348 732 dicto
1376 699 1533 744 collegio
1557 698 1765 743 acceptabat
1793 697 2025 730 concorditer
2055 697 2147 730 dicta
2173 697 2281 730 facul-

422 771 486 805 tas,
510 764 731 809 approbabat
753 772 787 797 et
813 765 1037 806 exaudiebat,
1058 772 1095 798 ut
1118 765 1210 798 alie*
1238 765 1488 810 precedentes.
1508 766 1548 797 In
1574 777 1727 809 quorum
1756 764 1916 796 omnium
1944 763 2190 797 testimonium
2213 775 2280 796 nos

420 837 539 863 rector
559 838 594 863 et
614 831 839 864 Universitas
860 832 1028 864 antedicti
1063 838 1250 876 presentes
1279 832 1402 864 literas
1430 844 1494 864 seu
1524 843 1676 876 presens
1703 832 1981 864 instrumentum
2010 830 2194 875 publicum
2218 842 2282 876 per

422 898 581 930 notarios
602 897 768 942 publicos
794 898 1045 942 infrascriptos
1067 898 1144 930 fieri
1167 905 1202 930 et
1223 898 1398 942 publicari
1420 898 1669 931 mandavimus
1691 904 1725 930 et
1749 897 1901 930 fecimus
1927 897 1971 930 ad
1998 903 2206 942 perpetuam
2229 897 2281 930 rei

421 965 641 1005 memoriam,
667 976 706 996 ac
737 964 848 1008 sigilli
880 965 994 997 nostri
1027 977 1095 997 una
1124 977 1203 997 cum
1232 964 1366 1009 sigillis
1396 971 1429 997 et
1459 964 1794 1009 subscriptionibus
1824 964 2022 997 eorundem
2057 964 2279 997 notariorum

421 1031 644 1075 appensione
672 1031 815 1062 muniri.
838 1031 924 1063 Acta
955 1031 1099 1063 suerunt
1130 1030 1195 1063 hec
1223 1031 1383 1063 Parisius
1404 1031 1440 1063 in
1469 1038 1591 1063 nostra
1621 1030 1783 1075 generali
1811 1030 2096 1075 congregatione
2122 1030 2283 1076 predicta

422 1097 516 1141 apud
537 1097 703 1129 Sanctum
726 1097 942 1129 Maturinum
966 1096 1051 1129 liora
1073 1097 1175 1129 tertia
1197 1097 1389 1138 celebrata,
1409 1104 1446 1130 ut
1467 1098 1579 1130 moris
1596 1104 1663 1138 est,
1682 1109 1776 1130 anno
1798 1109 1815 1129 a
1833 1097 2114 1130 Resurrectione
2138 1097 2282 1130 Domini

423 1162 615 1195 millesimo
651 1163 905 1195 trecentesimo
935 1163 1161 1208 sexagesimo
1190 1175 1300 1204 nono,
1328 1163 1527 1196 indictione
1562 1170 1684 1197 octava
1720 1164 1921 1196 secundum
1957 1175 2091 1197 morem
2129 1163 2283 1196 ecclesie

423 1228 620 1270 Gallicane,
649 1229 706 1262 die
734 1230 996 1262 dccimaoctava
1025 1230 1161 1262 mensis
1184 1229 1355 1263 Octobris
1378 1231 1413 1262 in
1435 1231 1527 1263 sesto
1549 1230 1643 1263 beati
1670 1232 1778 1271 Luce,
1806 1230 2037 1275 pontificatus
2065 1230 2285 1263 sanctissimi

422 1295 458 1327 in
479 1295 623 1329 Christo
646 1296 756 1340 patris
779 1302 814 1328 et
834 1296 970 1328 domini
993 1297 1107 1329 nostri
1130 1297 1267 1329 domini
1289 1296 1425 1329 Urbani
1447 1297 1568 1330 divina
1590 1297 1818 1342 providentia
1839 1309 1929 1342 pape
1949 1299 1981 1331 V
2001 1309 2095 1330 anno
2116 1297 2283 1342 septimo,

424 1362 654 1406 presentibus
680 1363 881 1395 reverendo
903 1363 939 1395 in
961 1363 1106 1396 Christo
1128 1370 1227 1408 patre
1254 1363 1401 1396 domino
1427 1363 1584 1396 Thoma5
1606 1364 1734 1397 abbate
1760 1364 1971 1397 monasterii
1997 1364 2117 1397 Sancti
2142 1363 2287 1397 Martini

426 1428 461 1460 in
483 1430 612 1470 Bosco,
635 1429 776 1461 Belvac.
800 1429 908 1468 dioc„
931 1430 1199 1463 conservatoris
1221 1430 1495 1475 privilegiorum
1518 1437 1726 1463 nostrorum
1748 1431 1847 1464 vices
1872 1437 2036 1476 gerente,
2058 1442 2098 1463 ac
2118 1430 2287 1464 discretis

426 1495 514 1527 viris
534 1495 695 1528 Johanne
717 1496 760 1528 de
778 1497 931 1540 Acyaco,
950 1508 1079 1541 magno
1101 1496 1245 1529 hedello
1269 1496 1473 1542 theologice
1494 1497 1685 1538 facultatis,
1706 1497 1853 1530 domino
1869 1497 2003 1531 Jacobo
2024 1497 2068 1530 de
2090 1497 2286 1539 Pavilione,

425 1561 568 1594 bedello
591 1563 752 1603 Francie,
777 1563 965 1595 Suession.
989 1570 1023 1595 et
1044 1565 1214 1596 Trecens.
1239 1564 1391 1604 dioccs.,
1415 1564 1571 1597 testibus
1596 1564 1639 1597 ad
1665 1564 1842 1609 premissa
1863 1565 2000 1598 vocatis
2027 1563 2234 1609 specialiter
2254 1570 2290 1597 et

428 1628 575 1672 rogatis.

517 1696 559 1726 Et
578 1707 645 1739 ego
667 1695 875 1735 Oudardus,
897 1702 959 1729 elc.

520 1804 654 1834 Originale
667 1804 692 1827 in
709 1805 784 1828 Arch.
802 1805 853 1828 nat.
870 1806 952 1829 Paris.
970 1806 1002 1829 M.
1017 1807 1070 1834 180,
1086 1810 1113 1829 n⁰
1131 1808 1152 1829 3.
1171 1821 1199 1824 —-
1216 1807 1356 1835 Launoius,
1374 1807 1440 1838 Req.
1458 1807 1607 1832 Navarra&
1621 1815 1718 1838 yymrt.
1735 1809 1800 1833 hist.
1814 1808 1920 1837 (Parisu
1940 1809 2016 1838 1677),
2034 1817 2060 1840 p.
2074 1809 2112 1831 73.
2127 1822 2157 1826 -
2173 1808 2223 1831 Sed
2236 1808 2292 1839 jam

427 1856 469 1870 an.
485 1848 554 1876 1364,
570 1848 633 1871 Julii
649 1849 687 1878 31,
703 1849 791 1872 Simon
810 1850 906 1872 Freron
923 1850 1084 1881 supplicavit
1099 1861 1111 1871 a
1125 1860 1173 1882 pro
1189 1860 1308 1875 sermone
1326 1853 1446 1875 habendo
1462 1852 1487 1875 in
1504 1853 1615 1884 collegio
1631 1853 1662 1875 de
1678 1854 1796 1876 Navarra
1813 1862 1823 1875 υ
1841 1853 1959 1884 quolibet
1974 1861 2041 1876 anno
2059 1853 2085 1876 in
2103 1853 2144 1876 die
2162 1853 2188 1876 S.
2206 1853 2292 1876 Ludo-

428 1891 487 1921 vici,
501 1889 609 1923 quod'et
620 1896 681 1916 tunc
694 1893 815 1921 obtinuit,
836 1898 863 1917 ut
876 1894 972 1925 legitur
987 1895 1012 1917 iu
1027 1896 1086 1919 Lib.
1096 1902 1214 1926 procur.
1231 1901 1289 1921 ηαι.
1304 1897 1415 1927 Anylic.
1431 1897 1465 1920 ad
1478 1897 1502 1920 h.
1520 1905 1563 1920 an.
1578 1897 1640 1926 (vid.
1658 1899 1775 1921 Auctar.
1793 1898 1887 1922 Chart.
1905 1898 1995 1925 Um'v.r
2010 1898 2039 1927 1).

522 1994 543 2017 1.
560 1994 701 2018 Determin.
717 1998 742 2018 et
756 1995 799 2019 lic.
816 1996 841 2018 in
854 1999 902 2019 art.
920 2005 961 2019 an.
982 1998 1049 2025 1362,
1066 1998 1136 2026 Jan.,
1152 1999 1200 2021 sub
1217 2007 1285 2030 mag.
1302 1999 1421 2022 Johanne
1437 2000 1468 2022 de
1480 2000 1610 2028 Murchia;
1623 2008 1665 2023 un.
1681 2000 1751 2028 1365,
1764 2000 1875 2032 Dec.16,
1889 2008 1962 2031 proc.
1977 2003 2030 2023 nat.
2046 1999 2139 2024 Gallie.
2156 1999 2233 2030 (Bul..
2250 1999 2292 2028 IV,

429 2039 493 2067 994).
514 2052 542 2055 —
564 2040 587 2062 2.
603 2039 676 2070 Orig.
697 2048 702 2062 :
725 2049 736 2061 «
753 2043 870 2063 trutenus
887 2049 910 2069 »ς
930 2042 1010 2064 Lnun.
1029 2050 1033 2064 :
1050 2051 1060 2064 n
1075 2042 1200 2066 hactenus
1217 2052 1239 2066 1).
1255 2058 1285 2060 —
1300 2045 1322 2067 3.
1340 2044 1409 2067 ldem
1433 2044 1499 2075 ipsc,
1522 2044 1566 2076 qui
1590 2053 1681 2076 supra,
1704 2053 1729 2076 p.
1745 2044 1784 2074 92,
1801 2048 1855 2068 not.
1875 2045 1913 2073 10,
1929 2048 1958 2068 ut
1973 2053 2043 2076 mag.
2062 2047 2112 2068 art.
2129 2044 2294 2075 designatur.

430 2082 492 2111 (vid.
512 2083 665 2112 Lanuuium,
681 2084 699 2106 l.
721 2092 753 2111 c.,
771 2093 797 2115 p.
812 2086 876 2114 901).
896 2086 941 2108 An.
957 2087 1017 2109 1369
1031 2090 1139 2117 paratus
1156 2088 1242 2118 legere
1259 2096 1351 2111 cursus
1371 2089 1450 2112 theol.
1468 2090 1539 2119 (Reg.
1559 2090 1607 2112 Av.
1626 2089 1690 2112 Urb.
1710 2090 1738 2119 V,
1754 2089 1805 2112 vol.
1824 2089 1887 2118 XXI,
1910 2090 1926 2112 Γ.
1948 2090 2012 2119 399);
2029 2097 2071 2113 un.
2090 2089 2159 2118 1371,
2174 2089 2234 2112 Jan.
2254 2089 2293 2118 28,

430 2127 577 2150 Sententins
586 2128 640 2158 jam
656 2128 767 2159 legerat;
784 2129 916 2153 desiderat
930 2131 962 2152 ad
979 2139 1048 2162 mag.
1061 2131 1085 2153 in
1098 2132 1175 2156 theol.
1188 2133 1334 2163 pervenire,
1347 2141 1404 2156 cun.
1419 2133 1607 2157 Cenomanens.
1621 2135 1693 2165 (Regu
1703 2134 1782 2157 Aven.
1792 2134 1871 2165 Greg.
1883 2134 1924 2162 Xl,
1941 2134 1992 2158 vol.
2008 2134 2040 2162 11,
2058 2134 2074 2156 f.
2089 2134 2153 2163 129);
2167 2141 2209 2156 an.
2224 2134 2294 2163 1376,

433 2171 502 2199 Dec.,
515 2180 571 2194 cun.
583 2175 608 2194 et
622 2172 719 2203 poenit.
736 2173 822 2204 Bajoc.
837 2174 920 2203 (ibid.,
938 2175 989 2198 vol.
1007 2176 1091 2202 xxvl,
1109 2177 1125 2199 f.
1141 2177 1220 2205 122&
1238 2178 1439 2205 nn.1378,N0v.
1458 2179 1495 2203 17,
1511 2187 1569 2201 can.
1586 2178 1668 2202 Paris.
1687 2179 1759 2209 (Reg.
1779 2179 1859 2202 Aven.
1875 2178 1955 2202 Clem.
1974 2178 2028 2206 VH,
2045 2178 2097 2201 vol.
2114 2178 2181 2206 XHI,
2199 2178 2216 2201 f.
2232 2177 2295 2207 90³).

434 2215 468 2238 De
483 2215 559 2238 libris
575 2216 608 2238 ab
623 2216 681 2247 ipso
697 2218 760 2240 eccl.
782 2218 864 2242 Paris.
880 2219 974 2248 legatis
991 2219 1043 2243 vid.
1060 2220 1165 2249 Delisle,
1183 2222 1244 2245 cab.
1261 2223 1306 2246 des
1320 2229 1395 2251 mss„
1410 2223 1428 2250 1,
1445 2223 1500 2246 ¹229.
1522 2237 1552 2240 -
1572 2223 1597 2246 4.
1613 2223 1660 2246 Ms.
1679 2231 1684 2246 ·.
1706 2232 1716 2245 «
1735 2222 1780 2246 atii
1797 2231 1820 2246 n.
1837 2237 1867 2240 -
1884 2224 1906 2247 5.
1926 2223 1957 2246 O.
1974 2223 1999 2245 S.
2021 2223 2097 2253 Aug„
2113 2221 2296 2253 cognominato

434 2259 569 2289 Belli-filii,
582 2261 676 2283 abbate
692 2262 724 2284 ab
741 2270 781 2284 an.
795 2262 863 2291 1:363,
880 2263 950 2286 Junii
966 2266 988 2292 9,
1003 2272 1060 2286 cum
1075 2268 1143 2287 esset
1158 2266 1254 2288 decret.
1269 2267 1360 2289 doctor
1375 2270 1401 2289 et
1415 2267 1488 2297 prior
1502 2267 1637 2298 prioratus
1652 2268 1684 2291 de
1699 2268 1848 2298 Mancearg.
1865 2275 1878 2291 e
1894 2270 2006 2291 monast.
2022 2267 2047 2290 S.
2060 2266 2189 2290 Johannis
2202 2266 2297 2290 Senon.

434 2303 516 2327 dioec.
533 2305 668 2335 pendentis
686 2306 757 2337 (Reg.
775 2307 854 2330 Aven.
868 2307 931 2330 Urb.
945 2308 972 2334 Y,
990 2309 1040 2331 vol.
1061 2309 1099 2336 Vt,
1119 2310 1134 2332 s.
1151 2311 1199 2339 72).

443 2487 582 2524 1359.
605 2499 821 2533 Assignationes
837 2501 1069 2529 baccalareoram
1088 2504 1152 2530 Ord.
1172 2505 1275 2531 Praed.
1292 2515 1344 2542 pro
1361 2507 1470 2533 lectura
1487 2509 1515 2534 in
1528 2509 1624 2534 stadio
1641 2507 1734 2533 Paris.

1583 2605 1658 2634 1370,
1671 2605 1739 2630 cit-ca
1752 2603 1822 2629 «lunii
1833 2604 1858 2632 2,
1876 2602 2015 2628 Valentius.

529 2689 768 2734 Assignamus
795 2693 837 2724 ad
869 2693 1060 2735 legendum
1092 2698 1295 2731 Sententias
1329 2701 1488 2733 Parisius
1516 2713 1580 2745 pro
1609 2713 1703 2733 anno
1731 2699 1936 2732 immediate
1962 2697 2130 2742 sequenti
2156 2696 2301 2728 fratrem

443 2754 676 2788 Guilielmum
699 2757 743 2789 de
766 2760 935 2803 Marreja¹
962 2761 1005 2793 de
1028 2763 1210 2806 provincia
1234 2766 1393 2807 Francie,
1412 2779 1477 2811 pro
1494 2779 1588 2800 anno
1611 2767 1785 2807 secundo,
1804 2771 1976 2810 quantum
1994 2770 2116 2797 nostra
2137 2762 2302 2801 interest,

443 2822 585 2854 fratrem
609 2823 846 2856 Gembaldum
868 2826 911 2858 de
937 2827 1084 2872 Ulugia²
1103 2829 1146 2861 de
1170 2832 1351 2874 provincia
1369 2833 1564 2878 Aragonie,
1583 2840 1618 2866 et
1638 2845 1702 2878 pro
1725 2844 1819 2865 anno
1842 2831 1968 2872 tercio,
1986 2836 2158 2875 quantum
2181 2833 2304 2861 nostra

444 2887 606 2929 interest,
629 2890 772 2922 fratrem
800 2892 980 2925 Simonem
1011 2895 1201 2938 ssavdelli³,
1228 2909 1334 2942 quem
1363 2899 1399 2931 in
1426 2911 1511 2932 casu
1539 2912 1610 2944 quo
1640 2899 1871 2944 contingeret
1898 2898 2043 2930 fratrem
2066 2894 2304 2929 Guilielmum
