2488 3386
206 324 302 361 1394]
974 339 1019 360 DE
1056 338 1296 360 scnismars.
2001 329 2066 362 615

206 411 304 452 ralia,
331 411 392 444 ubi
423 411 635 457 legerentur
660 412 845 457 theologia
866 412 922 445 vel
938 413 1034 455 jura,
1057 412 1282 457 eligerentur
1303 412 1451 445 totidem
1475 412 1644 446 doctores
1673 420 1732 446 aut
1760 413 1863 446 etiam
1890 413 2065 446 licentiati

204 477 261 511 vel
282 477 489 520 bachalarii,
515 479 545 512 si
566 490 657 524 opus
679 485 790 519 esset,
813 478 874 523 qui
895 478 1069 511 haherent
1090 478 1237 523 equales
1258 490 1367 511 voces
1388 490 1466 510 cum
1489 478 1648 523 prelatis.

292 546 336 577 4¹¹¹
357 545 455 590 quod
477 557 546 578 una
566 557 646 578 cum
674 545 847 590 predictis
870 552 904 577 et
931 545 1060 590 legatis
1091 545 1295 589 principum
1324 544 1536 577 notabilium
1558 553 1773 579 vocarentur
1794 547 1838 579 de
1859 547 2066 580 civitatibus

204 611 335 656 aliquis
356 611 413 645 vel
433 611 558 657 aliqui,
582 618 617 645 et
636 611 857 657 generaliter
879 611 969 644 nulli
992 611 1246 656 prohiberetur
1268 612 1473 656 ingressus,
1496 612 1556 656 qui
1578 612 1686 645 vellet
1707 613 1898 646 interesse.

425 730 581 765 Secunda
606 732 664 765 via
681 731 902 776 principalis
921 732 1040 776 possit
1060 732 1150 776 poni
1171 732 1371 765 executioni
1393 731 1509 765 altero
1533 732 1622 776 iiij&
1643 731 1839 765 modorum.

292 829 411 862 Primo
433 828 531 874 quod
552 828 657 862 ambo
678 836 799 874 partes
821 829 999 874 eligerent
1021 829 1162 874 aliquos
1185 841 1227 862 ex
1248 836 1398 874 utraque
1424 836 1524 874 parte
1546 830 1582 862 in
1603 829 1722 874 equali
1748 842 1913 871 numero,
1935 831 1996 875 qui
2022 842 2065 863 ex

204 902 277 929 toto
299 902 424 928 essent
451 895 589 928 onerati
618 895 662 928 de
687 896 901 940 judicando,
925 896 1136 929 diffiniendo
1158 903 1217 929 aut
1245 896 1332 929 alias
1358 896 1632 941 quomodolibet
1658 897 1899 941 expediendo,
1922 897 1998 930 sive
2020 897 2064 930 de

202 962 371 995 cessione
402 962 524 1003 unius,
555 962 632 995 sive
663 962 864 1003 amborum,
894 969 927 995 et
957 974 999 995 ex
1027 963 1267 1007 consequenti
1296 963 1339 995 de
1368 962 1538 1007 eligendo
1567 963 1688 1003 alium,
1719 964 1749 995 si
1776 975 1868 1008 opus
1895 964 2000 1004 soret,
2030 971 2064 996 et

202 1028 480 1062 recluderentur
510 1031 547 1061 in
579 1029 700 1074 aliquo
726 1029 820 1068 loco,
855 1029 949 1062 sicut
980 1029 1217 1062 recluduntur
1243 1036 1277 1062 et
1303 1029 1506 1062 cardinales
1536 1029 1572 1061 in
1603 1029 1765 1062 conclavi
1796 1042 1860 1074 pro
1892 1030 2064 1075 eligendo

202 1107 342 1140 papam,
364 1102 398 1128 et
418 1095 513 1128 inter
534 1107 598 1128 eos
629 1095 745 1128 solum
775 1096 845 1128 due
876 1102 995 1140 partes
1024 1108 1148 1128 eorum
1177 1096 1451 1136 concluderent,
1480 1096 1573 1128 sicut
1602 1096 1638 1128 fit
1670 1083 1999 1138 de'cardinalibus,
2029 1104 2064 1129 et

203 1168 414 1195 tenerentur
443 1162 535 1194 infra
565 1169 701 1195 certum
732 1169 876 1207 tempus
907 1169 941 1195 et
971 1162 1038 1195 sub
1069 1162 1206 1195 eisdem
1238 1163 1354 1207 penis,
1385 1163 1415 1195 si
1446 1162 1537 1195 ultra
1567 1162 1768 1204 differrent,
1799 1163 1932 1207 quibus
1962 1171 2062 1196 tene-

202 1235 327 1262 rentur
347 1228 565 1269 cardinales,
593 1229 792 1261 secundum
820 1230 903 1273 jura
923 1229 1048 1261 venire
1075 1229 1118 1261 ad
1147 1229 1301 1273 aliquam
1331 1229 1561 1261 concordiam
1589 1229 1862 1262 christianitatis
1890 1230 2061 1263 unionem

201 1295 426 1329 offerentem.

288 1363 322 1394 2⁰
344 1362 441 1406 quod
463 1373 527 1407 per
547 1362 628 1406 iiijor
648 1361 828 1394 notabiles
849 1362 1033 1406 principes
1054 1362 1244 1407 utriusque
1266 1362 1487 1403 obedientie,
1510 1362 1650 1395 scilicet
1678 1362 1770 1395 duos
1797 1374 1838 1395 ex
1866 1375 1935 1395 una
1963 1370 2062 1408 parte

201 1435 235 1461 et
255 1428 348 1461 duos
370 1440 413 1461 ex
433 1428 513 1469 alia,
539 1428 763 1473 eligerentur
784 1435 823 1461 ut
844 1440 965 1473 supra,
989 1429 1121 1473 quibus
1144 1440 1182 1461 se
1204 1429 1460 1462 submitterent
1480 1441 1544 1473 per
1565 1435 1684 1473 partes
1706 1435 1744 1461 ut
1763 1441 1883 1474 supra.

287 1496 322 1528 3⁰
344 1495 442 1540 quod
464 1506 527 1540 per
548 1495 750 1529 Consilium
773 1495 944 1539 generale
971 1495 1082 1540 aliqui
1104 1496 1192 1528 certi
1221 1496 1264 1528 de
1286 1495 1354 1528 hoc
1376 1503 1615 1528 onerarentur
1636 1495 1697 1540 qui
1726 1495 1770 1528 de
1798 1495 1865 1528 hoc
1887 1495 2062 1528 haberent

200 1562 396 1607 disponere
417 1568 456 1594 ut
475 1573 596 1606 supra,
619 1568 654 1594 et
674 1562 717 1594 de
740 1561 909 1594 omnibus
932 1562 1168 1606 pertinenciis
1189 1562 1232 1595 ad
1253 1562 1436 1595 materiam
1457 1562 1650 1595 scismatis.

287 1629 322 1661 4⁰
344 1628 442 1673 quod
463 1628 532 1661 soli
557 1628 760 1661 cardinales
786 1628 924 1673 antiqui
952 1635 1191 1661 onerarentur
1216 1629 1260 1661 de
1287 1641 1325 1662 se
1347 1629 1436 1673 ipsis
1463 1628 1519 1661 vel
1541 1629 1584 1661 de
1606 1628 1826 1661 nominando
1854 1629 1995 1674 aliquos
2025 1636 2062 1662 ut

199 1706 320 1740 supra,
344 1701 379 1728 et
398 1694 465 1728 hoc
488 1695 531 1727 de
553 1701 705 1739 utraque
727 1694 947 1728 obedientia.

609 1806 738 1839 Tereia
760 1807 818 1840 via
840 1807 956 1850 possit
974 1807 1064 1850 poni
1087 1806 1202 1840 altero
1224 1806 1407 1840 modorum
1428 1807 1654 1852 sequentium.

287 1903 429 1936 Primus
451 1910 506 1936 est
529 1904 626 1948 quod
650 1903 754 1936 ambo
775 1904 949 1936 cederent
974 1904 1010 1936 in
1038 1904 1204 1937 manibus
1230 1916 1377 1937 suorum
1404 1904 1641 1937 cardinalium
1668 1911 1702 1937 et
1730 1911 1813 1937 tunc
1840 1905 1947 1937 simul
1975 1917 2060 1937 con-

197 1970 365 2003 venirent
384 1970 428 2002 ad
448 1970 657 2015 eligendum
678 1971 842 2003 tercium.

286 2038 332 2069 2¹¹⁸
354 2037 451 2081 quod
471 2037 601 2069 cedant
620 2037 656 2069 in
678 2049 784 2069 manu
806 2037 961 2070 Consilii
982 2037 1178 2082 generalis.

285 2104 332 2136 3¹¹⁵
353 2103 450 2148 quod
471 2103 602 2136 cedant
621 2104 657 2135 in
679 2103 845 2136 manibus
866 2103 1069 2148 aliquorum
1092 2104 1344 2148 eligendorum
1367 2105 1410 2136 de
1431 2116 1614 2137 consensu
1636 2116 1701 2137 suo
1725 2112 1758 2137 et
1779 2117 1926 2137 suorum
1948 2105 2059 2137 cardi-

197 2169 330 2202 nalium
349 2176 387 2202 ut
407 2181 529 2215 supra,
546 2169 603 2203 vel
625 2169 853 2214 simpliciter,
872 2170 954 2214 quia
976 2170 1012 2202 in
1034 2182 1123 2214 papa
1140 2182 1212 2202 non
1230 2177 1284 2203 est
1305 2182 1456 2203 necesse
1474 2171 1571 2215 quod
1594 2171 1628 2203 in
1651 2183 1755 2203 manu
1773 2171 1926 2215 alicujus
1943 2171 2056 2204 cedat.

284 2238 331 2269 4¹¹³
352 2236 450 2281 quod
471 2236 576 2269 ambo
597 2236 808 2269 cedencium
833 2236 876 2268 (le
898 2248 1080 2269 consensu
1103 2248 1250 2269 suorum
1271 2237 1506 2269 cardinalium
1528 2238 1716 2270 nominent
1737 2237 1958 2282 eligendum.

285 2304 337 2335 De
364 2303 635 2348 compulsione,
662 2315 706 2335 an
731 2303 897 2336 videatur
925 2303 1022 2347 quod
1051 2303 1129 2347 regi
1160 2303 1290 2335 debeat
1318 2303 1406 2344 (lici,
1439 2304 1536 2348 quod
1567 2303 1628 2336 uhi
1663 2316 1726 2348 per
1753 2304 1993 2336 racionabiles
2024 2310 2059 2336 et

196 2369 404 2403 amicabiles
424 2370 500 2403 vias
529 2376 648 2415 partes
677 2382 749 2402 non
781 2376 932 2414 possent
961 2369 1004 2402 ad
1040 2369 1174 2402 bonum
1203 2370 1300 2414 pacis
1327 2364 1598 2414 adducquuod
1635 2377 1786 2415 possent
1816 2370 1984 2415 compelli
2015 2371 2057 2403 ad

196 2436 351 2481 aliquam
373 2437 547 2469 dictarum
570 2436 720 2477 viarum,
744 2436 826 2481 quia
848 2443 903 2469 est
995 2437 1066 2478 (sic)
1088 2448 1169 2480 pars
1191 2436 1412 2468 cedularuin.

289 2534 364 2558 Arch.
382 2535 450 2563 vat„
472 2543 538 2558 arm.
553 2536 590 2563 54,
612 2539 640 2557 n0
656 2535 694 2563 21,
711 2535 755 2558 sol.
775 2535 854 2557 36-39,
873 2534 929 2556 Vid.
948 2542 1028 2564 supra
1045 2538 1073 2556 n⁰
1091 2534 1160 2561 1673,
1179 2537 1229 2558 not.
1252 2536 1274 2557 5.
1291 2535 1319 2556 In
1346 2534 1463 2564 margine
1481 2534 1627 2564 exscriptae
1648 2537 1708 2556 sunt
1724 2534 1874 2557 charactere
1893 2534 2056 2565 autographo

196 2581 271 2601 notae
286 2579 457 2609 reprobantes
471 2588 537 2610 quae
554 2579 580 2602 in
598 2579 727 2602 Schedula
743 2579 875 2602 dicuntur.
890 2592 919 2595 ——
937 2578 1081 2601 Schednlae
1100 2578 1245 2601 communis
1262 2578 1346 2601 solum
1358 2586 1386 2601 ea
1403 2586 1468 2609 quae
1484 2586 1566 2609 supra
1581 2578 1710 2601 edidimus
1729 2582 1883 2601 conservata
1899 2582 1968 2602 sunt.
1983 2578 2056 2601 Certe

194 2623 272 2653 plura
289 2623 342 2645 alia
361 2623 519 2652 continebat,
539 2627 564 2646 et
583 2624 688 2654 quidem
704 2623 784 2646 dubia
806 2624 832 2645 in
855 2623 1016 2646 contrarium
1036 2626 1061 2645 et
1082 2623 1223 2645 solutiones
1245 2623 1405 2646 eorumdem.
1423 2623 1475 2645 Hoc
1496 2623 1650 2646 concludere
1669 2631 1811 2654 possumus
1836 2631 1849 2645 0
1867 2623 1965 2653 scripto
1983 2623 2055 2652 Opus

195 2668 284 2691 unius
296 2668 396 2697 mayni
406 2668 512 2697 prelati
528 2668 651 2697 (Simonis
664 2668 694 2691 de
708 2668 865 2699 Cramaudo)
881 2676 923 2690 an.
938 2668 1007 2692 1395.
1024 2667 1067 2689 ubi
1085 2668 1169 2698 quoad
1189 2668 1235 2689 hoc
1254 2671 1392 2690 narratur:
1411 2677 1423 2687 «
1440 2667 1548 2690 materia
1566 2676 1613 2698 per
1632 2668 1721 2698 plures
1736 2667 1818 2690 dietas
1836 2667 1884 2690 suit
1906 2667 2055 2689 notabiliter

194 2714 219 2734 et
231 2711 325 2734 diffuse
340 2719 398 2734 cum
414 2720 509 2742 magna
523 2712 673 2735 maturitate
686 2715 855 2743 pertractatu,
871 2712 1003 2742 tangendo
1021 2711 1077 2734 vias
1093 2719 1182 2735 omnes
1198 2720 1247 2743 que
1262 2712 1372 2742 reperiri
1389 2715 1510 2743 poterunt
1525 2712 1557 2734 ad
1574 2711 1695 2735 unionem
1711 2720 1768 2734 011111
1785 2711 1888 2734 motivis
1905 2711 1937 2733 ad
1950 2711 2054 2733 easdem

194 2755 256 2784 (vid.
271 2757 371 2786 supra),
385 2757 478 2780 dubiis
493 2757 524 2780 in
539 2757 714 2780 contrarium
727 2761 750 2780 el
765 2756 953 2780 solutionibus
967 2757 1128 2784 eorundem,
1147 2759 1172 2779 et
1184 2756 1339 2787 quandoque
1356 2756 1381 2778 in
1394 2756 1526 2787 presentia
1542 2756 1639 2779 domini
1660 2755 1810 2779 cancellarii
1826 2755 1934 2778 Francie
1953 2758 1978 2777 et
1993 2764 2054 2786 quo-

193 2799 304 2822 rundam
318 2800 473 2822 notabilium
488 2801 520 2823 de
532 2800 641 2823 consilio
656 2801 736 2831 regis,
750 2804 774 2823 et
787 2801 971 2831 deputatorum
989 2800 1174 2824 Universitatis
1189 2800 1272 2823 Paris.
1292 2810 1304 2820 »
1322 2800 1406 2830 (Arch.
1421 2800 1488 2825 Vat..
1505 2809 1569 2822 arm.
1586 2801 1623 2827 54,
1642 2804 1669 2822 11ο
1683 2800 1720 2828 21,
1738 2801 1754 2823 s.
1772 2801 1811 2822 [16.
1831 2801 1932 2823 Chron.
1948 2800 1985 2822 du
2003 2799 2052 2822 rel.

193 2845 224 2867 de
244 2844 441 2875 Saint-Denys,
463 2845 494 2873 11,
511 2845 563 2873 226,
588 2845 650 2874 228).
670 2845 741 2872 Quae
759 2848 846 2868 tamen
865 2845 1000 2868 citationes
1025 2845 1049 2867 in
1073 2844 1202 2867 schedula
1219 2845 1349 2867 communi
1372 2844 1538 2867 inveniuntur
1555 2853 1559 2867 z
1582 2845 1613 2868 in
1634 2848 1749 2874 quarta,
1772 2844 1801 2867 in
1820 2843 1876 2873 :sija
1893 2843 2001 2871 cedula,
2022 2843 2053 2866 in

192 2888 291 2912 cedula
303 2889 406 2918 ccxvijfl,
424 2889 456 2911 ud
472 2889 611 2912 schedulas
626 2889 814 2920 magistrorum
830 2893 855 2913 et
868 2890 1027 2912 scholarium
1045 2889 1136 2912 referri
1152 2892 1271 2920 possunt.
