2508 3372
0 0 15 33 oq,

965 308 1263 330 APPENDICULA.
1931 309 2041 330 xxxul

182 385 324 419 paradiso.
340 384 397 410 sive
417 384 467 410 illo
482 383 610 410 terrestri
625 383 676 409 ubi
697 383 757 409 Ade
779 383 876 409 infusa
897 383 1067 409 divinorum
1083 384 1172 416 atque
1196 383 1398 408 humanorum
1421 382 1548 414 cognitio
1563 381 1714 411 traditur',
1732 382 1787 408 sive
1807 390 1821 408 e
1834 383 1928 408 celesti
1944 383 2005 412 ubi,
2024 383 2045 409 si

182 443 274 477 poetis
286 442 357 468 fides
369 443 421 472 est,
438 449 472 468 ex
486 441 561 467 Jovis
575 441 680 467 vertice
695 441 848 474 progenita
862 442 904 467 est
924 441 1051 467 Minerva
1067 440 1205 474 sapientie
1220 440 1286 469 dea:
1304 441 1331 465 et
1351 440 1433 473 quasi
1445 447 1513 465 cum
1534 439 1572 465 eis
1594 439 1711 465 sentiret
1727 439 1785 472 ipse
1800 440 1921 473 sapiens,
1940 450 1953 464 «
1966 440 2044 466 mitti

182 500 235 526 sibi
249 508 265 526 e
280 500 345 526 cells
360 498 549 533 sapientiam2
566 509 579 522 »
598 498 773 532 postulabat,
788 506 879 532 quam
902 499 931 524 et
945 498 1015 524 dicit
1034 508 1046 521 «
1063 506 1096 523 ex
1113 505 1163 524 ore
1177 497 1315 523 Altissimi
1334 496 1489 530 prodiisse³
1504 507 1518 520 ³>
1537 498 1565 522 et
1586 507 1599 520 «
1618 497 1785 530 ymaginem
1806 498 1965 530 quamdam
1987 506 2045 524 esse

181 558 318 584 honitatis
333 556 426 583 illius⁴
441 567 465 582 ι).
483 556 593 583 Omissa
608 557 708 583 autem
725 564 811 589 super
826 556 882 582 hiis
896 556 1113 589 disceptatione,
1129 556 1244 581 certum
1259 555 1288 580 id
1304 555 1456 584 habemus,
1473 555 1584 588 reliqua
1603 554 1697 580 studia
1713 556 1763 580 aut
1782 556 1846 587 post.
1863 555 1918 581 hoc
1937 557 1988 580 aut
2009 556 2044 581 ab

180 616 237 642 hoc
257 614 402 642 derivata5
421 622 489 644 esse,
506 614 592 640 velud
614 621 648 640 ex
672 614 752 640 fonte
772 614 876 643 vivido,
891 613 943 647 qui
964 613 995 639 in
1018 615 1146 646 quatuor
1161 613 1311 638 facultates
1326 620 1379 638 ceu
1395 612 1517 638 totidem
1534 612 1657 637 flumina
1677 618 1735 638 sese
1754 612 1923 645 impertiens
1942 620 2044 646 super-

180 673 276 700 ficiem
289 680 410 699 omnem
423 674 499 699 terre
513 672 600 698 undis
614 672 816 698 doctrinarum
829 671 925 697 reddit
940 671 1081 704 irriguam
1088 670 1109 695 ὓ.
1125 670 1259 703 Gignasia
1272 677 1338 696 vero
1353 670 1407 696 alia
1421 678 1481 695 non
1500 677 1620 703 parvam
1635 670 1737 696 afferre
1752 670 1938 695 scientiarum
1962 671 2044 696 uber-

180 732 271 757 tatem
292 730 358 760 scio,
381 738 434 756 nec
456 730 566 756 famam
588 729 708 763 insuper
721 729 761 755 eis
781 729 876 755 deesse
898 736 950 755 nec
972 729 1105 762 gloriam,
1122 730 1150 754 et
1165 728 1404 761 unumquodque
1419 728 1542 761 propriis
1556 727 1664 760 pollere
1679 727 1844 760 disciplinis.
1860 727 1897 753 At
1911 730 2045 754 nostrum

180 788 316 822 ampliori
330 789 384 814 hec
396 788 496 814 omnia
511 787 577 813 sinu
590 787 806 820 complectitur,
822 788 856 812 ut
871 786 1010 812 nonnulli
1023 786 1125 812 exinde
1140 787 1246 819 putent
1261 786 1310 811 hoc
1324 785 1442 811 studium
1464 785 1642 819 sinyulariter
1659 785 1846 811 Universilatis
1868 793 1964 811 nomen
1982 794 2045 812 sor-

180 846 258 872 titam
277 854 344 875 esse,
367 845 440 879 quod
461 845 489 871 in
507 853 536 871 se
550 846 725 871 coacervatas
749 845 831 870 habet
851 844 1036 877 particulares
1060 844 1229 878 sinyulorum
1247 843 1440 877 preroqativas
1467 844 1548 876 atque
1568 842 1754 875 discipllnas⁷v
1775 850 1847 876 quas
1868 844 1897 869 et
1917 843 2046 876 adquirit

180 904 322 938 copiosius
336 904 365 930 et
384 903 605 929 habundantius
619 903 765 936 latiusque
779 902 929 928 diffundit.
953 903 986 927 In
1007 902 1192 935 philosophia
1214 909 1291 930 vero,
1314 901 1511 934 metaphysica
1534 908 1566 926 ac
1587 900 1733 933 theologia
1756 902 1839 926 tanto
1859 901 1920 926 aliis
1942 909 2045 934 super-

180 961 338 991 extollitur,
360 962 472 995 quanto
494 961 524 986 in
548 961 662 993 fulgore
684 960 789 986 lunam
809 960 851 986 sol
871 960 970 989 vincit.
987 961 1038 986 aut
1053 961 1175 993 quanto,
1192 961 1226 985 ut
1245 959 1322 984 Maro
1337 959 1387 988 ait,
1405 968 1419 982 «
1435 958 1580 991 delphinis
1593 958 1694 984 balena
1715 958 1880 984 Britannica
1894 958 2005 992 maior'3
2019 969 2043 984 ».

179 1019 234 1045 Nec
245 1019 339 1045 haheo
354 1026 483 1044 neccesse
497 1026 529 1044 ea
542 1018 653 1044 curiose
665 1018 812 1047 disserere,
828 1018 859 1043 in
872 1017 980 1051 quibus
995 1017 1072 1043 orbis
1093 1019 1172 1043 totus
1193 1024 1310 1042 mecum
1326 1016 1471 1045 convenit,
1486 1024 1538 1042 nec
1554 1023 1617 1041 rem
1633 1017 1733 1049 suapte
1754 1016 1936 1054 perspicuam
1955 1024 2045 1049 argu-

180 1075 328 1112 [tioni]bus
343 1076 375 1102 in
387 1076 563 1109 ambiguum
577 1076 728 1102 deducere.
745 1076 907 1108 Interroges
922 1083 954 1101 ea
969 1075 1004 1101 de
1019 1075 1127 1108 quihus
1142 1075 1248 1108 loquor
1265 1074 1369 1103 studia,
1384 1075 1413 1100 et
1427 1082 1487 1100 non
1503 1075 1531 1100 te
1545 1074 1640 1099 celent
1658 1073 1838 1107 quidquam;
1855 1081 1904 1099 ore
1926 1082 2046 1100 venera-

179 1134 282 1160 hundo
302 1134 340 1160 ita
357 1142 416 1160 esse
434 1134 626 1160 consentient.
647 1133 701 1159 Nec
725 1133 784 1167 ipse
806 1133 927 1167 quidem
952 1133 1025 1158 livor
1048 1133 1103 1159 hoc
1127 1132 1254 1166 negabit,
1277 1140 1359 1162 nam,
1382 1132 1463 1165 quod
1484 1131 1693 1157 difficillimum
1716 1131 1856 1157 Salustiof'
1876 1132 1970 1157 visum
1993 1133 2045 1161 est,

181 1202 195 1216 «
210 1191 350 1218 invidiam
370 1192 460 1225 gloria
484 1191 631 1224 superavit
652 1202 676 1217 ».
694 1191 750 1217 Hec
769 1192 811 1217 est
826 1190 914 1224 que⁴⁰
929 1191 1020 1217 Gallie
1035 1191 1108 1216 illud
1125 1191 1225 1216 attulit
1246 1190 1376 1223 elogium
1398 1198 1403 1215 :
1422 1200 1435 1212 «
1452 1190 1510 1215 sola
1523 1189 1615 1215 Gallia
1630 1191 1761 1215 monstro
1780 1189 1873 1215 caruit
1889 1200 1911 1214 ».
1930 1190 2015 1222 Quod
2030 1197 2045 1215 a

179 1250 328 1277 Jeronimo
341 1249 495 1279 dictum⁴⁴,
509 1251 584 1275 recte
597 1249 633 1275 ad
643 1249 672 1275 id
684 1250 811 1274 tractum
822 1250 873 1278 est,
886 1249 966 1282 quod
981 1249 1062 1274 illam
1074 1248 1141 1274 fidei
1151 1248 1393 1281 pulcritudinem,
1406 1255 1497 1281 quam
1508 1247 1597 1273 Gallia
1609 1247 1696 1273 semel
1708 1249 1749 1273 est
1761 1248 1896 1280 professa,
1909 1248 2046 1273 monstris

179 1308 315 1334 heresum
326 1307 553 1334 indesormatam
564 1306 676 1333 assidue
686 1307 851 1336 custodivit,
866 1314 934 1332 cum
948 1306 1071 1332 ubilibet
1082 1314 1155 1340 pene
1165 1308 1311 1332 terrarum
1325 1307 1368 1331 tot
1380 1313 1514 1331 errorum
1527 1305 1614 1331 duces
1628 1306 1796 1334 narrentur,
1808 1306 1881 1338 quot
1890 1304 1911 1322 ¹²
1926 1307 2044 1331 actores.

151 1371 154 1373 ⁴
177 1366 249 1392 Nam
263 1365 315 1391 ubi
336 1373 388 1398 par
407 1365 475 1391 fidei
496 1365 584 1394 zelus,
601 1364 653 1390 ubi
673 1364 752 1389 illius
773 1364 902 1390 defensio
924 1364 1059 1397 paratior,
1077 1364 1128 1389 ubi
1152 1363 1378 1390 hereticantium
1400 1363 1600 1389 vehementior
1619 1362 1797 1388 confutatio?
1821 1363 1940 1388 Nullubi
1964 1363 2044 1389 enim

178 1430 269 1456 quam
284 1422 314 1448 in
328 1422 419 1448 Gallia
435 1422 587 1449 veriorem.
603 1421 804 1454 integriorem,
828 1421 1075 1454 sincerioremque
1096 1421 1164 1447 fidei
1187 1420 1395 1454 professionem
1415 1420 1547 1453 reperies.
1573 1420 1656 1445 Istius
1671 1421 1770 1446 autem
1793 1428 1850 1453 que
1872 1420 1925 1445 alia
1949 1420 2046 1453 potior

178 1488 263 1506 causa
279 1480 335 1506 fuit
348 1487 439 1513 quam
452 1479 618 1513 preclarum
633 1479 708 1504 illud
723 1478 800 1504 orbis
811 1479 909 1512 jubar,
925 1478 1088 1505 Parisiensis
1100 1478 1292 1504 Universitas?
1308 1478 1379 1503 Nam
1394 1477 1521 1504 tenebris
1534 1478 1614 1503 locus
1627 1485 1687 1503 non
1702 1479 1754 1507 est,
1768 1477 1819 1503 ubi
1834 1479 1934 1503 tantus
1949 1478 2046 1511 fulgor

177 1538 306 1566 irradiat.
323 1540 351 1564 et
366 1538 570 1564 suavissimum
586 1537 719 1570 ssorigere
741 1537 805 1562 talis
825 1536 907 1562 vinee
926 1536 1046 1562 odorem
1066 1536 1269 1562 veneniferum
1294 1535 1460 1569 quidquam
1482 1543 1543 1561 non
1565 1535 1697 1564 sustinet,
1721 1543 1773 1561 nec
1795 1535 1905 1561 habent
1919 1535 2045 1569 denique

178 1596 290 1622 hereses
305 1595 402 1621 ullum
418 1603 487 1621 cum
503 1602 605 1620 earum
619 1594 802 1628 extirpatrice
817 1594 1039 1620 commercium.

177 1701 344 1731 (Bouncnms
360 1709 396 1724 nu
412 1701 571 1724 Cnssrmrr
598 1700 687 1724 Nouv.
705 1700 818 1724 histoire
837 1701 875 1723 du
892 1699 1002 1724 concile
1017 1701 1048 1723 de
1065 1700 1226 1726 Constance,
1244 1699 1366 1722 Preuves.
1383 1707 1410 1729 p.
1427 1699 1491 1727 123).
1507 1698 1573 1721 Dum
1589 1697 1696 1720 Athenis
1717 1698 1881 1721 Universitas
1903 1701 1980 1730 esset,
1998 1698 2047 1721 suit

177 1755 190 1767 «
208 1747 326 1769 nominee
351 1746 437 1769 Pallas
457 1754 491 1768 ou
506 1745 620 1768 Minerve
637 1753 658 1773 »‚
673 1747 702 1767 ut
716 1745 826 1768 Gx-:Rsou
843 1744 944 1767 sciebat
962 1744 1049 1774 (Opp.,
1067 1744 1112 1773 111,
1132 1744 1196 1773 573).
1216 1757 1247 1761 ——-
1261 1744 1368 1767 PETnus
1384 1750 1418 1766 ΒΕ
1434 1744 1563 1766 Ammineo
1582 1742 1786 1765 Universitatem
1803 1742 1955 1772 introducit,
1974 1751 2001 1766 se
2018 1743 2044 1766 in

176 1792 294 1822 Aegypto
309 1794 394 1813 ortam
414 1798 480 1818 esse,
497 1790 663 1812 confitentem
686 1789 764 1818 (infru
783 1797 810 1820 p.
827 1789 891 1818 399),
908 1792 933 1812 et
953 1788 1062 1812 Gmxsox
1083 1791 1175 1819 postea
1195 1796 1253 1811 eum
1270 1788 1388 1810 imitatur
1403 1787 1490 1818 (Opp.,
1508 1787 1553 1816 ΙΙΙ,
1572 1788 1635 1816 573).
1652 1787 1720 1814 Quid
1745 1787 1850 1815 mirum,
1863 1795 1922 1810 cum
1940 1791 2045 1810 auctore

176 1835 340 1859 ALEXANDRO
358 1835 473 1858 Nncxm
488 1834 621 1857 Abraham
640 1833 666 1856 in
685 1834 803 1864 Aegypto
821 1833 994 1861 Quadrivium
1013 1833 1131 1856 docuerit
1144 1833 1193 1863 (De
1209 1837 1268 1856 nat.
1286 1839 1352 1860 rer.,
1370 1832 1410 1855 ed.
1429 1832 1552 1860 WRIGuT,
1570 1839 1596 1862 p.
1613 1832 1684 1861 308)?
1702 1840 1713 1853 «
1730 1832 1762 1854 Et
1777 1831 1826 1854 sub
1841 1835 1912 1854 tanto
1929 1832 2042 1861 doctore,

176 1879 356 1911 prosequitur,
377 1878 453 1902 multi
466 1878 658 1901 mathematicis
674 1877 843 1908 invigilantes
860 1877 1009 1908 disciplinis
1024 1877 1050 1900 in
1067 1877 1167 1900 nobiles
1185 1879 1325 1900 evaserunt
1340 1876 1513 1907 philosophos
1531 1884 1552 1898 n.

270 1924 294 1947 1.
311 1934 324 1945 «
343 1923 430 1952 Helas,
444 1924 470 1954 je
488 1923 542 1946 suis
558 1923 631 1952 celle,
651 1923 694 1954 qui
713 1930 743 1945 en
759 1922 843 1945 Adam
861 1923 902 1945 fus
917 1922 1120 1953 premierement.
1136 1921 1252 1952 inspiret:
1272 1929 1302 1944 en
1324 1929 1352 1943 sn
1375 1921 1494 1943 nouvelle
1514 1920 1628 1943 creation
1644 1929 1665 1948 n,
1685 1920 1849 1943 Universitns
1870 1920 1954 1944 Paris.
1974 1921 2046 1951 apud

177 1969 296 1997 Gnnson,
308 1969 326 1992 l.
343 1977 375 1995 c.,
393 1968 542 1999 profitetur.

269 2013 294 2036 2.
312 2014 382 2041 SAP„
398 2020 434 2040 1x,
452 2013 490 2035 10.

270 2058 294 2080 3.
311 2058 413 2085 Εοοι1.,
430 2064 503 2085 xnv,
517 2059 539 2079 5.

270 2102 293 2124 4.
313 2102 382 2129 SAr„
400 2108 448 2130 vn,
465 2101 503 2123 26.

271 2147 293 2169 5.
311 2145 429 2169 Primum
447 2155 460 2166 α
476 2144 610 2176 prodiisse
626 2154 648 2168 »-

270 2191 293 2213 6.
312 2190 398 2213 Minus
416 2190 550 2220 eleganter
567 2189 676 2213 GERSON
691 2189 818 2218 eamdem,
833 2189 866 2211 ab
881 2189 940 2211 uliis
954 2189 1008 2220 jam
1026 2188 1101 2220 prius
1117 2196 1195 2219 saepe
1214 2187 1346 2218 prolatam
1362 2186 1517 2210 sententiam
1533 2186 1655 2217 exprimit
1669 2195 1674 2210 ς
1691 2196 1703 2207 «
1721 2186 1884 2209 Universitns
1903 2186 1985 2209 Paris.
2006 2189 2045 2209 est

178 2236 235 2258 sons
251 2234 374 2257 scientiae
390 2234 416 2257 in
432 2237 545 2265 quatuor
565 2233 718 2256 facultatum
734 2233 842 2256 flumina
858 2233 1019 2261 condivisus,
1037 2233 1152 2264 irrigans
1170 2232 1320 2255 universam
1338 2231 1504 2262 superficiem
1524 2234 1609 2253 terrae
1628 2239 1638 2252 »
1657 2230 1735 2260 (Opp.
1753 2231 1783 2257 11,
1801 2230 1850 2260 51).

271 2280 293 2302 7.
312 2279 370 2302 Vid.
390 2287 472 2310 supra
488 2287 515 2309 p.
532 2286 580 2302 v11.

270 2324 293 2347 8.
311 2324 450 2346 Auctorem
474 2323 601 2346 memoria
624 2323 699 2346 fallit.
723 2323 763 2346 Cf.
779 2323 922 2350 Juvat-AL,
939 2322 998 2346 Sat.
1020 2330 1043 2350 x,
1071 2322 1110 2345 14.
1129 2322 1267 2345 Caeterum
1293 2320 1348 2351 jam
1375 2321 1538 2343 Amxmnmz
1559 2319 1674 2342 Nectum
1701 2319 1727 2349 (l.
1755 2327 1787 2346 (κ,
1806 2327 1833 2350 p.
1854 2319 1908 2347 311)
1929 2319 2042 2341 scribit:

178 2378 190 2389 «
208 2367 299 2391 Civilis
312 2368 380 2399 juris
394 2368 517 2398 peritiam
533 2367 650 2390 vindicat
665 2367 716 2390 sibi
735 2366 820 2394 ltalia,
836 2367 881 2389 sed
894 2366 1014 2389 coelestis
1027 2366 1159 2397 scriptura
1175 2369 1199 2389 et
1211 2365 1335 2388 liberales
1349 2367 1418 2387 artes
1434 2364 1567 2387 civitatem
1582 2363 1757 2386 Parisiensem
1773 2363 1881 2386 caeteris
1898 2364 2044 2394 praeferen-

177 2413 238 2435 dum
254 2420 311 2435 esse
325 2412 486 2435 convincunt
498 2420 521 2435 ».

270 2458 294 2480 9.
313 2457 401 2481 ΞΑιι..
417 2457 491 2487 Ια9.,
507 2457 554 2480 10:
572 2466 585 2478 α
601 2456 671 2488 quod
689 2456 873 2479 difficillimum
886 2455 954 2478 inter
968 2455 1103 2483 mortales,
1120 2455 1206 2486 gloria
1221 2453 1351 2477 invidiam
1366 2453 1454 2476 vicisti
1470 2462 1493 2476 ».

271 2502 309 2526 10.
328 2502 349 2524 1.
364 2509 386 2524 e.
401 2501 577 2525 Universitas.
590 2514 617 2518 —
635 2510 647 2522 α
662 2504 702 2524 est
716 2509 766 2532 que
782 2511 794 2521 υ
812 2500 912 2523 minuto
928 2500 1079 2523 charactere
1094 2499 1162 2522 inter
1177 2499 1270 2521 lineas.

271 2546 310 2569 11.
328 2547 443 2570 Advers.
464 2545 661 2576 Viyilamium,
675 2545 692 2568 l.
707 2554 740 2575 c.‚
752 2554 765 2566 <x
780 2545 841 2568 Sola
857 2545 943 2568 Gallia
961 2548 1079 2567 monstra
1095 2552 1145 2567 non
1161 2543 1254 2566 habuit
1272 2552 1295 2565 n.
1308 2542 1393 2565 Minus
1412 2542 1544 2572 eleganter
1559 2541 1622 2563 haec
1638 2540 1725 2563 omnia
1743 2541 1849 2563 Pmncs
1867 2547 1901 2562 ms
1915 2541 2043 2562 Aul-mco

178 2598 220 2614 an.
244 2591 302 2613 1389
317 2598 405 2613 corum
422 2590 553 2613 Clemente
571 2590 615 2613 vll
635 2590 660 2612 in
679 2590 785 2612 laudem
804 2589 990 2612 Universitatis
1009 2589 1125 2616 adduxit,
1147 2588 1173 2611 in
1193 2588 1261 2610 Bibl.
1281 2588 1473 2613 Cameracens,
1491 2594 1539 2608 ms.
1558 2586 1604 2608 490
1621 2585 1693 2614 (531),
1714 2585 1757 2607 sol.
1778 2585 1821 2607 193
1842 2586 1892 2614 (ap.
1912 2584 2042 2611 BuL.,1v‚

176 2644 202 2667 p.
221 2636 267 2658 653
285 2637 353 2666 sq.):
372 2644 383 2657 «
403 2635 454 2658 Hec
473 2638 512 2658 est
531 2651 576 2663 ....,
594 2642 641 2665 per
659 2642 738 2666 quum
757 2634 842 2657 Gallie
861 2634 927 2656 illud
945 2634 1061 2664 elogium
1079 2641 1093 2656 a
1111 2632 1273 2660 Quintiliano
1291 2640 1321 2654 ac
1339 2631 1432 2654 deinde
1456 2639 1470 2653 a
1494 2631 1635 2660 ,leronymo
1659 2629 1785 2651 donatum
1809 2631 1856 2656 est,
1878 2629 1933 2651 sola
1956 2628 2041 2651 Gallia

178 2683 295 2703 monstro
310 2679 403 2707 caruit,
420 2682 536 2702 monstro
553 2679 610 2702 scil.
623 2679 723 2710 perfide
738 2678 911 2707 infidelitatis,
923 2687 982 2701 cum
998 2678 1062 2700 alibi
1078 2681 1115 2700 tot
1131 2677 1227 2700 suerint
1243 2684 1362 2699 errorum
1376 2679 1453 2703 secte,
1467 2678 1530 2705 quot
1542 2677 1643 2696 actores
1653 2683 1675 2696 ».
1689 2673 1784 2696 Deinde
1801 2674 1875 2695 Petro
1891 2673 1920 2695 de
1938 2673 2041 2695 Luxem-

178 2724 271 2755 burgo,
284 2724 358 2755 cujus
374 2723 484 2746 virtutes
502 2723 646 2755 praedicat,
662 2731 714 2746 non
732 2726 818 2746 nutem
832 2722 1014 2750 Universitati,
1031 2725 1058 2745 ut
1074 2725 1165 2744 auctor
1180 2729 1270 2752 supra,
1290 2720 1400 2743 verbum
1417 2718 1543 2748 Sallustii,
1561 2718 1621 2740 lieet
1640 2718 1823 2745 desnrnmtum,
1841 2717 2019 2739 accommodat.
2035 2723 2040 2738 ε

180 2777 191 2792 t(
210 2777 270 2791 num
290 2769 359 2799 quod
380 2768 494 2793 Salustio
510 2768 693 2791 difficillimum
708 2767 795 2791 visum
811 2770 859 2795 est,
876 2767 979 2791 virtute
998 2766 1125 2789 invidiam
1141 2765 1277 2797 superavit
1293 2774 1314 2788 ».
1331 2765 1414 2792 Certe,
1432 2763 1572 2794 quamdam
1588 2762 1739 2784 relationem
1761 2761 1827 2784 inter
1842 2761 1907 2783 dnos
1923 2763 2041 2783 allelui-es

178 2813 349 2841 intercedere,
363 2812 454 2844 negari
472 2821 523 2835 non
538 2815 634 2844 potest.

274 2858 311 2882 12.
331 2857 383 2881 Ms.
401 2860 448 2880 tot.
