2488 3386
195 358 292 394 1366]
611 371 657 393 AB
691 372 797 394 ANNO
831 371 965 394 mecm.
998 371 1129 399 USQUE
1165 372 1212 393 AD
1246 372 1510 394 BENEmc'l-UM
1543 373 1635 394 x111.
1990 364 2053 396 155

193 444 395 485 videbatur,
426 451 460 477 et
489 445 533 477 de
562 444 630 478 hoc
659 446 802 478 fuerant
831 451 865 477 et
894 451 995 477 erant
1023 445 1059 476 in
1090 445 1327 489 possessione
1358 452 1390 477 et
1418 445 1550 478 saisina
1581 457 1644 490 per
1665 452 1805 490 tempus
1831 453 1865 478 ct
1894 453 2054 491 tempora

195 511 412 555 supradicta,
445 523 510 544 nec
541 518 616 544 erat
642 511 918 551 inconveniens,
949 523 1067 556 ymmo
1098 511 1150 543 rei
1181 511 1337 555 publice,
1368 512 1557 556 presertim
1589 512 1700 544 totius
1725 512 1810 544 ville
1840 513 2055 545 Parisicusis

194 577 367 610 intererat
386 584 422 610 et
443 577 657 622 expediebat
684 578 800 611 dictos
821 577 1010 610 carnifices
1034 578 1069 609 in
1098 577 1223 621 majori
1251 589 1402 610 numero
1424 578 1538 610 creari
1564 584 1599 610 et
1625 578 1765 610 institui
1792 578 1828 610 in
1856 578 1950 611 dicto
1976 578 2055 611 loco

195 655 299 688 quam
320 643 494 676 hactenus
515 644 624 676 creati
646 645 862 682 extitissent,
885 650 1019 677 attento
1042 643 1155 688 plate⁶
1178 644 1291 688 patrie
1311 650 1417 684 statu,
1442 644 1478 676 in
1504 656 1571 688 qua
1593 650 1740 688 propter
1761 644 2056 688 impedimentum

194 721 406 754 guerrarum
429 710 619 754 pauciores
639 711 871 755 reperiuntur
887 710 1076 743 carnifices
1093 722 1197 754 quam
1219 717 1319 742 antea
1337 710 1595 743 consueverint
1615 710 1781 754 reperiri,
1799 717 1946 755 propter
1962 711 2059 754 quod

195 776 289 809 dicte
310 776 422 821 patrie
443 776 646 809 habitantes
668 777 711 810 ad
732 777 861 810 dictam
883 776 1142 809 carnificeriam
1165 783 1200 809 et
1219 777 1262 809 ad
1284 776 1371 809 alias
1388 776 1631 809 carnificerias
1652 776 1877 809 parisienses
1898 789 1963 821 pro
1984 777 2060 809 suis

194 842 495 876 neccessitatibus
516 843 720 876 affluebant.
743 843 998 888 Proponebant
1014 843 1117 876 etiam
1126 869 1190 875 .....

285 909 455 942 Pluribus
475 909 587 954 igitur
607 909 690 942 hinc
711 910 795 942 inde
817 916 886 942 tam
908 909 1118 955 replicando
1140 921 1244 954 quam
1267 909 1511 954 dupplicando
1535 909 1748 954 propositis,
1765 908 1908 942 tandem
1931 909 2063 942 auditis

196 975 359 1020 partibus
389 976 580 1009 antedictis
609 976 646 1008 in
674 976 857 1017 omnibus,
884 988 953 1021 que
975 976 1069 1009 circa
1097 976 1274 1020 premissa
1304 975 1425 1008 dicere
1453 982 1488 1008 et
1517 987 1722 1020 proponere
1747 975 1954 1016 voluerunt,
1975 976 2064 1008 visis

197 1041 495 1075 ordinacionibus
512 1049 548 1075 et
567 1049 735 1087 requesta
753 1042 939 1087 predictis,
957 1042 1271 1087 consideratisque
1292 1042 1450 1086 ipsarum
1470 1042 1623 1086 partium
1641 1041 1849 1074 racionibus
1866 1048 1901 1074 et
1921 1042 2065 1074 attentis

197 1108 367 1141 omnibus
384 1120 453 1153 que
470 1109 602 1141 curiam
622 1116 780 1142 nostram
798 1109 995 1153 predictam
1013 1109 1107 1141 circa
1128 1108 1195 1141 hoc
1218 1120 1363 1142 movere
1381 1115 1547 1153 poterant
1563 1115 1598 1141 et
1614 1108 1807 1148 debebant,
1825 1108 1923 1141 curia
1941 1115 2063 1141 nostra

199 1174 359 1219 predicta
381 1187 507 1207 omnes
528 1182 563 1207 et
583 1175 751 1220 singulos
773 1175 962 1208 carnifices
984 1175 1168 1220 predictos
1190 1175 1233 1207 ad
1254 1175 1477 1219 implendum
1500 1181 1535 1207 et
1555 1174 1819 1207 obstruendum
1842 1186 1906 1208 seu
1924 1174 2067 1219 impleri

198 1247 233 1273 et
257 1240 398 1273 obstrui
425 1241 628 1274 faciendum
657 1242 734 1274 suis
760 1242 915 1287 propriis
937 1241 1143 1287 sumptibus
1172 1248 1207 1274 et
1234 1242 1405 1286 expensis
1431 1253 1510 1274 cum
1533 1241 1629 1274 calce
1657 1248 1691 1273 et
1720 1253 1826 1274 arena
1848 1253 1911 1274 seu
1940 1240 2066 1274 sabulo

197 1307 338 1341 cloacas
360 1314 395 1340 et
414 1308 533 1340 fossas
559 1320 642 1341 suas
666 1309 859 1353 predictas,
878 1320 1022 1341 necnon
1043 1309 1087 1341 ad
1108 1308 1370 1341 destruendum
1391 1307 1576 1340 stillicidia
1600 1320 1663 1340 sua
1686 1308 1775 1340 facta
1796 1320 1860 1340 seu
1882 1314 2066 1353 preparata

197 1374 241 1406 ad
262 1374 478 1406 effusionem
501 1386 669 1407 cruorum
693 1381 728 1407 et
748 1375 1062 1408 immundiciarum
1084 1375 1326 1420 predictarum
1350 1386 1414 1419 per
1435 1381 1611 1407 arrestum
1633 1375 1912 1419 condempnavit
1928 1381 1962 1407 et
1982 1387 2068 1407 con-

199 1440 387 1485 dempnat,
410 1441 662 1486 ordinavitque
691 1448 726 1474 et
753 1441 896 1474 ordinat
921 1442 1014 1474 dicta
1035 1441 1133 1474 curia
1160 1441 1257 1486 quod
1285 1441 1474 1474 carnifices
1502 1441 1655 1486 predicti
1680 1441 1794 1473 etalii
1815 1441 1876 1485 qui
1898 1441 2066 1473 decctero

199 1519 264 1552 pro
291 1513 452 1552 tempore
479 1507 614 1540 suerint
640 1508 677 1540 in
703 1508 795 1541 dicta
821 1508 1044 1541 carnificeria
1065 1508 1231 1541 animalia
1257 1520 1319 1540 sua
1346 1514 1443 1540 extra
1469 1507 1589 1541 villam
1616 1508 1728 1540 Paris.
1756 1508 1792 1539 in
1818 1507 1898 1540 loco
1924 1507 1967 1539 ad
1999 1507 2066 1540 hoc

198 1579 280 1618 apto
302 1585 410 1618 supra
438 1574 606 1618 riperiam
631 1574 688 1608 vel
714 1587 839 1620 aquam
867 1575 1039 1608 fluentem
1068 1574 1234 1607 occidant
1253 1586 1292 1607 ac
1320 1574 1497 1607 mundent
1521 1581 1556 1606 et
1582 1580 1788 1619 preparent,
1815 1586 1928 1618 eaque
1951 1573 2068 1606 taliter

199 1647 385 1685 preparata
406 1647 441 1673 et
461 1641 629 1674 mundata
651 1641 695 1674 ad
716 1641 846 1674 dictam
872 1637 1131 1674 carnificeriam
1155 1653 1219 1686 pro
1244 1641 1435 1674 vendendo
1458 1640 1591 1673 deferri
1613 1641 1754 1673 faciant.
1780 1640 2011 1685 Injunxitque
2034 1646 2069 1673 et

199 1706 358 1752 injungit
384 1707 477 1740 dicta
501 1708 598 1740 curia
627 1714 750 1741 nostra
771 1708 1004 1741 carnificibus
1025 1708 1217 1741 antedictis
1239 1714 1274 1740 et
1301 1719 1425 1740 eorum
1448 1707 1597 1740 cuilibet
1622 1707 1719 1752 quod
1747 1707 1937 1751 premissa,
1962 1713 2067 1751 prout

200 1785 265 1818 per
289 1773 419 1806 dictam
445 1774 593 1816 curiam,
616 1781 655 1807 ut
681 1775 912 1819 premittitur,
935 1776 1082 1808 fuerunt
1107 1775 1283 1815 ordinata,
1307 1774 1503 1819 diligenter
1529 1774 1659 1807 saciant
1686 1780 1721 1806 et
1747 1773 1978 1818 adimpleant,
2001 1785 2067 1806 nec

200 1840 419 1873 contrarium
446 1840 614 1874 decetero
635 1841 766 1874 faciant
790 1842 847 1875 vel
868 1842 1077 1875 commitant
1098 1841 1166 1874 sub
1196 1853 1287 1886 pena
1313 1841 1438 1873 decem
1460 1840 1542 1873 libr.
1566 1841 1675 1886 paris.
1702 1840 1884 1873 mediatim
1908 1840 2013 1872 nobis
2035 1846 2071 1872 et

201 1906 383 1939 mediatim
405 1906 513 1940 dictis
535 1907 720 1953 religiosis
741 1908 952 1952 applicanda
970 1920 1035 1953 pro
1054 1907 1215 1952 qualibet
1235 1908 1325 1948 vice,
1345 1919 1413 1952 qua
1434 1907 1653 1939 contrarium
1674 1906 1805 1939 fecisse
1827 1906 2067 1951 reperientur,

201 1979 237 2005 et
263 1972 331 2005 sub
358 1985 449 2017 pena
478 1974 698 2018 privacionis
719 1974 806 2007 dicti
833 1975 940 2007 officii
963 1987 1027 2008 seu
1056 1974 1197 2007 artificii
1223 1974 1458 2015 carnificerie,
1485 1973 1783 2006 ordinacionibus
1809 1973 2000 2005 antedictis
2031 1973 2066 2004 iu

202 2039 333 2072 ceteris
359 2039 619 2073 nichilominus
646 2041 683 2073 in
709 2052 775 2073 suo
796 2042 923 2086 vigore
944 2041 1173 2074 durantibus.
1198 2043 1241 2073 Et
1266 2041 1418 2085 insuper
1439 2041 1531 2073 dicta
1552 2040 1651 2073 curia
1672 2039 1872 2085 quemlibet
1899 2039 1942 2071 de
1963 2039 2068 2072 dictis

202 2105 433 2138 carnificibus
455 2107 624 2151 superius
646 2107 840 2140 nominatis
861 2120 925 2152 pro
946 2108 1162 2153 perpetratis
1184 2114 1216 2140 et
1239 2107 1445 2140 commissis
1467 2119 1531 2151 per
1548 2118 1611 2139 eos
1633 2106 1807 2139 hactenus
1828 2112 1951 2138 contra
1972 2106 2069 2138 ordi—

202 2172 374 2205 naciones
396 2173 577 2217 predictas
598 2185 683 2219 erga
709 2186 776 2207 nos
797 2174 833 2206 in
851 2175 1002 2207 emenda
1019 2186 1082 2207 sex
1103 2174 1185 2207 libr.
1209 2174 1317 2219 paris.
1342 2185 1406 2218 per
1422 2173 1517 2206 idem
1538 2180 1715 2206 arrestum
1737 2172 2015 2217 condempnavit
2036 2178 2070 2204 et

203 2239 457 2284 condempnat,
488 2241 759 2285 reservavitque
788 2247 823 2273 et
847 2248 1007 2274 reservat
1032 2241 1125 2273 dicta
1155 2241 1253 2273 curia
1283 2241 1319 2273 in
1350 2246 1476 2273 nostro
1501 2240 1622 2272 futuro
1652 2240 1816 2285 proximo
1844 2239 2068 2272 Parlamento

202 2305 370 2338 ordinare
391 2318 430 2339 ac
451 2307 569 2339 facere
585 2308 647 2351 jus
669 2307 713 2340 de
736 2314 772 2340 et
792 2319 902 2352 super
924 2308 1159 2341 restriccione
1183 2307 1324 2340 numeri
1346 2307 1554 2340 carnificum
1577 2306 1823 2351 predictorum
1845 2318 1909 2351 per
1929 2313 2069 2338 actores

203 2372 311 2417 petita
337 2379 372 2405 et
400 2385 464 2417 per
485 2373 601 2406 dictos
627 2374 853 2407 deffensores
874 2374 1107 2415 contradicta,
1135 2386 1313 2419 expensas
1343 2374 1380 2406 in
1408 2373 1472 2406 hac
1494 2385 1600 2406 causa
1628 2373 1737 2406 saetas
1763 2372 1846 2405 hinc
1868 2372 1951 2405 inde
1973 2384 2070 2405 com-

203 2439 407 2483 pensandas
428 2446 463 2472 et
483 2452 526 2473 ex
541 2452 659 2473 causa.
678 2461 721 2464 ——
741 2442 1015 2475 Pronuntiatum
1032 2441 1096 2486 vija
1113 2441 1171 2474 die
1189 2440 1431 2486 Septembris,
1449 2451 1542 2472 anno
1564 2443 1673 2472 vai⁰.

1780 2507 1889 2539 BUCY.

297 2604 373 2627 Arch.
392 2607 446 2628 nat.
465 2605 547 2628 Paris.
565 2605 614 2628 ΧΗ
629 2607 667 2634 20,
686 2607 730 2629 sol.
746 2606 800 2630 391.
818 2621 847 2624 ——
864 2607 930 2630 lbid.
948 2606 1023 2630 Livre
1039 2614 1121 2637 rouge
1136 2607 1150 2629 3
1166 2606 1200 2629 du
1218 2606 1360 2634 Chastelet,
1378 2606 1407 2629 Y.
1423 2606 1446 2633 3,
1463 2605 1508 2628 tol.
1524 2606 1562 2633 96,
1579 2604 1605 2627 in
1627 2605 1711 2627 forma
1728 2603 1876 2627 litterarum
1893 2602 1962 2633 regis
1974 2601 2069 2625 Caroli.

203 2658 215 2669 «
233 2648 262 2671 In
279 2648 353 2679 cujus
368 2649 406 2672 rei
428 2649 606 2672 testimonium
624 2650 743 2682 sigillum
764 2654 883 2674 nostrum
899 2651 1068 2682 presentibus
1093 2650 1188 2674 litteris
1207 2650 1337 2682 jussimus
1360 2649 1468 2681 apponi.
1485 2650 1580 2672 Datum
1600 2649 1718 2672 Parisius
1739 2648 1765 2671 iu
1783 2648 1948 2671 Parlamento
1972 2649 2068 2674 nostru,

204 2693 245 2715 die
260 2693 295 2724 vij
311 2693 453 2724 Septemb„
468 2702 510 2717 an.
526 2694 600 2718 Dom.
618 2694 685 2718 mill.
701 2699 808 2719 trecent.
822 2704 910 2727 sexag.
929 2699 1010 2725 sexto,
1026 2699 1052 2719 et
1065 2695 1139 2727 regni
1154 2695 1237 2718 nostri
1253 2695 1334 2718 tercio
1349 2703 1371 2718 »-

298 2785 320 2808 1.
339 2794 350 2808 <t
367 2794 411 2808 seu
428 2786 545 2810 marcelli
561 2795 572 2809 »
589 2795 640 2811 om.
658 2788 732 2811 Livre
749 2796 840 2819 rouge.
854 2802 884 2805 —-
898 2789 921 2811 2.
937 2788 1055 2811 Johaune
1071 2789 1102 2811 de
1122 2788 1284 2813 Bassemain,
1300 2787 1396 2810 abbate
1409 2787 1435 2810 S.
1452 2786 1599 2810 Genovesae
1615 2786 1648 2808 ab
1665 2793 1707 2809 an.
1727 2785 1784 2808 1363
1800 2786 1860 2814 (nou
1876 2784 1945 2812 1364,
1962 2786 1990 2805 ut
2005 2782 2070 2805 alias

205 2829 349 2859 scribitur),
367 2830 438 2853 Junii
453 2832 476 2859 9,
492 2839 539 2862 per
555 2831 655 2854 obitum
672 2832 800 2855 ,Iohannis
818 2834 890 2863 (ch.
907 2834 986 2856 Aven.
1008 2833 1073 2856 Urb.
1093 2833 1123 2861 V,
1142 2833 1195 2855 vol.
1216 2833 1257 2860 VI,
1276 2833 1321 2855 fol.
1338 2833 1387 2860 09),
1406 2839 1465 2853 cum
1485 2830 1559 2861 prius
1583 2830 1675 2853 suisset
1690 2829 1772 2852 abbas
1793 2831 1904 2851 monast..
1924 2828 1948 2850 S.
1967 2826 2070 2849 Martini

205 2873 231 2896 in
244 2874 322 2897 Beata
335 2874 436 2904 (Bosco)
453 2875 536 2905 ejusd.
556 2876 629 2905 Ord„
644 2877 795 2900 Belvacens.
812 2877 904 2905 dioee.,
922 2881 947 2900 et
964 2877 1069 2908 quidem
1083 2877 1115 2899 ab
1130 2885 1171 2899 an.
1190 2877 1258 2904 1352,
1277 2876 1337 2899 Maii
1353 2877 1382 2898 *20
1400 2876 1473 2906 (Reg.
1491 2875 1547 2897 Vat.
1564 2874 1644 2897 clem.
1662 2875 1702 2903 VI,
1722 2878 1749 2896 11⁰
1770 2874 1822 2901 206,
1841 2874 1857 2895 f.
1875 2874 1912 2900 38,
1930 2881 1940 2893 «
1958 2874 2068 2893 monast.

206 2918 232 2941 S.
247 2918 352 2941 Martini
369 2918 400 2942 de
418 2919 554 2943 Ruricurte
574 2920 600 2943 in
616 2929 720 2944 nemore
734 2924 765 2951 »),
787 2925 812 2944 et
830 2921 916 2952 primo
936 2921 1019 2944 abbas
1035 2922 1064 2945 B.
1082 2921 1178 2944 Mariae
1196 2921 1227 2943 de
1243 2920 1352 2943 Bolonia
1374 2919 1467 2942 Morin.
1485 2918 1567 2941 dioec.
1585 2918 1658 2941 Gall.
1678 2917 1773 2942 christ.
1790 2917 1887 2947 ubique
1909 2915 2068 2946 imperfecte.
