2508 3372
477 317 582 338 XXXIV
1257 314 1545 338 [NTRODUCTIO.

563 390 631 425 (Fol.
649 389 734 425 19511.)
749 390 885 417 Ceterum
899 390 1044 424 egregiam
1056 398 1088 416 ac
1100 390 1346 416 ordinatissimam
1359 390 1420 423 ejus
1433 396 1490 415 esse
1502 388 1635 422 politiam
1647 389 1768 414 constat.
1784 388 1917 414 Primum
1928 387 2008 421 quod
2021 387 2199 421 sapientibus
2211 387 2332 423 regitur,

478 459 491 474 α
507 450 604 475 Bcatas
618 450 717 475 autem
733 449 792 474 sore
807 456 850 474 res
864 448 993 481 publicas
1008 449 1088 474 Plato
1103 447 1168 478 ait⁴,
1188 448 1220 481 [si
1235 449 1286 473 aut
1300 447 1377 473 docti
1392 448 1420 473 et
1435 447 1576 479 sapientes
1591 446 1724 472 homines
1738 453 1784 472 eas
1798 453 1897 478 regere
1917 445 2067 479 cepissent,
2083 446 2135 471 aut
2150 445 2169 471 ii
2183 445 2235 478 qui
2250 453 2333 479 rege-

476 508 540 532 rent
555 514 643 532 omne
658 514 746 532 suum
761 506 892 532 studium
908 506 938 531 in
952 506 1082 532 doctrina
1098 507 1126 531 et
1140 505 1279 538 sapientia
1293 503 1487 539 collocassent]
1503 514 1527 529 ».

566 564 704 593 Subinde,
718 564 792 597 quiav
802 564 884 597 regni
899 563 987 589 simul
1002 563 1082 589 ac...2
1096 563 1223 597 effigiem
1242 564 1330 592 tenet,
1346 563 1386 588 ita
1405 563 1439 588 ut
1455 562 1600 588 trimensis
1615 569 1693 587 unus
1710 563 1804 587 rector
1822 560 1919 594 presit,
1934 561 2045 594 agenda
2060 562 2206 595 proponat
2220 569 2252 587 ac
2267 570 2335 595 per-

475 622 620 648 suadeat³.
637 622 728 648 Nichil
743 623 842 648 autem
857 621 985 647 arduum
1000 622 1108 655 absque
1121 621 1329 654 magistrorum
1345 620 1477 646 consulto
1491 619 1564 645 inire
1579 620 1619 645 sas
1631 620 1673 645 est
1687 620 1739 645 aut
1753 618 1880 652 exsequi.
1897 618 1994 651 Quam
2010 619 2090 644 utilis
2104 624 2171 645 vero
2188 619 2335 646 talismodi
2360 657 2362 659 Ι

477 679 575 713 politia
591 687 703 713 semper
716 679 850 711 extiterit,
867 681 895 705 et
909 679 1115 713 experimentis
1130 679 1203 704 sulta
1216 679 1289 704 ratio
1304 679 1332 704 et
1345 678 1504 704 Grecorum
1517 678 1606 710 atque
1619 677 1833 706 Romanorum,
1849 676 1923 702 dum
1938 677 1991 702 hac
2007 677 2051 702 usi
2065 678 2145 706 sunt,
2162 677 2336 710 prosperitas

474 737 599 764 edocuit.
618 737 741 770 Quando
760 739 888 770 preterea
905 737 957 763 hac
970 737 1159 763 Universitate
1173 736 1227 762 alia
1242 736 1285 762 vel
1299 736 1350 761 alti
1365 735 1475 761 consilii
1491 734 1719 764 habundantior,
1734 734 1777 760 vel
1797 734 1834 759 ab
1848 733 1931 760 omni
1946 734 2050 760 morbo
2064 734 2157 761 animi
2176 735 2208 760 in
2223 735 2334 762 delibes·

476 795 566 820 raudo
580 795 704 824 liberior.
719 796 770 820 aut
784 794 814 820 in
829 795 966 827 prompta
980 794 1206 820 deliberatorum
1221 793 1408 827 exsequtione
1422 793 1542 819 alacrior
1558 792 1630 818 suit?
1643 791 1767 825 Quando
1780 791 1908 825 denique
1924 791 1955 817 in
1974 791 2100 818 victoriis
2111 792 2256 819 crebrior?
2273 793 2335 819 Ini-

475 860 571 886 quum
584 852 693 885 qnippe
712 852 801 878 nichil
818 852 945 881 inchoat,
966 852 1014 878 sed
1026 860 1057 878 ea
1073 859 1202 885 quorum
1216 852 1381 877 fructuosus
1396 850 1461 876 finis
1476 850 1512 875 sit
1533 851 1561 876 et
1582 850 1722 883 possibilis
1741 850 1921 883 honestaque
1940 849 2068 876 victoria.
2084 850 2127 876 Ad
2151 850 2227 877 hanc
2240 851 2336 877 ausim

476 910 625 935 traducere
649 910 678 935 id
700 910 779 943 quod
800 909 930 942 optimus
951 911 1035 942 poeta
1050 909 1160 942 optime
1174 909 1274 942 politic
1293 909 1368 941 leges
1383 910 1512 934 statuens
1526 908 1663 934 Romanis
1677 907 1846 941 appropriat
1861 916 1867 932 :
1886 917 1899 931 ι(
1915 915 2032 941 parcere
2046 907 2181 941 subjectis
2193 910 2223 935 et
2234 908 2335 935 debel-

474 968 533 993 lare
548 966 701 1000 superhosi
716 977 740 996 »‚
755 974 885 1000 quorum
898 974 994 992 unum
1010 966 1162 992 clementie
1175 968 1227 995 est,
1242 966 1397 992 severitatis
1410 965 1570 998 reliquum.

565 1025 748 1051 Severitatem
773 1025 871 1057 itaque
895 1024 983 1057 ipsius
1005 1024 1201 1050 Universitatis
1222 1024 1253 1049 in
1277 1023 1415 1056 superbos
1439 1031 1499 1049 non
1524 1023 1657 1056 perfacile
1678 1025 1720 1049 est
1740 1022 1914 1052 existimare,
1937 1030 2039 1056 quam,
2062 1025 2097 1049 ut
2120 1024 2218 1054 multi,
2242 1032 2337 1058 nuper

477 1084 611 1116 expertus
625 1082 672 1108 ille
687 1083 738 1110 est,
752 1082 803 1115 qui
814 1082 960 1114 graduum
972 1082 1152 1107 honestatem
1168 1081 1261 1107 venali
1276 1081 1371 1114 precio
1387 1081 1466 1106 nisus
1480 1082 1521 1107 est
1536 1082 1719 1106 commutare
1733 1082 1761 1107 et
1776 1081 1880 1114 utique
1894 1081 2116 1111 commutavit⁵.
2130 1081 2170 1107 ita
2193 1083 2228 1107 ut
2243 1081 2336 1108 homi-

478 1148 527 1166 nes
542 1140 609 1165 suas·
620 1140 707 1165 etiam
721 1139 915 1173 predicatione
928 1139 1085 1172 magistrali
1100 1139 1215 1164 licentia
1230 1139 1343 1172 dignos,
1358 1139 1412 1164 nisi
1427 1139 1582 1172 pecuniam
1595 1139 1823 1172 juramentaque
1837 1138 1965 1165 officiosa
1982 1141 2155 1172 prestarent,
2172 1139 2338 1166 affirmabat

475 1198 609 1230 indignos
624 1199 652 1223 et
673 1198 747 1223 hanc
767 1197 857 1223 solam
879 1197 916 1222 ob
932 1204 1047 1222 causam
1070 1197 1217 1222 licentiam
1240 1197 1415 1229 denegabat:
1441 1197 1477 1222 ad
1501 1196 1530 1222 id
1554 1204 1620 1222 vero
1641 1197 1790 1229 agendum
1812 1204 1865 1223 nec
1888 1197 2022 1230 precibus
2043 1199 2152 1227 motus,
2175 1205 2229 1224 nec
2250 1197 2338 1225 minis

475 1255 622 1284 inductus,
637 1254 789 1287 nec.qu0d
801 1254 868 1287 jura
883 1254 982 1279 onmia
996 1253 1092 1279 divina
1108 1253 1196 1279 simul
1213 1255 1241 1280 et
1259 1254 1389 1279 humana
1402 1254 1673 1287 jusjurandumque
1685 1254 1887 1280 confunderet.
1904 1254 1975 1280 Tam
1990 1254 2081 1280 nichil
2095 1256 2138 1281 est
2152 1254 2232 1288 quod
2249 1264 2263 1279 ιι
2277 1262 2338 1283 non

475 1312 607 1338 mortalia
623 1314 736 1345 pectora
752 1313 834 1344 cogat
848 1311 912 1337 auri
926 1319 1003 1337 sacra
1013 1311 1118 1338 sames⁷
1132 1322 1156 1336 ».
1174 1311 1209 1337 Et
1222 1312 1275 1338 hac
1287 1319 1374 1344 super
1388 1319 1418 1337 re
1432 1312 1492 1337 duo
1504 1313 1604 1338 extant
1619 1313 1758 1338 tractatus
1770 1312 1896 1338 dilucide
1910 1320 1943 1338 ac
1957 1312 2061 1339 diserte
2076 1320 2092 1338 a
2104 1313 2200 1339 ano
2215 1321 2251 1339 1³13
2261 1313 2337 1340 An-

474 1378 562 1396 mmco
577 1372 629 1396 etc.
646 1369 795 1398 consectis,
810 1377 883 1402 quos
897 1370 1019 1403 antiquo
1034 1371 1063 1395 et
1076 1370 1138 1403 Jam
1154 1369 1270 1395 insolito
1285 1370 1383 1396 more⁰
1398 1369 1441 1395 his
1460 1370 1557 1402 palam
1580 1369 1611 1395 in
1633 1370 1714 1396 scolis
1731 1370 1900 1396 bachalariis
1920 1370 2111 1403 arguentibus
2135 1370 2196 1404 ipso
2217 1372 2337 1398 contra-

474 1428 665 1461 respondente
684 1427 890 1460 promulgavit,
911 1435 1074 1460 eorumque
1096 1427 1283 1461 probabilitas
1298 1412 1496 1454 Universitatis
1516 1428 1700 1454 attestatione
1722 1429 1838 1454 firmata
1858 1429 1908 1454 est.
1933 1428 2001 1454 Erat
2016 1428 2059 1454 vir
2079 1428 2158 1456 ille⁴⁰
2171 1436 2263 1463 quem
2278 1429 2337 1455 dixi

474 1486 549 1512 ssecti
566 1486 701 1514 nesciens,
716 1485 959 1518 indomabilisque
974 1485 1098 1514 cervicis,
1112 1487 1140 1511 et
1151 1493 1201 1511 sue
1216 1485 1396 1519 improbitati
1409 1486 1537 1518 plurima
1552 1486 1702 1512 addiderat
1717 1486 1854 1515 convicia,
1871 1487 1937 1512 tum
1950 1486 1982 1512 in
1996 1486 2089 1520 ipsam
2102 1486 2334 1517 Universitatem.

476 1546 540 1570 tum
555 1544 585 1569 in
598 1544 660 1576 ejus
678 1543 838 1576 supposita;
853 1551 881 1569 se
895 1545 1009 1576 patrem
1023 1543 1085 1576 ejus
1099 1551 1157 1569 esse
1172 1543 1338 1576 jactaverat,
1361 1543 1480 1576 insuper
1499 1545 1527 1569 et
1542 1544 1646 1577 capud,
1663 1544 1744 1577 quod
1765 1544 1908 1569 ultimum
1923 1544 2055 1578 cordiger
2067 1552 2146 1570 unus
2160 1544 2337 1578 predicando

475 1602 568 1628 eidem
584 1601 698 1626 incaute
713 1601 842 1626 tribuens
857 1600 1047 1634 postmodum
1063 1600 1231 1626 solemniter
1246 1601 1410 1626 retractavit
1430 1601 1513 1634 jussu
1536 1601 1742 1630 Universitatis,
1765 1602 1884 1627 nullum
1899 1603 1995 1635 preter
2009 1603 2152 1628 rectorem
2165 1602 2261 1636 capud
2275 1602 2335 1628 im-

476 1659 636 1684 mediatum
651 1658 830 1691 agnoscentis
839 1657 870 1683 Η.
886 1658 940 1684 Iste
954 1660 1064 1687 autem,
1077 1660 1233 1691 postquam
1248 1666 1264 1684 a
1277 1658 1393 1684 lecturis
1405 1658 1558 1688 inhibitus,
1570 1660 1727 1692 postquam
1741 1659 1835 1685 multa
1847 1667 1951 1686 eorum
1966 1667 2025 1693 que
2038 1660 2216 1693 adquisierat
2229 1660 2334 1694 deper-

475 1716 584 1742 ditione
600 1716 742 1748 satigatus,
765 1717 920 1749 postquam
936 1716 967 1741 in
982 1716 1112 1741 Romana
1132 1715 1212 1741 curia
1233 1724 1265 1742 ac
1288 1716 1471 1749 parlamento
1486 1716 1565 1749 regio
1587 1717 1751 1742 secundum
1765 1718 1828 1744 acta
1846 1725 1898 1744 sua
1918 1717 2058 1744 habunde
2071 1719 2205 1743 cantatus
2219 1719 2270 1748 est,
2285 1726 2335 1745 sue

477 1776 606 1807 proterve
621 1773 764 1807 injusticie
779 1774 869 1799 finem
882 1773 961 1799 dedit
974 1773 1108 1799 indecora
1126 1774 1192 1799 satis
1206 1774 1338 1807 depulsio
1352 1775 1381 1800 et
1396 1774 1440 1800 sui
1455 1774 1536 1808 quod
1551 1774 1645 1800 sedare
1658 1775 1819 1801 conabatur
1830 1775 1937 1801 ablatio
1951 1776 2038 1802 officii
2049 1774 2081 1802 ⁴².

564 1832 650 1857 Porro
672 1831 857 1857 clementiam
877 1831 1074 1857 universitatis
1095 1833 1247 1857 senserunt
1266 1839 1313 1857 me
1329 1831 1443 1858 vidente
1462 1832 1688 1865 quamplurimi,
1711 1840 1841 1866 quorum
1865 1841 1951 1866 grave
1974 1833 2005 1858 in
2026 1842 2091 1860 eam
2112 1834 2254 1861 delictum
2276 1841 2335 1860 una

476 1889 639 1922 genuflexio
652 1889 774 1915 vindicte
790 1889 936 1914 submovit
947 1890 999 1914 aut
1013 1889 1097 1922 pium
1110 1889 1230 1922 aliquod
1246 1889 1367 1915 verbum
1382 1889 1438 1915 sive
1455 1890 1575 1916 humilis
1587 1890 1674 1916 errati
1690 1891 1838 1920 consessio.
1855 1891 1891 1917 ad
1907 1891 2021 1917 veniam
2036 1892 2141 1918 omissa
2159 1892 2209 1918 lite
2222 1899 2249 1918 se
2262 1899 2334 1918 con-

476 1948 596 1972 vertens.
614 1947 706 1979 Hujus
722 1948 818 1972 tamen
834 1947 986 1972 clementie
1008 1946 1046 1972 ita
1068 1947 1258 1972 moderamen
1278 1948 1368 1976 tenet,
1383 1949 1417 1972 ut
1437 1947 1593 1981 privilegiis
1611 1955 1644 1973 ac
1666 1948 1776 1981 legibus
1791 1948 1849 1974 suis
1864 1949 1965 1978 suasit
1980 1949 2129 1982 integritas
2142 1952 2252 1983 suaque
2267 1950 2336 1976 fidei

475 2004 613 2030 ortodoxe
628 2004 801 2033 reverencia;
826 2012 921 2038 neque
943 2004 1022 2030 enlin
1038 2006 1072 2029 ut
1094 2005 1224 2038 proprias
1245 2005 1284 2030 sic
1305 2012 1478 2031 communes
1494 2005 1615 2038 injurias
1635 2006 1666 2031 in
1685 2004 1726 2032 rei
1750 2006 1865 2040 publice
1888 2006 2046 2040 perniciem
2060 2007 2242 2034 dissimulare
2256 2007 2333 2037 lieet,

476 2069 544 2087 cum
560 2062 614 2087 hoc
631 2062 666 2086 sit
681 2061 748 2086 boni
761 2061 828 2087 civis
842 2069 874 2088 ac
890 2062 1044 2090 mansueti,
1061 2062 1113 2087 sibi
1128 2062 1240 2088 illatam
1262 2063 1427 2088 condonare
1448 2063 1603 2096 injuriam:
1618 2063 1649 2088 in
1671 2063 1885 2090 detrimentum
1900 2072 1967 2090 vero
1991 2065 2059 2091 fidei
2082 2066 2134 2091 aut
2154 2066 2195 2092 rei
2218 2065 2335 2100 publice
2373 2096 2375 2098 ¹

569 2190 589 2212 ’1.
609 2189 728 2220 Spatium
743 2189 769 2212 in
781 2191 841 2212 mst⁰
856 2190 919 2213 satis
931 2190 1045 2221 largum.
1059 2192 1154 2214 Auctor
1169 2191 1326 2214 sententiam
1336 2191 1452 2214 Platonis
1469 2192 1538 2222 apud
1553 2191 1713 2215 emmonem
1724 2201 1803 2224 qutun
1815 2193 1883 2216 inter
1898 2202 1978 2216 uncos
1989 2194 2127 2225 posuimus
2139 2194 2193 2225 (Ad
2207 2194 2236 2221 Q.
2246 2196 2334 2224 fratr.

476 2234 494 2261 Ι,
511 2241 529 2260 1,
546 2234 583 2263 29)
606 2234 630 2256 in
651 2237 734 2257 mente
757 2234 855 2264 habuit,
871 2235 915 2257 sed
934 2243 984 2257 non
1002 2235 1061 2265 ipsa
1078 2235 1158 2258 verba
1180 2235 1341 2264 recordatus,
1366 2244 1491 2267 quaerere
1513 2236 1645 2267 posterius
1671 2237 1721 2259 sibi
1743 2237 1891 2268 proposuit,
1916 2241 1949 2265 et,
1968 2242 1996 2261 ut
2019 2238 2086 2261 alias
2106 2238 2131 2261 in
2153 2238 2235 2261 simili
2260 2247 2333 2268 casu,

475 2277 589 2309 spatium
604 2277 719 2308 reliquit.

566 2323 589 2345 2.
608 2322 699 2345 Postea
717 2322 841 2353 spatium.
860 2322 1049 2354 Subintelligns
1065 2334 1078 2345 (ι
1094 2323 1238 2354 reipublice
1254 2334 1275 2347 υ.

567 2367 590 2389 3.
608 2367 731 2389 Doctores
752 2366 831 2389 studii
849 2367 1042 2390 Aurelianensis
1058 2368 1136 2391 etiam
1153 2376 1194 2391 an.
1212 2369 1272 2391 1388
1293 2368 1444 2391 scribebant
1459 2377 1464 2391 ι
1483 2379 1497 2390 κ
1513 2369 1539 2392 in
1558 2369 1733 2393 Universitate
1751 2370 1902 2398 Parisiensi,
1919 2378 1968 2402 que
1989 2379 2067 2402 quam
2088 2374 2193 2394 strenue
2214 2374 2333 2402 regatur.

475 2420 488 2432 «
506 2419 593 2434 rerum
613 2411 687 2433 docet
702 2411 868 2441 experientia,
887 2411 964 2434 etiam
985 2412 1096 2443 simplex
1116 2413 1242 2443 magister
1262 2412 1287 2435 in
1307 2413 1408 2436 artibus
1429 2413 1523 2436 cotidie
1544 2413 1651 2444 eligitur
1673 2414 1699 2436 in
1722 2417 1857 2442 rectorem,
1879 2414 1941 2446 quia
1960 2415 1993 2438 nd
2015 2423 2073 2438 eum
2095 2415 2183 2446 potius
2204 2423 2283 2447 quum
2300 2415 2332 2438 ad

474 2465 486 2477 a
505 2458 646 2486 potentem,
662 2455 684 2478 si
700 2455 848 2485 eligeretur,
865 2455 976 2479 habetur
992 2465 1112 2479 accessus
1130 2457 1290 2487 ³³(DEN1FLE,
1308 2457 1358 2482 Les
1375 2457 1543 2482 Universile's
1557 2459 1714 2488 franpaises
1729 2465 1769 2483 au
1784 2466 1885 2490 moyen
1900 2460 1960 2490 dyc,
1975 2468 2001 2491 p.
2017 2461 2065 2489 50).

566 2500 589 2522 [⁴.
609 2500 700 2528 visne„
717 2500 792 2531 AE11.‚
807 2500 848 2527 VI,
865 2501 918 2522 850.

566 2546 588 2566 5.
607 2543 783 2566 Cancellarius
800 2544 883 2567 Paris.
900 2544 1033 2567 ¹lohannes
1051 2545 1201 2569 Blnnchartz

566 2589 589 2611 6.
605 2587 732 2610 Johannis
749 2588 899 2611 Blanchart.

567 2633 589 2656 7.
608 2632 699 2660 vtae„
717 2632 791 2661 AEhz„
808 2633 852 2655 111.
868 2634 905 2655 56.

567 2677 589 2699 8.
608 2676 750 2699 Vid.inr1·a
762 2685 788 2707 p.
806 2677 859 2704 402,
878 2680 930 2701 not.

568 2722 591 2743 9.
611 2721 630 2743 1.
645 2729 666 2743 e.
683 2720 874 2751 disputationes
890 2722 1077 2752 magistrorum
1091 2723 1145 2753 jam
1162 2723 1283 2746 insolitae
1296 2727 1380 2747 erant.

567 2765 604 2788 10.
622 2764 753 2787 Johannes
770 2765 920 2788 Blanchart.

566 2809 602 2832 11.
622 2809 693 2831 lnsra
708 2813 736 2831 n0
751 2809 821 2832 1500.

566 2853 603 2876 12.
624 2853 679 2876 Vid.
696 2853 764 2876 infra
779 2857 808 2876 n⁰
824 2854 893 2877 1522.
