2488 3386
448 360 510 393 160
1025 363 1343 387 cflAnTULAan
1378 361 1567 383 UNIVERS.
1604 360 1733 382 rmus.
2209 346 2308 382 [1367

445 444 567 476 missis
589 453 811 487 cognoscere
835 440 1096 485 permitterent7
1116 444 1147 470 ct
1170 437 1257 470 alias
1278 447 1388 480 super
1409 435 1599 480 premissis
1617 435 1661 467 de
1682 433 1844 466 remedio
1866 433 2059 478 providere
2076 433 2310 478 dignaremur

445 516 660 554 opportuno.
685 510 757 540 Nos
778 519 863 540 vero
962 513 1086 538 tenore
1110 503 1329 549 presentium
1353 501 1601 542 concedimus,
1624 501 1721 545 quod
1743 506 1978 532 conservator
1998 499 2176 532 dictorum
2200 499 2309 544 privi-

444 576 621 621 legiorum
650 575 693 607 de
721 573 911 619 premissis
933 578 1141 617 cognoscat,
1172 571 1255 603 dum
1283 576 1400 601 tamen
1426 568 1614 601 conclusio
1635 567 1842 599 libellorum
1872 578 1936 599 seu
1967 566 2179 611 petitionum
2201 566 2310 599 fuerit

445 642 678 687 personalis&
699 640 910 673 Inhibentes
932 639 1067 671 eisdem
1086 637 1222 670 nostris
1243 635 1476 675 consiliariis,
1495 634 1681 679 preposito
1699 633 1910 674 parisiensi,
1928 633 2134 677 ceterisque
2148 633 2308 677 justicia-

444 710 507 741 riis
530 709 632 753 regni
654 707 782 746 nostri,
805 718 850 739 ne
876 707 1044 739 decetero
1067 705 1204 737 eisdcm
1226 702 1487 742 conservatori,
1511 701 1696 746 magistris
1717 707 1752 733 et
1775 699 1979 733 scolaribus
2001 699 2090 732 tales
2110 699 2167 733 vel
2188 700 2308 732 consi-

443 775 546 808 miles
567 774 802 807 inhibitiones
820 773 864 805 de
881 780 916 805 et
936 784 1046 816 super
1063 770 1251 816 premissis
1267 769 1398 802 faciant
1414 780 1477 801 seu
1500 767 1578 800 fieri
1600 767 1801 812 precipiant
1821 773 1856 799 et
1876 773 2084 812 procurent,
2102 766 2167 799 sed
2184 773 2305 799 nostra

442 842 602 886 presenti
623 841 735 886 gratia
757 841 807 874 uti
829 847 863 873 et
884 839 1043 884 gaudere
1064 850 1102 870 ac
1120 838 1253 869 dictum
1276 841 1568 868 conservatorem
1587 834 1630 867 de
1653 834 1842 879 premissis
1864 834 1972 866 modo
1993 840 2152 878 pretacto
2173 845 2304 878 cogno-

442 920 543 940 scere
572 908 787 952 permittant.
819 908 858 939 In
888 907 992 950 cujus
1022 905 1074 937 rei
1105 903 1350 936 testimonium
1385 908 1548 934 nostrum
1580 900 1813 946 presentibus
1844 900 1959 933 literis
1988 900 2141 933 fecimus
2172 900 2305 945 apponi

442 974 614 1019 sigillum.
642 975 767 1006 Datum
799 973 893 1017 apud
924 973 1099 1016 Luperam
1131 981 1244 1015 prope
1274 969 1434 1001 Parisius
1461 968 1544 1012 xviij
1570 968 1628 1000 die
1656 967 1788 1008 Martii,
1815 979 1910 1000 anno
1938 967 2082 1000 Domini
2111 966 2305 1000 millesimo

440 1041 693 1074 trecentesimo
716 1039 943 1084 sexagesimo
966 1044 1080 1078 sexto,
1100 1043 1130 1069 et
1154 1037 1259 1081 regni
1281 1036 1396 1068 nostri
1418 1035 1537 1068 tertio.

531 1150 666 1181 originale
683 1150 709 1172 in
726 1150 802 1172 Arch.
818 1152 870 1172 nat.
890 1148 972 1172 Paris.
990 1148 1023 1171 Μ.
1039 1149 1094 1175 66“,
1112 1152 1140 1170 110
1158 1148 1195 1170 23.
1215 1147 1290 1170 Deest
1306 1146 1435 1177 sigillum.
1452 1145 1602 1169 pertinebat
1619 1146 1652 1168 ad
1673 1145 1751 1168 Arch.
1770 1145 1892 1169 Univers.
1908 1145 1947 1175 (A.
1965 1147 1988 1169 6.
2006 1147 2057 1176 p.).
2073 1146 2101 1168 ln
2119 1145 2188 1176 plica
2205 1154 2210 1168 z
2231 1155 2239 1168 1
2255 1146 2305 1169 Per

438 1203 525 1226 regem
542 1195 567 1218 in
585 1203 631 1218 suo
650 1194 768 1217 consilio.
789 1194 912 1217 CoLLoRs
925 1201 946 1216 ».
961 1206 991 1210 --
1006 1192 1073 1215 lbid.
1094 1193 1144 1215 ΧΗ·
1159 1192 1229 1216 8602,
1247 1192 1291 1214 sol.
1311 1192 1322 1214 1
1345 1191 1507 1219 (charactere
1523 1198 1565 1213 an.
1582 1190 1663 1219 1552),
1677 1190 1801 1221 originali
1818 1190 1958 1222 collatum3
1974 1193 1999 1213 et
2015 1190 2059 1213 sol.
2074 1190 2131 1218 96¹³,
2150 1190 2196 1213 ubi
2216 1193 2303 1214 tamen

437 1243 507 1262 textu
523 1240 633 1262 alterato
648 1242 673 1262 ct
690 1238 852 1262 abbreviato.
870 1239 897 1260 In
914 1237 1035 1269 margine
1052 1237 1181 1268 scriptum
1195 1239 1234 1259 est
1252 1244 1257 1259 :
1278 1245 1287 1258 (ι
1305 1236 1361 1259 Non
1378 1238 1481 1258 tenetur
1496 1235 1567 1258 istud
1585 1234 1766 1266 privilegium,
1783 1234 1828 1258 sed
1846 1235 1958 1258 alterum
1976 1234 2008 1258 de
2022 1243 2090 1258 novo
2105 1238 2131 1258 et
2146 1235 2180 1258 ad
2194 1235 2304 1267 longum

437 1284 505 1306 circa
518 1283 678 1314 principium
695 1283 773 1314 hujus
789 1282 930 1305 voluminis
945 1282 999 1311 (t'ol.
1013 1282 1036 1309 1>
1049 1289 1079 1304 ex
1089 1281 1254 1304 ordinatione
1269 1280 1340 1303 curie
1354 1280 1535 1311 registi-utum,
1549 1283 1574 1302 et
1584 1288 1643 1302 cum
1654 1279 1778 1310 originali
1794 1279 1992 1302 collationatum
2007 1289 2019 1300 υ
2045 1293 2075 1296 -
2088 1279 2165 1303 Arch.
2180 1279 2302 1303 Univers.

436 1328 530 1356 Paris„
551 1328 619 1350 thee.
635 1328 664 1355 V,
686 1328 714 1351 B.
732 1328 754 1350 3.
776 1336 810 1351 m.
833 1328 911 1356 (saec.
932 1328 986 1355 xvi)
1006 1334 1065 1348 cum
1088 1329 1158 1349 textu
1179 1325 1297 1349 abbrev.:
1314 1333 1326 1348 e
1342 1325 1388 1347 X¹³
1404 1325 1472 1351 8602,
1498 1324 1541 1347 tol.
1564 1325 1586 1352 1,
1605 1324 1630 1347 in
1648 1324 1773 1348 Ordorm.
1788 1325 1834 1348 des
1849 1325 1914 1352 rois,
1930 1324 1971 1353 IV,
1995 1324 2048 1352 710,
2072 1323 2117 1347 ubi
2138 1327 2164 1347 et
2178 1323 2303 1348 lectiones

436 1372 567 1395 variantes
583 1380 596 1395 e
607 1372 651 1395 fol.
671 1373 701 1395 96
717 1371 870 1395 afferuntur.
887 1371 1010 1399 Bulaeus,
1030 1371 1071 1399 lv,
1088 1371 1142 1398 394,
1161 1378 1191 1393 ex
1205 1370 1272 1401 orig.
1287 1369 1403 1393 Recueil
1417 1370 1464 1394 des
1477 1368 1638 1399 Ρνίυίἰέρεε,
1655 1368 1724 1391 sicut
1738 1368 1764 1391 in
1778 1369 1825 1392 X¹=
1839 1369 1908 1397 8602,
1927 1368 1973 1392 sol.
1988 1368 2044 1391 96¹0.

530 1456 552 1479 1.
570 1455 627 1479 Vid.
644 1456 779 1485 Chartul„
796 1456 829 1484 ll,
841 1459 869 1477 n0
884 1455 953 1477 1120.
974 1468 992 1471 -
1008 1455 1030 1477 2.
1047 1455 1082 1477 Dc
1096 1454 1136 1477 bis
1152 1454 1252 1485 passim
1270 1454 1294 1476 in
1313 1454 1451 1482 Chartul„
1466 1454 1498 1482 ΙΙ,
1517 1456 1542 1476 et
1555 1461 1637 1484 supra
1650 1456 1679 1475 n⁰
1692 1453 1761 1475 1251.
1781 1466 1809 1469 —
1827 1454 1848 1476 3.
1869 1453 1889 1475 1.
1905 1460 1927 1475 e.
1944 1456 2122 1476 conservator.
2139 1466 2167 1470 —
2178 1453 2203 1476 4.
2216 1452 2303 1484 Supra

436 1508 461 1530 p.
479 1500 531 1523 157.

441 1630 580 1667 1333.
605 1639 713 1665 Electio
729 1640 846 1665 rectoris
860 1639 998 1665 lobannis
1015 1639 1050 1665 de
1066 1639 1212 1673 Danghen.

1658 1681 1729 1710 1367,
1746 1681 1833 1707 Martii
1842 1680 1885 1710 24,
1901 1681 2014 1706 Par-seith.

523 1766 628 1798 Anno
650 1766 794 1798 Domini
817 1766 936 1807 1366¹‚
959 1766 1016 1798 die
1043 1767 1085 1798 24
1106 1766 1243 1798 mensis
1266 1766 1397 1806 Martii,
1422 1765 1594 1798 videlicet
1620 1765 1656 1797 in
1685 1759 1846 1809 profesto
1867 1764 2170 1797 Annuneiationis
2195 1763 2299 1797 beate

434 1833 597 1877 Virginis
618 1833 743 1873 Marie,
771 1833 859 1865 facta
881 1833 1166 1877 congregatione
1192 1832 1371 1865 facultatis
1397 1844 1497 1865 more
1523 1832 1632 1865 solito
1653 1831 1749 1876 apud
1777 1832 1811 1864 S.
1833 1831 2015 1865 Julianum
2037 1832 2236 1876 Pauperem
2255 1831 2300 1864 ad

435 1898 642 1943 eligendum
664 1911 796 1932 novum
817 1906 993 1932 rectorem
1020 1911 1085 1944 per
1110 1899 1353 1932 venerabilem
1377 1906 1409 1932 et
1437 1899 1633 1932 discretum
1656 1898 1772 1931 virum
1801 1898 2014 1943 magistrum
2033 1897 2234 1931 Johannem
2255 1898 2300 1931 de

434 1965 581 2006 Trelon,
603 1966 669 1998 fuit
696 1965 833 1998 electus
861 1966 896 1997 in
925 1972 1101 1998 rectorem
1131 1966 1383 1999 Universitatis
1410 1966 1628 1998 Parisiensis
1655 1965 1828 2010 magister
1847 1964 2032 1998 Johannes
2053 1964 2098 1997 de
2118 1964 2300 2010 Dunghen
2346 2002 2350 2005 1

435 2032 478 2064 de
510 2031 699 2064 Brabantia
727 2032 941 2065 Leodiensis
962 2032 1143 2077 dyocesis,
1166 2033 1227 2077 qui
1247 2033 1352 2066 valde
1380 2033 1492 2066 invite
1518 2044 1628 2065 onera
1657 2032 1812 2065 rectorie
1841 2032 2050 2076 acceptavit.
2083 2033 2126 2064 Et
2154 2032 2302 2064 suerunt

434 2098 609 2131 intrantes
642 2099 814 2142 magister
842 2099 1061 2132 Guillelmus
1091 2099 1134 2131 de
1173 2099 1342 2141 Marchia,
1376 2100 1548 2144 magister
1578 2099 1750 2132 Clemens
1782 2098 1908 2139 Calati,
1939 2098 2112 2143 magister
2143 2097 2300 2131 Thomas

436 2164 596 2196 Durandi
617 2171 652 2197 et
672 2165 844 2209 magister
866 2165 1049 2198 Marcilius
1071 2166 1114 2198 de
1135 2165 1304 2211 Ynghen.

528 2262 593 2284 Mus.
608 2261 726 2285 Britann.
743 2271 792 2285 ms.
805 2263 866 2286 add.
881 2263 966 2292 17304‚
983 2264 1027 2286 sol.
1045 2264 1115 2286 14611.
1132 2277 1163 2281 —
1180 2264 1302 2292 Bulaeus
1320 2264 1360 2292 IV,
1378 2265 1432 2288 395.

528 2345 550 2368 1.
567 2346 714 2369 Secundum
728 2346 817 2369 stilum
828 2346 1002 2375 Gallicanum,
1019 2350 1047 2370 ut
1059 2347 1137 2370 etiam
1153 2351 1287 2379 apparete
1298 2353 1326 2371 n⁰
1339 2348 1468 2379 sequenti,
1482 2348 1542 2372 Maii
1559 2349 1597 2376 18,
1612 2347 1658 2371 ubi
1668 2348 1738 2371 idem
1751 2350 1836 2371 rector
1846 2347 1979 2370 Johannes
1993 2347 2024 2370 dc
2039 2347 2167 2378 Dunghen
2180 2346 2298 2371 affertur.

441 2520 580 2557 1334.
605 2532 748 2556 statutum
763 2531 916 2565 facultatis
932 2535 1045 2566 artium,
1065 2534 1178 2568 quando
1195 2533 1327 2567 magistri
1342 2534 1448 2559 artium
1463 2542 1546 2559 mane
1561 2543 1632 2559 suas
1649 2533 1784 2559 lectiones
1801 2533 1894 2568 legere
1910 2533 2060 2569 incipiant.

1682 2617 1729 2642 136
1734 2618 1756 2646 7,
1773 2617 1833 2642 Maii
1847 2617 1884 2646 18,
1900 2616 2012 2642 Parisiis.

525 2696 713 2728 Universis
735 2704 923 2741 presentes
944 2697 1081 2731 litteras
1098 2699 1330 2744 inspecturis,
1351 2707 1470 2733 rector
1486 2700 1741 2733 Universitatis
1763 2700 1992 2740 Parisiensis,
2011 2711 2153 2732 necnon
2170 2710 2297 2731 omnes

435 2767 470 2794 et
490 2761 626 2806 singuli
647 2763 809 2807 magistri
837 2763 1013 2796 facultatis
1041 2765 1182 2805 artium,
1210 2766 1361 2799 salutem
1390 2767 1427 2799 in
1455 2773 1663 2799 cunctarum
1686 2778 1806 2799 rerum
1833 2766 2072 2811 omnipotenti
2093 2765 2294 2798 conditore.

435 2828 602 2860 Testatur
623 2829 771 2861 rationis
792 2829 943 2873 equitas,
966 2831 1062 2874 quod
1084 2843 1127 2863 ex
1148 2839 1348 2876 temporum
1370 2833 1568 2866 variatione
1589 2834 1693 2866 novis
1714 2832 1992 2878 insurgentibus
2018 2832 2168 2872 morbis,
2191 2831 2296 2864 novis

435 2893 645 2927 studeamus
667 2895 850 2936 remediis,
869 2896 1078 2941 priusquam
1102 2898 1217 2930 morbi
1238 2899 1346 2932 nimis
1369 2899 1604 2941 invalescant,
1622 2899 1777 2932 solerter
1797 2900 1934 2932 eisdem
1957 2898 2116 2940 obviare,
2135 2910 2179 2931 ne
2201 2909 2296 2930 mor-

2486 3222 2488 3246 ..
2464 2674 2488 3207 ,fflfflfflmma-mr.mmmiffi„s
2484 2655 2488 2662 .
2484 2627 2488 2642 .,
2486 2511 2488 2526 .,
2479 2487 2481 2489 -
2480 2447 2488 2467 ...
2479 2394 2488 2434 1.,
2484 2378 2488 2379 ,
