2508 3372
958 320 1253 342 iN'rRODUCTiO.
1989 318 2035 340 XV

172 393 215 428 de
226 393 472 439 Guignecurte,
487 404 693 440 quanquam
706 393 934 430 baccalareus
949 398 1085 430 tantum
1099 395 1135 430 in
1151 394 1343 442 theologia;
1357 393 1438 428 satis
1450 398 1522 428 erat
1534 393 1628 440 quod
1643 393 1770 427 aeriter
1782 392 1956 427 Clementi
1967 394 1996 427 V
2005 394 2032 427 ll

171 463 390 499 adhaereret.

269 535 319 569 De
332 533 400 569 alio
419 533 579 581 periculo
597 535 634 569 in
658 535 928 571 Universitatem
948 536 1150 572 introducto
1167 548 1187 572 a
1209 535 1418 578 Schismate,
1438 535 1472 570 id
1492 538 1541 569 est
1560 535 1603 569 de
1622 534 1792 569 divisione
1809 533 1901 568 intra
1916 532 2032 567 sinum

172 604 412 640 Universitatis
431 610 624 652 grassante,
644 606 678 641 in
705 606 772 642 hoc
793 607 970 643 volumine
992 607 1089 654 loqui
1114 607 1293 650 nolumus,
1316 606 1399 653 quia
1420 605 1549 653 partim
1572 605 1615 640 ad
1639 605 1847 641 Auctarium
1871 604 2032 651 pertinet,

171 675 299 722 partim
316 676 360 711 ad
380 680 467 711 tom.
487 678 534 712 IV
558 677 785 721 chartularii,
806 690 888 713 cum
910 690 986 714 vera
1011 682 1115 726 atque
1134 678 1278 726 propria
1300 678 1423 713 divisio
1449 677 1623 724 posterius
1646 675 1813 723 eruperit,
1832 686 2034 722 quanquam

168 747 242 794 Jam
263 747 299 782 in
314 751 435 783 nostro
452 748 590 783 semina
603 748 790 796 acceperit.

271 818 453 854 Profectus
477 822 595 855 tamen
617 820 762 867 quidam
782 820 884 857 nobis
908 822 1174 866 memorandus,
1199 822 1268 857 hoc
1291 826 1340 856 est
1364 820 1503 856 cultura
1531 818 1680 867 gallicae
1703 818 1846 865 liuguae
1873 821 1907 852 ut
1933 817 2035 852 stilus

172 893 350 925 oratorum
371 889 541 937 liquidior
556 891 732 927 evaderet.
755 894 882 936 LocuS,
906 905 1013 940 quem
1029 897 1218 940 occuparat
1242 892 1277 927 iu
1301 892 1498 927 Schismate
1521 890 1747 932 UniversitaS,
1771 900 1878 924 causa
1894 888 1957 923 suit
1975 900 2037 923 cnr

171 960 306 1008 optima
328 961 404 1008 ejus
428 962 622 1009 supposita,
641 963 675 998 in
701 975 910 1011 congressus
934 964 1096 1011 publicos
1118 964 1236 1007 inissa,
1256 968 1420 1010 prompto
1443 973 1608 997 sermone
1631 961 1681 996 uti
1703 959 1876 995 deberent
1895 959 1939 994 ad
1958 959 2036 1006 opi—

174 1032 300 1067 niones
315 1032 556 1079 explicandas,
576 1034 620 1069 ad
640 1035 927 1082 respondendum
948 1035 1064 1072 subito
1086 1036 1279 1083 repentinis
1300 1032 1588 1070 oblocutionibus
1609 1032 1662 1067 vel
1682 1029 2033 1067 contradictionibus.

175 1103 437 1150 impedimento
458 1108 532 1140 erat
550 1116 665 1141 sermo
685 1105 830 1149 latinus,
850 1110 887 1141 ut
908 1107 989 1142 varii
1009 1107 1175 1151 fatentur,
1199 1118 1315 1153 neque
1338 1106 1443 1153 plane
1464 1104 1506 1140 ab
1528 1102 1749 1140 auditoribus
1770 1102 1909 1137 cunetis
1930 1101 2036 1135 intel-

174 1174 301 1210 lectus.
328 1176 431 1219 Tum,
457 1175 616 1212 adhibito
637 1177 766 1224 gallico
790 1189 968 1222 sermone,
992 1179 1092 1225 quasi
1114 1183 1271 1214 oratores
1296 1189 1316 1212 a
1341 1177 1443 1212 cunis
1464 1188 1500 1210 se
1522 1174 1731 1217 ostendunt3
1756 1174 1806 1208 sic
1830 1172 2038 1219 deprehen-

174 1245 307 1281 duntur
322 1246 358 1280 in
374 1247 595 1282 orationibus
612 1260 693 1283 cum
709 1248 898 1284 adversarii
917 1261 1058 1296 semper
1071 1249 1115 1285 ad
1134 1249 1404 1296 obloquendum
1422 1247 1523 1295 proni
1541 1246 1735 1282 obstarent.
1758 1246 1850 1279 lnter
1869 1255 1929 1279 eos
1952 1254 2039 1278 non-

175 1316 265 1351 nulli
286 1316 491 1363 peritissimi
508 1323 667 1354 oratores
685 1319 833 1355 fuissent
848 1320 884 1355 in
899 1320 1029 1356 nostris
1042 1321 1290 1367 deputatorum
1308 1318 1546 1361 conclavibus,
1562 1317 1692 1364 quippe
1709 1327 1796 1363 quos
1815 1315 1932 1350 nullae
1947 1318 2038 1350 artes

176 1387 340 1435 fugerent
357 1391 393 1422 ut
408 1388 648 1424 adversarium
662 1390 852 1425 ridiculum
865 1391 1058 1435 efficerent,
1073 1395 1111 1426 ut
1123 1391 1259 1426 immoti
1272 1395 1304 1426 et
1321 1390 1449 1437 placidi
1467 1393 1589 1424 contra
1604 1387 1827 1423 oblocutores
1839 1389 2036 1428 manerent,

176 1462 213 1493 ut
227 1459 418 1494 sententias
434 1459 560 1495 ordine
576 1461 746 1508 praefixo,
764 1462 880 1497 invitis
896 1462 1235 1509 interpellatoribus,
1254 1464 1567 1509 prosequerentur.
1588 1460 1734 1505 Semper
1753 1458 1865 1505 parati
1884 1457 2039 1491 instrue-

176 1530 274 1577 tique
299 1533 406 1566 stant.
440 1531 594 1567 Omnino
617 1532 711 1567 aliud
737 1545 851 1580 genus
877 1537 927 1569 est
954 1545 1059 1580 quam
1090 1545 1275 1569 sermones
1303 1532 1463 1580 ejusdem
1488 1530 1658 1578 temporis
1687 1541 1757 1564 non
1786 1527 2042 1574 extemporales

175 1600 301 1647 gallica
326 1601 448 1648 lingua
472 1603 704 1649 pronuntiati.
736 1605 877 1651 Optima
906 1605 1069 1652 exempla
1092 1604 1237 1652 praebet
1267 1603 1466 1640 Concilium
1495 1602 1689 1637 Parisiense
1714 1612 1772 1635 an.
1809 1600 1919 1642 14063
1946 1603 2042 1634 aetas

177 1671 321 1719 quidem
337 1673 516 1719 posterior
531 1678 583 1709 est
599 1680 720 1710 nostra
740 1674 827 1722 (uon
843 1675 887 1711 de
904 1676 1072 1712 Aue-tario
1088 1676 1295 1723 loquimur),
1313 1679 1347 1710 at
1366 1679 1504 1710 nostrae
1525 1672 1648 1708 aetatis
1665 1675 1745 1706 sunt
1761 1671 1784 1706 ii
1801 1668 1992 1706 oratores'.

275 1745 352 1779 Non
374 1755 462 1791 opus
488 1749 541 1780 est
567 1746 675 1781 etiam
700 1747 736 1781 in
754 1747 844 1782 illud
865 1747 925 1782 diu
952 1747 1114 1783 insistere
1135 1747 1232 1794 quod
1256 1747 1291 1781 in
1318 1745 1583 1781 introductione
1611 1743 1679 1779 vol.
1703 1744 1733 1777 lI
1751 1743 1825 1790 jam
1851 1741 2042 1788 tetigimus,

179 1813 314 1849 seilicet
330 1814 527 1851 studiorum
544 1816 766 1863 propositum
785 1829 860 1853 esse
878 1817 1137 1854 beneficiorum
1157 1817 1512 1865 praebendarumque
1536 1814 1840 1850 consecutionem.
1858 1813 1887 1846 A
1907 1822 2045 1846 summo

178 1885 223 1920 ad
241 1885 403 1920 infimum
427 1886 603 1923 beneficia
623 1888 898 1935 quaerebantur,
919 1893 956 1925 ut
978 1890 1014 1924 in
1038 1890 1129 1925 libro
1149 1890 1202 1924 De
1220 1890 1322 1924 ruina
1339 1895 1372 1924 et
1390 1887 1604 1935 reparatione
1623 1885 1778 1920 ecclesiae
1799 1884 1868 1931 (Dc
1888 1888 2047 1929 corrupto

178 1962 275 1992 statu
290 1957 458 2001 ecclesiae)
478 1958 664 2002 scribitur;
684 1971 800 2007 neque
825 1960 991 1997 Nicolaus
1012 1961 1055 1996 de
1073 1961 1275 2008 Clameugis
1290 1960 1326 1995 in
1343 1959 1454 2007 priori
1472 1958 1560 1993 vitae
1582 1968 1666 1992 suae
1688 1956 1815 1998 stadio,
1834 1965 1950 2001 neque
1972 1954 2047 2000 ejus

275 2110 296 2134 l.
316 2110 447 2137 Quaedam
462 2112 578 2145 exempla
597 2114 736 2138 sufficiant.
758 2115 847 2139 Simon
862 2115 893 2140 de
908 2115 1051 2140 Cramaudo
1066 2116 1092 2139 in
1108 2116 1195 2139 eodem
1210 2115 1321 2139 Concilio
1335 2114 1504 2142 demonstrat,
1521 2113 1630 2136 Petrum
1648 2111 1679 2135 de
1695 2111 1769 2134 Luna
1791 2109 1894 2134 omnino
1912 2109 2046 2132 mutatum

179 2160 235 2178 esse
248 2153 280 2178 ab
295 2154 348 2183 illo,
359 2156 405 2187 qui
420 2156 506 2181 fuerat
520 2157 667 2182 cardinalis.
681 2159 754 2183 Tune
768 2159 810 2183 ille
820 2160 958 2184 cessionem
971 2160 1150 2190 proclamavit3
1164 2159 1207 2184 sed
1220 2162 1357 2192 postquam
1368 2160 1451 2182 factus
1467 2160 1505 2181 est
1516 2164 1590 2189 papa,
1603 2164 1632 2180 ea
1642 2155 1738 2179 oblitus
1749 2156 1798 2183 est,
1812 2162 1876 2185 quae
1891 2153 1922 2176 de
1937 2152 2049 2176 cessione

179 2201 358 2230 proposuerat.
370 2200 457 2224 Simon
468 2201 506 2224 ita
519 2203 686 2234 prosequitur
698 2210 703 2227 2
716 2213 728 2224 α
742 2203 761 2227 ΙΙ
776 2203 863 2228 saisoit
878 2204 1094 2235 l'Agneau-Dieu;
1112 2204 1129 2228 il
1141 2204 1260 2228 sembloit
1274 2212 1324 2235 que
1338 2212 1364 2227 ee
1380 2203 1435 2226 fust
1444 2201 1579 2230 merveille,
1594 2214 1625 2218 —
1635 2208 1662 2224 ce
1674 2199 1777 2223 n'estoit
1787 2206 1836 2230 que
1847 2200 1919 2221 toute
1934 2196 2047 2220 faintise.

182 2253 195 2264 (ι
211 2242 233 2266 Il
247 2251 262 2275 y
274 2244 344 2268 avoit
357 2252 392 2268 un
407 2245 490 2269 moine
506 2253 537 2269 en
554 2254 589 2270 un
605 2248 741 2276 moustier,
759 2248 802 2280 qui
816 2248 905 2272 saisoit
921 2249 943 2273 si
956 2249 1006 2273 fort
1019 2249 1041 2273 le
1059 2248 1182 2280 religieux
1198 2256 1248 2280 que
1263 2247 1403 2277 merveille;
1418 2247 1435 2271 il
1448 2246 1549 2278 jeunoit
1566 2245 1631 2269 trois
1646 2244 1694 2268 sois
1709 2243 1733 2267 la
1748 2242 1869 2271 semaiae,
1883 2242 1900 2266 il
1917 2242 1957 2272 n‘y
1973 2240 2048 2264 faillit

182 2297 195 2308 ι(
210 2287 312 2319 jamais.
325 2288 405 2313 Avint
416 2289 479 2321 qu'il
491 2289 533 2314 fut
541 2290 596 2314 eleu
606 2291 679 2321 abbe,
693 2292 711 2316 il
727 2300 758 2316 ne
766 2293 845 2324 jeuna
860 2293 927 2325 plus.
945 2294 1005 2317 L'en
1020 2294 1045 2324 ly
1058 2293 1200 2318 demanda:
1211 2304 1223 2315 «
1233 2293 1299 2323 Sire,
1313 2300 1376 2317 vous
1387 2291 1481 2315 soulies
1492 2291 1591 2322 jeuner,
1603 2297 1666 2313 vous
1681 2296 1712 2312 en
1725 2287 1783 2311 aves
1799 2288 1853 2311 tost
1863 2286 1949 2310 oublie
1965 2286 2049 2308 vostre

181 2340 195 2353 κ
211 2333 352 2356 coustume.
365 2343 378 2354 u
393 2333 414 2357 Il
430 2334 555 2366 repondit,
567 2335 630 2367 qu'il
645 2336 731 2360 faisoit
741 2336 791 2361 lors
806 2337 830 2361 la
839 2338 916 2369 vigile
928 2338 959 2362 de
973 2337 996 2362 la
1009 2338 1080 2368 feste,
1092 2340 1125 2362 ou
1140 2338 1157 2361 il
1172 2338 1257 2362 estoit.
1271 2348 1283 2359 n
1298 2338 1463 2367 (Eoum-‚mis
1475 2342 1507 2359 nc
1522 2335 1697 2362 Cims‘rssxn'r,
1708 2333 1796 2357 Nouo.
1810 2333 1874 2355 hist.
1888 2332 1927 2354 du
1943 2330 2049 2354 Concile

182 2377 214 2400 de
231 2377 389 2407 Constante,
404 2378 524 2408 Preuves,
542 2387 564 2410 p.
576 2380 641 2410 216.)
659 2381 746 2405 Simon
765 2381 796 2406 de
811 2382 955 2406 Cramaudo
972 2382 1033 2406 adeo
1049 2382 1157 2407 callidus
1173 2382 1222 2406 fuit
1236 2384 1265 2406 ut
1280 2383 1338 2414 post.
1356 2381 1426 2405 illam
1439 2379 1575 2404 historiam
1589 2377 1689 2402 nullum
1705 2375 1915 2400 commentarium
1935 2374 2048 2402 adderet,

182 2420 238 2444 aliis
249 2420 350 2448 facilem
359 2422 598 2454 interpretationem
607 2424 741 2458 linquens;
756 2426 786 2450 ad
797 2427 932 2450 materiam
943 2427 1070 2451 orationis
1078 2427 1192 2458 inceptae
1204 2427 1320 2459 protinus
1331 2425 1407 2450 redit.
1417 2439 1447 2443 -—
1455 2424 1586 2448 Johannes
1597 2422 1672 2446 Parvi
1685 2423 1773 2445 contra
1783 2421 1890 2443 Petrum
1901 2418 1931 2442 de
1942 2417 2049 2442 Ailliaco

182 2464 209 2488 in
221 2464 309 2489 eodem
324 2473 464 2497 congressu
477 2467 617 2492 Parisiensi
628 2469 748 2494 observat
762 2479 767 2494 :
780 2481 792 2492 n
805 2471 892 2498 Quant
903 2472 917 2495 a
932 2479 959 2495 ce
973 2471 1035 2503 qu'il
1051 2479 1065 2495 a
1080 2472 1150 2504 parte
1163 2471 1193 2495 de
1208 2471 1230 2495 la
1245 2471 1338 2495 saeuite
1355 2470 1388 2494 de
1403 2469 1540 2498 medecine,
1552 2468 1592 2491 n'a
1607 2467 1679 2498 point
1691 2466 1705 2489 a
1721 2473 1747 2489 se
1758 2465 1924 2488 entreinettre
1938 2470 1969 2486 en
1983 2463 2049 2485 cette

184 2519 197 2530 «
214 2509 328 2540 maluere,
338 2510 361 2541 je
374 2511 440 2535 m'en
451 2512 588 2541 merveille,
597 2515 622 2537 et.
632 2515 704 2538 aussi
715 2514 748 2539 sle
761 2515 784 2539 la
799 2515 894 2539 facult&
908 2515 952 2540 des
965 2518 1028 2540 επις.
1041 2516 1090 2540 Car
1102 2516 1125 2540 la.
1136 2515 1229 2540 saeuite
1239 2515 1283 2539 des
1294 2517 1348 2539 arts
1360 2516 1401 2539 est
1411 2514 1480 2542 telle,
1492 2512 1553 2545 qu'il
1568 2520 1583 2543 y
1594 2519 1608 2535 a
1620 2511 1679 2534 bien
1695 2509 1763 2533 mille
1776 2509 1903 2532 maistres.
1916 2507 2050 2538 [Quidam

184 2563 197 2575 α
215 2554 511 2585 interloquitur:deux
525 2557 615 2589 milie.]
631 2558 692 2582 Cest
703 2559 742 2590 iey
752 2559 864 2584 deri-iere
879 2568 920 2584 me
933 2560 973 2584 dit
987 2569 992 2584 :
1004 2560 1071 2584 deux
1083 2561 1163 2584 mille.
1178 2562 1217 2584 Au
1232 2560 1315 2584 moins
1327 2568 1342 2590 y
1352 2567 1382 2583 en
1397 2559 1441 2582 a-il
1457 2557 1514 2581 bien
1530 2557 1608 2584 mille,
1618 2556 1648 2579 de
1659 2554 1721 2586 quoi
1737 2554 1754 2577 il
1768 2561 1782 2584 y
1793 2561 1823 2576 en
1838 2560 1853 2576 a
1866 2552 1922 2575 bien
1935 2551 2003 2574 deux
2017 2558 2049 2573 ou

185 2608 197 2619 «
215 2598 280 2622 trois
296 2601 367 2623 cents
384 2600 495 2631 gradues
509 2609 540 2625 en
556 2603 633 2626 autre
648 2603 753 2633 seienee,
772 2611 868 2628 comme
885 2604 1025 2629 baclieliers
1037 2613 1069 2629 en
1085 2604 1221 2636 theologie,
1237 2612 1267 2628 en
1283 2604 1421 2632 mladeeine,
1439 2610 1469 2626 en
1484 2602 1567 2626 droits
1586 2600 1644 2624 civil
1662 2602 1687 2622 et
1701 2606 1790 2627 canon,
1806 2600 1831 2621 et
1845 2605 1876 2620 eu
1893 2603 1907 2626 y
1922 2604 1937 2619 a
1956 2602 2050 2618 comme

186 2651 198 2663 κ
215 2649 256 2666 ces
274 2644 333 2667 sont
351 2643 410 2675 plus
424 2645 547 2676 gradues.
564 2647 604 2671 Un
620 2647 764 2679 theologien
779 2650 820 2672 est
832 2649 863 2672 de
877 2649 900 2672 la
915 2649 1008 2673 saeuite
1023 2650 1067 2673 des
1081 2651 1145 2679 arts,
1162 2649 1264 2681 jusqu’a
1279 2656 1305 2672 ee
1320 2648 1382 2680 qu'il
1402 2648 1439 2671 ait
1462 2647 1483 2670 le
1499 2646 1591 2669 bonnet
1607 2652 1653 2668 sur
1675 2643 1699 2667 la
1715 2644 1792 2666 teste.
1812 2641 1846 2665 Le
1859 2640 1954 2664 bonnet
1970 2647 1999 2662 ne
2014 2638 2049 2662 lui

186 2696 199 2708 α
216 2687 314 2711 ameine
330 2688 402 2719 point
415 2688 446 2713 de
460 2689 567 2714 science.
581 2691 675 2722 [Alius
688 2693 867 2725 obloquitur]
881 2694 941 2717 L'en
957 2694 1027 2725 pai-le
1040 2694 1055 2717 a
1069 2694 1120 2718 moi
1135 2702 1164 2725 cy
1179 2702 1224 2726 par
1235 2693 1343 2717 deri-iere
1361 2701 1366 2716 :
1384 2692 1399 2716 il
1415 2700 1429 2715 a
1445 2690 1525 2723 grand
1542 2697 1621 2722 paour
1636 2696 1685 2719 que
1699 2688 1723 2718 je
1736 2695 1765 2710 ne
1779 2686 1800 2710 le
1815 2685 1909 2709 oublie.
1926 2684 1945 2707 11
1963 2691 2001 2706 me
2012 2682 2051 2706 dit

186 2741 198 2751 «
216 2732 242 2754 et
256 2730 295 2755 dit
307 2732 370 2762 vrai,
387 2733 452 2764 qu'il
467 2741 482 2765 y
497 2742 528 2758 en
543 2742 558 2759 a
570 2735 601 2759 de
616 2737 698 2760 moult
713 2737 816 2767 crottes,
834 2738 878 2769 qui
893 2740 952 2762 sont
968 2738 1020 2762 tres
1040 2738 1161 2770 suffisant
1181 2739 1206 2762 et
1226 2738 1289 2762 bons
1304 2738 1392 2761 clercs.
1414 2736 1451 2759 En
1469 2734 1592 2767 pam-rete
1605 2732 1682 2757 croist
1698 2732 1722 2755 la
1736 2731 1834 2754 seience
1850 2729 1962 2760 plustost.
1977 2726 2050 2758 qu'en

187 2785 200 2796 α
217 2775 337 2800 richesse.
353 2776 374 2800 Il
390 2784 406 2808 y
419 2785 434 2801 a
448 2777 493 2802 des
506 2778 646 2804 bacheliers
661 2781 796 2810 eursoires,
812 2782 827 2805 a
841 2782 886 2813 qui
903 2783 928 2814 je
944 2783 1075 2812 111'envois,
1094 2783 1180 2814 quand
1194 2782 1237 2814 j’ai
1252 2789 1351 2805 aucune
1370 2781 1446 2804 chose
1461 2780 1475 2803 .·”1
1495 2779 1586 2803 taire...
1601 2787 1613 2799 »
1633 2777 1716 2806 tibia„
1731 2783 1755 2806 p.
1771 2774 1836 2803 229).
1850 2773 1889 2796 Ab
1906 2771 1948 2805 illo
1960 2777 2051 2802 genere

185 2817 385 2850 distinguendae
400 2823 463 2846 sunt
477 2823 608 2848 orationes
623 2825 649 2848 in
663 2825 756 2856 gallica
772 2826 861 2857 lingua
880 2834 944 2858 quas
964 2827 1045 2850 multa
1062 2835 1122 2851 cura
1136 2827 1330 2858 praeparaverat
1350 2826 1447 2853 auctor,
1463 2825 1499 2849 ut,
1515 2831 1554 2847 ex.
1573 2830 1608 2853 g.,
1623 2822 1758 2845 Sei-mones
1774 2817 1858 2849 gallici
1872 2815 1993 2840 &emonis
2007 2822 2052 2838 ³¹¹¹

187 2863 248 2888 1394
259 2866 285 2888 et
300 2864 361 2889 1404
376 2866 463 2897 (ορμ,
479 2867 524 2897 1v‚
537 2868 592 2896 565,
608 2869 672 2899 571).
1668 2858 1675 2864 .

2172 843 2279 867 Cultura

2107 879 2209 910 linguae
2225 878 2337 909 gallicae.

2157 1767 2301 1799 Cupiditas.
