2488 3386
1003 332 1127 354 INDEX
1157 332 1306 354 RERUM.

242 417 295 441 stri
304 418 330 441 et
340 415 468 441 scholares
479 415 665 440 Universitatis
675 415 786 447 exempti
795 417 857 439 sunt
868 414 993 439 subsidiis
1004 422 1068 446 quae
1076 413 1130 438 sedi

243 456 396 489 apostolicae
409 455 586 485 solvebantur,
601 455 648 479 446
663 459 691 479 n0
707 454 780 484 1537,
794 462 837 479 rex
847 455 1048 479 Universitatem
1063 462 1077 477 a
1090 454 1130 485 ju-

244 496 390 521 vaminibus
403 495 502 525 liberat,
515 495 562 519 316
574 500 603 518 n⁰
618 495 689 525 1479,
703 503 716 519 e
726 494 859 527 privilegio
874 494 940 526 regis
950 494 1074 526 (Philippi
1085 494 1129 523 VI)

243 544 348 561 annuus
368 535 486 560 redditus
510 535 537 559 in
558 534 698 559 Castelleto
722 535 804 558 Paris.
830 536 979 565 assignatur
999 534 1031 558 ad
1054 541 1130 558 usum

244 577 327 600 trium
348 575 547 608 capellaniarum
562 575 679 599 Univers.
697 573 813 604 Carolus,
837 582 944 605 regnum
967 581 1066 605 regens,
1083 574 1130 597 hoc

245 616 411 648 privilegium
426 617 539 645 renovat,
552 614 583 638 69
598 619 627 638 n⁰
643 614 716 644 1247,
738 614 867 638 scholares
884 616 911 638 et
931 613 1049 645 magistri
1064 613 1130 638 Uni-

245 656 334 680 versit.
349 655 428 680 simul
446 663 475 679 ac
495 655 604 685 librarii,
627 655 777 686 scriptores,
799 654 993 684 illuminatores,
1010 654 1131 685 ligatores

245 697 377 726 librorum,
394 695 580 728 pergamensi-ii
600 697 628 719 et
651 695 696 719 alii
720 695 859 719 servientes
884 695 1077 724 Universitatis,
1098 694 1130 718 ab

243 736 360 761 excubiis
380 739 406 760 et
428 744 442 760 a
464 735 580 760 custodia
602 737 736 767 portarum
751 735 863 759 civitatis
879 735 999 766 exempti,
1018 734 1070 763 178,
1087 734 1131 757 180

245 781 274 800 n⁰
290 776 363 806 1348,
377 775 485 799 Carolus
497 775 534 799 VI
546 775 682 799 confirmat
697 774 782 807 privil.
802 774 850 798 fori
865 774 1060 803 Universitatis,
1075 781 1133 805 pro-

245 818 303 848 pter
315 816 461 840 vexationes
476 815 503 839 in
520 815 615 839 ducatu
630 814 809 845 Not-manniae,
824 814 884 844 543,
902 817 1066 838 conservator
1081 814 1132 845 pri-

245 856 396 888 vilegiorum
419 856 490 880 solus
503 855 634 887 cognoscit
654 855 685 879 de
707 855 827 880 omnibus
841 855 916 879 rebus
929 855 1064 887 privilegia
1079 857 1132 878 tan-

246 896 376 928 gentibus,
390 896 447 927 163,
462 896 568 920 Carolus
584 904 628 920 rex
644 895 730 927 privil.
743 895 926 920 Universitatis
941 897 1000 919 ante
1015 902 1134 919 concessa

245 938 381 961 confirmat
395 938 422 961 et
439 944 532 960 causas
547 944 612 968 quae
627 936 658 960 ad
673 944 762 960 eorum
776 936 899 960 beneficia
913 937 1032 968 spectant
1046 943 1061 959 a
1077 942 1135 958 con-

246 979 378 1002 servatore
411 977 603 1009 privilegiorum
636 976 824 1008 cognoscendas
857 977 909 1000 fore
939 977 1046 1006 statuit,
1075 976 1132 1005 158,

247 1017 353 1042 Carolus
363 1017 386 1041 V
397 1016 469 1048 jubet
480 1017 628 1048 inquestam
642 1017 698 1040 lieri
710 1017 741 1041 de
755 1017 881 1041 abusibus
893 1017 919 1041 in
931 1017 1134 1042 Universitatem

246 1057 401 1087 commissis,
427 1057 483 1087 197;
511 1057 668 1081 Francorum
691 1065 735 1081 rex
764 1058 901 1081 confirmat
924 1059 980 1081 octo
1010 1056 1135 1081 articulos

247 1097 396 1129 regulantes
420 1097 552 1121 carnifices
575 1097 620 1129 qui
645 1097 772 1129 sanguine
799 1097 938 1122 bestiarum
965 1099 991 1121 et
1015 1097 1136 1121 sordibus

248 1138 317 1161 viam
333 1138 358 1161 S.
372 1137 511 1161 Genovefae
530 1136 684 1169 polluebant,
706 1137 751 1161 106
770 1142 799 1161 n⁰
823 1137 896 1167 1283,
912 1137 1000 1161 nullus
1015 1136 1137 1161 scholaris

248 1178 276 1202 in
289 1185 388 1202 carcere
398 1177 506 1201 detineri
519 1178 613 1209 potest,
627 1177 684 1207 151,
698 1177 839 1201 servientes
850 1178 968 1203 Univers.
982 1178 1047 1207 (scil.
1063 1176 1136 1200 libra-

249 1217 291 1248 rii,
307 1218 456 1249 scriptores,
475 1219 533 1247 etc.)
553 1219 583 1241 ut
597 1217 726 1242 scholares
740 1218 766 1242 in
781 1225 881 1242 carcere
895 1217 1004 1241 detineri
1019 1218 1136 1249 possunt,

250 1258 308 1288 151,
324 1265 338 1281 e
352 1257 496 1290 privilegiis
515 1257 604 1281 nullus
624 1258 747 1282 scholaris
767 1258 794 1282 in
815 1265 915 1282 carcere
937 1260 1065 1287 teneatur,
1087 1257 1137 1280 nisi

248 1298 276 1322 in
290 1298 392 1322 duobus
406 1298 518 1328 casibus,
531 1298 591 1328 478,
609 1306 650 1322 rex
666 1299 812 1330 praeposito
831 1298 947 1329 injungit
966 1299 995 1322 ut
1009 1297 1139 1322 scholares

248 1338 396 1363 amabiliter
409 1340 514 1368 tractet,
529 1338 587 1368 187;
600 1346 624 1362 υ.
641 1338 821 1371 Praepositus
837 1338 924 1363 Paris.

218 1393 281 1397 —
296 1379 490 1403 Processiones
502 1386 511 1402 :
526 1378 689 1403 Universitas
704 1378 835 1410 permittit
850 1378 1033 1410 processionem
1048 1378 1074 1402 S.
1085 1379 1139 1401 Au-

249 1418 356 1449 gustino
378 1418 540 1447 institutam,
564 1418 595 1443 75
618 1423 647 1442 n⁰
668 1418 741 1448 1256,
770 1419 943 1450 processiones
964 1420 990 1442 et
1014 1418 1140 1442 stationes

252 1458 437 1484 Universitatis
448 1458 480 1482 ad
496 1459 522 1482 S.
536 1459 679 1483 Mai-tinum
689 1459 720 1483 de
733 1459 844 1491 Campis,
859 1461 885 1483 et
897 1459 929 1483 ad
944 1460 970 1483 S.
984 1459 1140 1483 Germanum

251 1499 282 1524 de
307 1499 394 1523 Pratis
414 1507 459 1531 pro
483 1499 643 1531 impetranda
667 1500 760 1524 unione
781 1499 901 1524 ecclesiae
924 1500 959 1529 (in
978 1500 1139 1530 Schismate),

253 1539 299 1563 597
312 1544 340 1563 n⁰
354 1539 423 1569 1665,
437 1539 492 1563 603.

221 1593 282 1598 —
300 1580 400 1604 Rotuli
415 1587 424 1603 .·
438 1579 468 1603 In
483 1579 577 1603 rotulis
596 1581 637 1603 est
658 1579 719 1604 ordo
741 1580 895 1612 prioritatis,
911 1580 1050 1612 cujuslibet
1064 1580 1141 1604 facul-

254 1619 316 1645 tatis
335 1619 459 1650 magistri
481 1618 663 1644 inscribuntur
678 1619 821 1644 secundum
842 1620 1032 1651 antiquitatem,
1049 1620 1142 1644 theolo-

252 1660 311 1691 giae
326 1659 430 1683 rotulus
441 1659 582 1691 praefertur
594 1659 688 1684 rotulis
701 1659 873 1688 decretorum,
886 1660 1054 1690 medicorum,
1065 1660 1143 1684 artis-

253 1702 350 1729 tarum,
366 1693 410 1729 63;
422 1698 534 1723 decrevit
546 1699 707 1723 Universitas
720 1708 750 1724 ne
761 1699 881 1730 facultas,
896 1701 978 1730 natio,
994 1700 1142 1731 collegium,

253 1739 416 1771 congregatio
435 1739 590 1763 scholarium
605 1739 643 1763 vel
664 1739 850 1771 graduatorum
865 1741 980 1764 rotulum
996 1742 1143 1772 separatum

253 1779 286 1804 ad
301 1787 392 1811 papam
406 1779 461 1803 sine
473 1787 597 1803 consensu
607 1779 792 1804 Universitatis
806 1780 934 1810 mitteret,
948 1780 994 1804 563
1006 1785 1035 1804 11⁰
1050 1780 1142 1810 1622*;

255 1819 358 1843 rotulus
380 1818 457 1842 Univ.
480 1819 539 1842 Par.
562 1818 663 1842 rotulos
686 1818 796 1842 aliarum
811 1819 1017 1843 Universitatum
1036 1827 1087 1843 una
1104 1819 1145 1843 die

254 1858 396 1891 praecedat,
421 1858 500 1888 269*;
526 1858 675 1883 deliberatio
699 1860 753 1884 nat.
777 1859 879 1883 Picard.
901 1868 932 1884 ne
954 1860 1109 1892 procedatur
1131 1867 1144 1883 a

257 1901 354 1923 rectore
368 1898 401 1922 ad
416 1898 599 1930 sigillationem
616 1897 696 1922 rotuli
715 1898 793 1923 Univ.
809 1899 840 1923 ad
854 1900 1011 1923 Clementem
1023 1899 1073 1924 VII
1087 1900 1145 1923 mit-

256 1938 336 1969 tendi,
350 1938 397 1962 238
412 1943 441 1962 n0
461 1938 536 1968 1424,
552 1938 622 1963 natio
642 1938 742 1969 Anglic.
766 1939 891 1964 adversus
905 1939 1093 1964 conclusionem
1108 1947 1146 1964 ro-

254 1979 314 2010 tuli,
334 1979 380 2003 580
399 1979 542 2009 11011633&
562 1979 665 2003 rotulus
686 1979 821 2004 conclusus
843 1982 902 2012 post
923 1983 1030 2005 mortem
1050 1982 1147 2012 Grego-

256 2021 290 2046 rii
305 2021 350 2050 XI,
367 2022 472 2052 propter
485 2020 608 2050 Schisma,
623 2028 672 2044 non
688 2022 727 2044 est
742 2022 926 2052 praesentatus
942 2021 996 2045 sine
1011 2021 1147 2045 difficulta-

256 2061 337 2090 tibus,
352 2060 432 2090 236*;
449 2060 536 2084 nuntii
556 2068 615 2084 cum
637 2059 722 2084 rotulo
742 2068 787 2092 per
802 2061 915 2093 quinque
930 2068 1031 2084 menses
1045 2061 1148 2084 circiter

256 2100 356 2131 Niciae,
381 2100 513 2125 Massiliae
535 2103 562 2125 et
583 2101 711 2124 Avenioue
735 2102 958 2132 exspectaverunt,
981 2102 1007 2124 et
1031 2100 1146 2124 rotulum

257 2139 382 2164 Clementi
397 2139 445 2164 V11
461 2142 626 2171 praesentare
646 2147 696 2164 non
717 2142 872 2172 potuerunt,
888 2140 969 2170 236*;
994 2140 1096 2164 rotulus
1115 2139 1145 2164 ad

258 2179 414 2204 Clementem
426 2179 476 2203 VII
492 2180 597 2210 missus,
614 2180 673 2210 242,
690 2188 741 2211 quo
756 2182 868 2212 tempore
883 2180 1040 2212 compositus
1060 2182 1086 2203 et
1108 2187 1148 2203 ex-

261 2219 364 2250 peditus
378 2220 422 2250 sit,
446 2220 505 2250 242,
522 2220 553 2244 de
568 2220 661 2244 rotulis
677 2220 708 2244 ad
724 2220 883 2245 Clementem
899 2220 993 2249 missis,
1010 2220 1041 2243 de
1056 2219 1147 2251 primo,

257 2268 305 2285 seu
320 2261 411 2285 rotulo
426 2261 626 2290 coronationis,
650 2260 680 2284 de
701 2261 820 2290 secundo,
839 2261 885 2285 312
900 2266 928 2284 n⁰
944 2261 1013 2291 1474,
1030 2260 1147 2290 447-463,

258 2301 314 2331 483,
330 2300 385 2331 484,
397 2300 452 2330 553,
465 2300 521 2331 554,
536 2300 612 2331 561*‚
626 2301 672 2325 563
684 2301 716 2325 υἱ·
728 2302 788 2325 1620
800 2304 827 2326 et
839 2302 906 2332 1622,
916 2302 961 2326 580
974 2307 1003 2326 n⁰
1016 2301 1084 2331 1633,
1093 2301 1148 2331 587,

259 2341 305 2365 591
322 2346 351 2365 n0
367 2341 440 2370 1652,
458 2341 544 2370 rotuli,
566 2341 604 2371 18,
623 2341 660 2371 19,
676 2341 719 2371 37,
741 2342 933 2366 reformationes
949 2342 1027 2366 rotuli
1040 2342 1150 2366 Univer-

259 2381 341 2411 sitat„
355 2381 413 2411 133,
430 2381 531 2405 rotulus
543 2384 601 2413 post
611 2383 664 2406 tres
676 2381 872 2406 deliberationes
883 2382 1020 2406 conclusus
1030 2383 1078 2412 est,
1092 2382 1149 2411 181,

259 2421 361 2446 rotulus
374 2423 432 2453 post
443 2421 558 2445 diversas
572 2422 784 2453 congregationes
799 2423 895 2446 missus
910 2424 960 2452 est,
976 2423 1019 2446 187
1033 2427 1062 2446 n⁰
1076 2422 1149 2453 1354,

261 2461 372 2490 rotulus,
390 2462 453 2485 199*
469 2466 497 2485 11⁰
513 2461 581 2489 1368,
601 2461 647 2485 314
668 2466 697 2485 n0
713 2462 781 2492 1477,
801 2462 860 2492 335,
877 2463 979 2486 rotulus
996 2463 1149 2491 Universit.,

259 2501 320 2532 445,
334 2501 446 2532 rotulus,
462 2501 521 2531 501;
533 2501 612 2525 rotuli
628 2501 798 2533 particulares
810 2502 885 2526 Univ.
897 2503 966 2532 Par.,
975 2503 1021 2527 270
1036 2508 1065 2526 n⁰
1077 2503 1149 2534 1434,

262 2542 366 2567 rotulus
381 2542 408 2566 in
424 2542 573 2574 theologiae.
590 2543 733 2568 medicinae
747 2546 774 2568 et
795 2544 892 2568 artium
911 2544 1080 2568 facultatibus
1093 2552 1151 2575 gra-

261 2582 409 2612 duatorum,
423 2582 484 2612 284,
501 2582 603 2607 rotulus
626 2583 777 2607 nuntiorum
793 2583 958 2615 scholarium,
974 2584 1034 2616 241,
1050 2583 1151 2607 rotulus

263 2622 416 2645 nuntiorum
430 2621 511 2646 studii
525 2623 618 2652 Paris.,
634 2623 691 2653 134,
706 2623 808 2648 rotulus
826 2624 977 2648 nuntiorum
995 2623 1084 2653 Univ.‚
1095 2623 1149 2647 240.

230 2676 293 2680 —-
311 2663 457 2687 Sermones
473 2670 481 2686 :
497 2662 536 2686 Ad
551 2663 755 2688 Universitatem
771 2666 881 2696 spectat,
895 2666 949 2689 tam
969 2664 999 2688 de
1012 2665 1151 2688 consuetu-

261 2702 321 2726 dine
334 2709 414 2733 quam
430 2701 460 2726 de
472 2703 538 2734 jure,
554 2703 585 2727 de
600 2704 765 2729 sermonibus
780 2707 805 2728 et
829 2704 1009 2728 collationibus
1023 2703 1151 2733 ordinare,

264 2742 321 2772 189,
339 2742 501 2767 Universitas
517 2744 609 2768 statuit
624 2752 768 2769 sermonem
781 2745 808 2769 in
824 2745 888 2769 festo
903 2745 929 2769 S.
945 2745 1067 2770 Ludovici
1083 2745 1152 2769 intra

263 2782 352 2814 colleg.
369 2782 499 2807 Navarrae
509 2783 656 2808 habendum
669 2792 734 2814 esse,
752 2785 808 2815 189,
825 2785 974 2815 baccalarei,
992 2785 1153 2809 Praedicato-

265 2823 335 2847 ribus
359 2822 392 2847 ab
413 2823 586 2848 Universitate
603 2825 736 2855 resecatis,
761 2832 892 2849 sermones
915 2825 1022 2854 faciunt,
1045 2824 1103 2854 515,
1130 2832 1152 2848 υ.

264 2863 396 2894 Minores,
414 2863 639 2889 Praedicatores.

237 2918 301 2922 —---
319 2903 454 2934 Siyillum
471 2911 596 2935 magnum
609 2904 809 2935 Universitatis,
825 2905 880 2936 366,
894 2905 948 2935 439,
965 2905 1009 2929 581
1023 2910 1051 2929 n0
1066 2905 1133 2929 1636.

363 2951 411 2967 *st*
429 2948 525 2972 Chart.
550 2948 625 2974 Univ.
646 2949 740 2974 Paris.
759 2950 804 2973 ΙΙΙ.

2034 325 2098 358 769

1155 419 1159 438 1
1184 429 1245 432 k
1262 415 1419 447 Siynetum,
1429 416 1484 444 341,
1495 415 1551 446 369,
1566 416 1621 446 376,
1635 417 1690 446 405,
1703 417 1757 444 410,
1767 418 1893 447 ·12assim;
1904 419 1931 452 vg
1940 417 2099 447 Examina,-

1215 455 1246 479 de
1260 455 1412 480 muneribus
1430 456 1581 480 cancellario
1601 456 1690 481 missis
1712 457 1737 480 in
1753 458 1905 489 receptione·
1918 454 2023 488 signeti,
2044 458 2099 487 369,

1214 495 1269 526 376,
1286 496 1343 526 405,
1360 496 1431 520 nulla
1446 504 1546 520 summa
1560 498 1630 520 certa
1642 496 1698 520 dari
1713 500 1835 521 consueta
1849 499 1899 526 est,
1916 497 1975 527 370,
1992 496 2102 521 in'rece-

1216 535 1302 566 ptione
1317 535 1414 566 signeti
1431 534 1495 559 nulli
1510 535 1618 567 pecunia
1633 535 1717 564 detur,
1733 535 1775 559 341
1795 541 1822 559 n⁰
1838 536 1906 560 1504.
1944 548 1947 550 -
1976 548 1978 550 ·

1186 589 1245 591 —
1268 576 1377 600 Vocaeio
1393 575 1591 604 licenciatorum,
1606 576 1661 605 363,
1677 576 1736 605 376,
1750 583 1774 600 υ.
1789 577 1941 602 Examina.

1186 657 1364 683 Universitas
1380 658 1464 683 Paris.
1482 659 1679 690 (FACULTATEs)
1693 667 1699 682 2
1712 659 1816 683 Statuta
1831 667 1875 690 lsro
1889 659 2009 684 omnibus
2025 659 2103 683 facul-

1217 698 1314 722 tatibus
1329 698 1471 724 Universit.
1486 698 1569 722 Paris.
1582 699 1652 723 edila
1665 707 1679 722 a
1690 698 1791 723 duobus
1806 699 1981 724 cardinalibus
1997 700 2103 723 consilio

1218 739 1361 762 cancellarii
1379 740 1405 762 et
1423 739 1520 770 aliquot
1540 739 1737 770 magistrorum,
1754 739 1810 768 143;
1832 740 2025 770 praerogativae
2039 747 2104 770 qua-

1217 780 1276 802 tuor
1297 778 1452 802 facultatum
1471 780 1656 802 enumerantur
1676 779 1781 810 passim,
1797 779 1881 808 61-68,
1900 779 1931 802 de
1949 779 2105 811 antiquitate

1218 818 1382 847 facultatum,
1398 818 1457 848 322,
1489 825 1661 850 unaquaeque
1680 818 1786 842 facultas
1803 818 2011 850 jurisdictionem
2028 819 2105 843 habet

1218 858 1248 882 de
1263 857 1422 882 scholaribus
1436 860 1463 881 et
1472 857 1623 889 regentibus
1638 858 1662 881 in
1677 858 1806 888 facultate,
1820 859 1879 888 320,
1896 867 1954 882 cuni
1972 859 2104 883 Universi-

1219 898 1283 922 tatis
1303 899 1334 921 fit
1352 899 1525 929 congregatio,
1540 906 1710 930 unaquaeque
1729 898 1847 928 facultas,
1865 900 1940 930 prout
1954 899 2038 931 potior
2056 899 2106 923 alia

1219 938 1341 962 facultate
1360 939 1507 969 reputatur,
1532 940 1644 969 gradum
1663 938 1770 962 sedendi
1791 939 1914 970 potiorem
1931 938 2022 969 habet;
2047 947 2106 971 prae

1220 978 1352 1010 magistris
1375 977 1464 1001 facult.
1486 978 1586 1002 artium
1612 978 1711 1007 medici,
1732 986 1793 1010 prae
1816 978 1923 1002 medicis
1943 979 2106 1010 decretistae,

1220 1026 1281 1050 prae
1300 1018 1449 1042 decretistis
1469 1018 1580 1049 theologi
1596 1018 1623 1041 in
1642 1018 1746 1042 sedibus
1761 1018 1995 1043 honorabilioribus
2008 1018 2106 1048 sedent,

1221 1059 1264 1089 62,
1287 1059 1314 1082 in
1334 1058 1420 1082 missis
1439 1058 1599 1082 solemnibus
1618 1058 1771 1089 Universit„
1788 1059 1814 1083 in
1836 1058 1926 1082 dextra
1948 1060 2018 1090 parte
2037 1060 2108 1083 chori

1221 1098 1342 1123 ecclesiae
1358 1098 1468 1129 theologi
1482 1100 1509 1122 et
1524 1100 1611 1129 postea
1630 1098 1730 1128 medici,
1746 1099 1773 1122 in
1793 1098 1900 1122 sinistra
1919 1098 2071 1123 decretistae
2083 1100 2109 1123 et

1222 1140 1310 1170 postea
1323 1138 1429 1162 artistae
1443 1138 1511 1162 inter
1526 1146 1592 1169 quos
1609 1140 1636 1162 et
1650 1140 1735 1162 rector
1750 1138 1838 1162 sedere
1853 1142 2049 1168 consueverunt,
2063 1140 2106 1169 65,

1223 1177 1360 1203 facultates
1373 1177 1524 1209 theologiae,
1537 1178 1708 1210 decretorum,
1723 1178 1870 1208 medicinae,
1885 1180 1911 1203 et
1925 1179 2031 1209 artium,
2042 1186 2109 1210 pas-

1223 1224 1290 1242 sim.

1193 1301 1338 1325 Facu-mss
1353 1305 1526 1322 TiiEOLOGiAE
1539 1310 1544 1323 ·,
1557 1300 1622 1324 Cum
1633 1299 1690 1323 aliis
1701 1299 1867 1323 facultatibus
1882 1300 1943 1324 facit
1953 1301 2111 1325 Universita-

1226 1342 1278 1364 tem
1290 1339 1382 1369 Paris.‚
1391 1339 1435 1369 62,
1447 1339 1505 1363 aliis
1516 1338 1686 1363 facultatibus
1695 1340 1852 1371 praeeminet
1862 1340 1888 1363 in
1898 1341 2017 1364 omnibus
2025 1341 2110 1370 rebus,

1241 1380 1310 1410 2-63,
1327 1379 1430 1404 articuli
1449 1378 1538 1403 facult.
1555 1379 1633 1403 theol.
1653 1381 1740 1403 contra
1760 1380 1986 1411 praeeminentiam
2007 1381 2112 1405 rectoris

1225 1423 1252 1445 et
1268 1420 1437 1444 assertionem
1453 1419 1519 1450 quod
1535 1419 1569 1443 sit
1583 1421 1661 1451 caput
1680 1421 1706 1443 et
1723 1420 1839 1451 superior
1855 1420 1982 1450 Univers.,
1999 1421 2044 1451 61,
2062 1421 2113 1445 col-

1226 1461 1323 1492 legium
1342 1459 1482 1492 facultatis,
1498 1459 1552 1488 566,
1568 1460 1623 1489 568,
1639 1459 1685 1483 573
1702 1464 1730 1482 11⁰
1749 1459 1821 1489 1626,
1838 1459 1884 1483 fac.
1898 1460 1976 1484 theol.
1993 1468 2020 1485 se
2037 1463 2114 1492 putat

1227 1508 1376 1532 supremum
1391 1499 1504 1524 tribunal
1517 1499 1635 1523 ecclesiae
1653 1500 1679 1523 in
1699 1499 1807 1523 materia
1822 1499 1880 1523 fidei
1895 1502 1921 1523 et
1934 1508 2043 1527 morum.
2057 1501 2112 1531 486,

1227 1541 1286 1570 488,
1302 1541 1328 1564 in
1347 1539 1499 1571 quaestione
1521 1539 1551 1563 de
1574 1539 1677 1563 Visione
1700 1539 1826 1568 beatifica,
1845 1540 1967 1564 Franciae
1987 1548 2030 1564 rex
2051 1541 2114 1565 Phi-

1227 1581 1315 1613 lippus
1332 1579 1441 1604 credidit
1460 1579 1547 1611 potius
1563 1579 1687 1610 theologis
1702 1579 1797 1608 Paris„
1812 1587 1888 1610 quam
1904 1579 2015 1604 Johanni
2031 1581 2114 1610 XXII,

1228 1621 1307 1650 617*;
1324 1620 1442 1651 magistri
1462 1619 1541 1643 theol.
1557 1619 1738 1651 praeferuntur
1752 1619 1887 1650 magistris
1905 1619 2015 1643 aliarum
2033 1620 2114 1644 sacul-

1231 1663 1277 1685 tat.
1295 1668 1310 1684 a
1330 1667 1429 1684 summo
1450 1659 1578 1691 pontifice,
1600 1659 1644 1682 196
1664 1664 1693 1682 n0
1714 1659 1807 1689 1364*;
1831 1659 1941 1683 facultas
1963 1667 2011 1683 non
2034 1661 2114 1684 habet

1229 1701 1314 1725 vicum
1334 1700 1360 1724 in
1381 1707 1430 1731 quo
1450 1699 1559 1730 legatur,
1578 1707 1608 1722 ne
1628 1699 1740 1730 religiosi
1759 1699 1792 1723 ab
1813 1699 1900 1723 officiis
1918 1699 2011 1723 divinis
2029 1700 2115 1724 deter-

1230 1743 1345 1770 reantur,
1361 1740 1419 1770 322,
1441 1740 1513 1771 pauci
1533 1739 1654 1770 magistri
1672 1739 1773 1763 suntin
1793 1739 1904 1763 ecclesiis
1923 1740 2116 1764 cathedralibus

1232 1781 1406 1814 praebendati,
1418 1780 1477 1810 446;
1491 1788 1520 1804 ea
1534 1787 1573 1803 res
1583 1779 1697 1803 deterret
1706 1779 1835 1803 scholares
1848 1787 1862 1802 a
1875 1779 1955 1811 gradu
1967 1780 2115 1804 doctoratus

1230 1820 1381 1854 recipiendo,
1397 1820 1443 1844 446
1463 1825 1491 1843 110
1508 1819 1580 1849 153s;
1603 1819 1723 1850 magistri
1744 1819 1821 1843 theol.
1845 1820 1967 1850 Bibliam,
1984 1828 2034 1844 non
2054 1821 2115 1844 Sen-

1231 1861 1327 1886 tentias
1342 1861 1439 1892 legunt,
1455 1859 1514 1889 427,
1536 1859 1660 1883 licentiati
1678 1859 1806 1890 incipiunt
1819 1859 1849 1882 ad
1865 1859 2045 1890 magisterium
2068 1860 2116 1884 sub

1231 1901 1357 1933 magistro
1372 1899 1485 1924 nationis
1505 1907 1574 1929 suae,
1597 1899 1655 1929 358,
1672 1906 1740 1929 mag.
1757 1899 1868 1930 theologi
1883 1907 1988 1923 suorum
2003 1907 2117 1924 comma-

1233 1943 1374 1975 gistrorum
1389 1939 1555 1964 morientium
1569 1946 1674 1971 corpora
1694 1939 1724 1962 ad
1745 1939 1906 1970 sepulturam
1924 1939 2052 1970 deferunt,
2072 1940 2116 1970 67,

1233 1984 1361 2007 statutum
1377 1989 1406 2004 ne
1419 1979 1555 2012 quisquam
1574 1979 1600 2003 in
1614 1979 1700 2003 danda
1717 1979 1829 2009 licentia,
1845 1979 1950 2009 eisdem,
1967 1980 2011 2011 qui
2028 1988 2043 2004 a
2057 1988 2117 2004 can-

1234 2022 1337 2047 cellario
1354 2022 1443 2045 contra
1460 2019 1657 2043 consuetudines
1676 2019 1752 2043 Univ.
1769 2018 1983 2049 admittebantur,
2000 2020 2116 2050 assistat,

1234 2063 1280 2087 390
1296 2067 1324 2086 11⁰
1343 2061 1418 2090 1514;
1437 2061 1536 2083 statut-a
1554 2067 1568 2082 a
1585 2058 1685 2083 duobus
1700 2058 1872 2082 cardinalibus
1886 2058 1955 2082 edita
1969 2068 1975 2082 :
1992 2067 2037 2091 pro
2052 2059 2117 2083 inci-

1234 2101 1358 2135 pientium
1373 2099 1472 2129 habitu,
1490 2106 1534 2130 pro
1548 2098 1705 2127 cursoribus,
1719 2097 1890 2131 scholaribuS,
1902 2098 2047 2129 legentibus
2061 2100 2120 2123 Sen-

1235 2142 1338 2171 tentias,
1362 2139 1531 2166 licentiandis,
1563 2138 1723 2167 baccalareis,
1751 2137 1803 2167 143,
1832 2138 1889 2168 144,
1918 2138 2031 2170 religiosi
2057 2139 2119 2163 Ord.

1234 2183 1319 2207 Erem.
1334 2182 1360 2204 S.
1377 2182 1444 2210 Aug.
1457 2181 1483 2203 et
1494 2178 1604 2203 aliorum
1617 2178 1705 2202 Ordin.
1719 2177 1867 2201 facultatem
1882 2178 2027 2210 theologiae
2043 2179 2118 2203 Tolo-

1236 2231 1294 2247 san.
1310 2222 1336 2245 in
1352 2221 1466 2244 favorem
1481 2218 1562 2242 studii
1582 2218 1662 2242 Paris.
1681 2217 1877 2249 postponebant,
1896 2218 1948 2242 125.
1965 2233 1996 2236 --
2011 2218 2120 2243 Ordines

1235 2260 1456 2287 Mendicantium:
1475 2258 1535 2282 Ord.
1555 2258 1693 2287 Minorum,
1710 2257 1930 2288 Praedicatorum,
1949 2258 2122 2289 Augustinen-

1237 2304 1315 2331 sium,
1333 2299 1541 2327 Carmelitarum,
1559 2298 1613 2322 368.
1627 2312 1653 2316 -—
1673 2298 1732 2321 Via.
1750 2297 1828 2321 etiam
1844 2296 1968 2322 Ordines.

1205 2357 1266 2361 ———
1283 2340 1448 2367 Baccalarei
1458 2346 1466 2363 :
1476 2338 1574 2362 Baccal.
1587 2338 1733 2362 Sententias
1749 2337 1847 2368 legunt,
1858 2338 1917 2367 427,
1929 2338 2015 2362 nullus
2029 2339 2122 2363 admit-

1236 2386 1310 2407 tatur
1329 2380 1361 2404 ad
1383 2379 1505 2403 lecturam
1526 2379 1642 2402 Sentent.
1659 2377 1711 2401 nisi
1727 2377 1762 2401 sit
1778 2377 1808 2401 de
1828 2377 1944 2408 legitimo
1959 2378 2122 2403 matrimonio

1237 2423 1394 2455 procreatus,
1410 2420 1468 2449 442,
1483 2419 1530 2442 nisi
1545 2418 1580 2442 sit
1594 2418 1620 2442 in
1637 2418 1717 2441 sacris
1731 2416 1866 2441 ordinibus
1878 2418 2046 2447 constitutus,
2063 2418 2121 2448 442,

1237 2465 1296 2487 ante
1311 2460 1465 2494 principium
1482 2458 1614 2487 ordinarii,
1626 2457 1790 2481 baccalareus
1803 2457 1876 2488 jurat
1891 2457 1958 2488 quod
1974 2458 2121 2482 Sententias

1237 2511 1303 2527 anno
1323 2501 1444 2526 continue
1465 2500 1578 2523 lecturus
1598 2498 1642 2527 sit,
1659 2505 1739 2529 usque
1759 2497 1790 2521 ad
1811 2497 1925 2528 vigiliam
1942 2497 2121 2529 Apostolorum

1237 2543 1309 2567 Petri
1329 2544 1354 2566 et
1374 2539 1449 2564 Pauli
1464 2546 1516 2570 qua
1530 2538 1656 2570 incipiunt
1671 2537 1826 2567 vacationes,
1841 2537 1900 2566 369;
1916 2539 2015 2561 statuta
2030 2537 2060 2561 de
2080 2538 2124 2561 ad-

1238 2582 1372 2607 mittendis
1397 2581 1426 2604 ad
1454 2579 1577 2602 lecturam
1604 2577 1797 2602 Sententiarum
1819 2581 1844 2600 et
1874 2577 1904 2600 (le
1927 2577 2123 2608 quaestionibus

1238 2622 1370 2651 faciendis,
1386 2621 1431 2644 441
1449 2624 1477 2642 11⁰
1491 2619 1564 2648 1534,
1580 2619 1680 2642 statuta
1694 2617 1726 2641 de
1741 2617 1896 2641 baccalareis
1911 2617 2078 2641 admittendis
2093 2618 2124 2641 ad

1238 2662 1383 2693 legendum,
1400 2659 1441 2683 341
1460 2663 1489 2682 n0
1505 2658 1577 2688 1504,
1594 2657 1682 2681 nullus
1696 2656 1853 2680 adinittatur
1872 2656 1903 2679 ad
1921 2657 2042 2680 lecturam
2061 2657 2123 2681 Sen-

1239 2702 1378 2727 tentiarum
1390 2700 1440 2724 nisi
1455 2700 1526 2732 prius
1539 2697 1631 2729 legerit
1643 2696 1753 2720 Bibliam
1766 2697 1811 2719 aut
1824 2695 1888 2719 duos
1903 2704 2012 2720 cursus:
2026 2697 2091 2728 quod
2104 2698 2125 2721 si

1238 2743 1349 2768 Bibliam
1365 2743 1411 2765 aut
1434 2747 1527 2764 cursus
1552 2746 1602 2762 non
1626 2737 1725 2768 legerit,
1749 2737 1802 2760 loco
1822 2744 1910 2760 eorum
1928 2738 2046 2761 teneatur
2069 2746 2126 2762 res-

1239 2782 1349 2815 pondere
1368 2781 1399 2804 dc
1419 2780 1549 2804 ordinaria
1573 2778 1731 2809 quaestione,
1754 2778 1800 2800 aut
1817 2776 1842 2800 in
1859 2776 1984 2806 Sorbona,
2009 2777 2125 2808 441-442,

1239 2825 1379 2854 antequam
1395 2820 1425 2844 ad
1442 2820 1499 2844 lect.
1511 2818 1705 2843 Sententiarum
1721 2816 1877 2845 admittitur,
1892 2816 1960 2840 bace.
1974 2817 2047 2848 jurat
2059 2818 2127 2848 quod

1240 2864 1266 2887 in
1283 2862 1338 2887 suis
1355 2860 1486 2893 principiis
1506 2861 1533 2883 et
1557 2858 1661 2882 lecturis
1681 2865 1729 2881 non
1750 2856 1817 2880 dicet
1837 2856 1934 2887 aliquid
1948 2859 2038 2881 contra
2053 2857 2127 2881 fidem

1243 2902 1402 2931 catholicam,
1417 2901 1474 2930 120,
1489 2900 1511 2924 si
1529 2899 1586 2931 quis
1601 2898 1729 2922 audiverit
1744 2897 1812 2921 bace.
1831 2896 1927 2927 aliquid
1945 2899 2032 2920 contra
2052 2897 2127 2921 fidem

1974 2942 2003 2964 97
