2508 3372
961 328 1255 350 APPENDIGULA.
1948 328 2039 352 XXXV

182 402 330 428 liberalem
345 409 377 428 ac
391 402 596 435 indulgentem
611 410 669 428 esse
682 403 822 428 hostilitas
836 402 902 436 (sol.
921 402 982 438 196)
994 403 1242 437 perniciosissima.
1260 403 1309 428 Est
1323 404 1422 429 autem
1438 404 1474 428 ab
1489 403 1678 429 Universitate
1693 404 1863 429 alienissima
1879 405 1932 430 hec
1946 405 2040 430 mollis

180 460 336 486 crudelitas
350 459 532 493 crudelisque
547 460 752 490 misericordia,
768 468 863 494 neque
882 461 918 486 ad
940 461 1016 486 male
1031 461 1218 486 tractandum
1240 461 1330 486 fidem
1345 461 1479 494 legesque
1506 468 1569 486 suas
1583 461 1752 486 violandum
1768 469 1818 494 per
1833 461 2039 494 impunitatem

182 518 273 544 malos
286 517 384 547 allicit,
403 525 465 546 nec,
481 518 562 551 quod
577 517 628 544 Dei
642 519 694 544 aut
709 519 894 551 posterorum
909 518 1046 544 omnium
1062 520 1113 546 est.
1130 518 1238 551 spargit
1252 518 1382 551 prodige,
1401 526 1437 544 ne
1450 519 1561 551 vulgari
1578 520 1695 544 notetur
1708 519 1858 551 proverbio
1875 527 1880 543 t
1895 527 1988 544 secare
2005 527 2040 545 err.

180 575 269 601 alieno
284 575 356 601 corio
372 575 455 601 latam
476 583 581 601 zonam.
604 576 674 601 Nota
692 577 733 601 est
756 576 818 609 ejus
837 576 1002 602 constancia
1022 576 1054 601 in
1075 576 1230 609 Hugonem
1253 576 1376 601 Aubriot
1396 576 1577 609 prepositum
1598 578 1668 601 tunc
1693 576 1877 601 Parisiensem
1893 584 1909 601 a
1929 577 1994 601 {idei
2009 584 2040 602 ac

182 634 285 659 nature
306 632 418 666 legibus
440 633 663 659 exorbitantem.
687 633 764 659 Deus
785 634 909 667 optime!
934 635 1008 667 quot
1029 635 1091 660 acta
1113 635 1182 659 sunt
1203 641 1240 659 ne
1255 633 1344 666 hujus
1361 633 1500 666 iniquitas
1512 633 1650 658 vindicari
1665 635 1844 666 quereretur,
1861 635 1933 666 quot
1946 642 1961 658 a
1976 634 2041 659 viris

180 690 305 717 summis
326 690 440 716 sinistre
461 691 626 716 informatis
640 691 760 724 grandia
775 691 871 721 verba,
895 693 1006 725 quante
1028 691 1154 717 minaces
1169 691 1273 719 littere,
1296 692 1369 724 quot
1392 699 1492 717 rursus
1514 691 1745 724 supplicationes,
1763 706 1796 709 —
1810 691 1846 716 ad
1870 699 1927 724 que
1942 691 2039 717 omnia

179 747 358 782 opponebat*
377 748 457 774 illam
476 748 551 774 Petri
567 748 903 782 interrogationem....².
922 750 1044 782 Quantis
1065 749 1232 782 sumptibus
1248 749 1308 782 ipsa
1323 750 1421 774 vexata
1438 750 1489 778 est,
1507 750 1580 781 quot
1595 748 1694 773 attrita
1706 748 1864 773 laboribus!
1882 748 2040 774 Accedebat

179 806 305 839 ingentis
320 806 401 840 prius
413 806 545 832 elationis
558 807 647 832 fracta
659 806 782 832 duricies
797 808 825 833 et
840 814 871 833 ea
887 815 978 840 quam
994 807 1195 833 miserabiliter
1209 814 1301 836 orare,
1318 806 1386 832 ssere
1400 814 1432 832 ac
1451 806 1678 832 misericordiam
1692 806 1855 839 implorare.
1875 806 1927 831 Sed
1942 814 1957 831 a
1971 806 2039 832 recti

178 864 243 890 sede
258 871 318 889 non
333 864 460 897 amplius
481 865 561 890 mota
580 866 622 890 est
645 864 819 890 Universitas
835 875 848 888 (ι
865 872 955 898 quam
972 865 993 890 si
1015 865 1088 890 dura
1112 864 1181 890 silex
1199 864 1242 890 vel
1258 866 1313 890 stet
1335 864 1473 897 Marpesia
1485 865 1582 890 cautes
1602 874 1627 893 ι),
1649 865 1683 889 ut
1698 864 1775 889 Maro
1794 862 1861 889 ait3.
1879 864 2040 889 Personales

178 923 278 947 autem
292 922 400 955 injurie
414 922 548 955 quamvis
563 922 728 956 gravissime
748 922 913 955 posthabite
935 924 1013 952 sunt,
1030 923 1183 956 segnisque
1203 930 1305 948 earum
1328 922 1495 955 prosequtio
1517 922 1670 954 hucusque
1689 921 1858 954 permansit.
1875 921 1946 947 adeo
1961 921 2038 954 apud

177 987 242 1005 eam
257 979 313 1005 lese
334 980 402 1006 fidei
417 987 508 1013 quam
531 988 653 1006 suorum
675 988 744 1006 cura
770 980 873 1013 major.
891 980 1000 1006 Verum
1015 981 1037 1006 is
1052 981 1104 1013 qui
1119 988 1172 1006 nec
1187 980 1282 1006 Deum
1298 987 1402 1005 nocere
1416 979 1468 1005 sibi
1493 987 1573 1012 posse
1589 986 1641 1005 nec
1656 979 1818 1008 hominem.
1835 980 1869 1004 ut
1884 979 1972 1004 fassus
1986 981 2037 1009 est,

178 1037 384 1073 arbitrabatur,
398 1039 463 1071 post
476 1038 637 1064 solemnem
650 1038 864 1064 revocationem
879 1040 1020 1072 perpetuo
1034 1038 1140 1064 carceri
1153 1038 1335 1071 adjudicatus
1350 1037 1418 1063 est-⁶.

268 1096 408 1125 Preterea,
425 1095 447 1121 si
462 1096 567 1122 evehor
581 1096 677 1126 altius,
694 1103 801 1129 papam
814 1096 990 1126 Johannem,
1007 1097 1097 1129 hujus
1110 1095 1238 1122 nominis
1253 1096 1338 1125 XXII,
1354 1095 1468 1128 aspicio,
1489 1095 1573 1128 cnjus
1594 1102 1710 1120 summa
1725 1094 1850 1127 dignitas
1864 1102 2038 1128 summaque

177 1153 310 1186 potencia
332 1161 393 1179 non
415 1153 536 1181 obstitit.
558 1154 631 1187 quin
647 1154 738 1187 ipsius
752 1153 950 1180 Universitatis
965 1154 1119 1187 theologici
1134 1153 1264 1179 doctores
1279 1154 1339 1186 ejus
1354 1153 1541 1179 assertionem
1556 1152 1706 1178 contrariis
1720 1152 1924 1178 assertionibus
1940 1160 2036 1185 oppu—

177 1210 327 1244 gnarenffi.

265 1269 344 1294 Tales
358 1269 429 1294 olim
443 1268 517 1295 viros
531 1269 585 1295 hec
606 1270 700 1295 mater
714 1269 840 1302 genuit&
857 1277 930 1302 quos
945 1277 960 1295 a
975 1269 1102 1295 veritatis
1115 1269 1216 1294 semita
1238 1268 1328 1298 labor,
1350 1270 1494 1301 sumptus,
1512 1268 1587 1298 odia,
1604 1267 1719 1297 invidie,
1736 1267 1862 1300 pericula
1883 1267 2036 1297 deterrere,

175 1328 227 1352 aut
242 1326 297 1352 hiis
312 1326 455 1352 contraria
468 1326 635 1353 inviscando
650 1328 738 1360 atque
753 1327 905 1352 alliciendo
927 1328 1053 1353 avertere
1074 1327 1280 1360 nequiverunt.
1298 1326 1333 1351 Et
1348 1333 1531 1359 quamquam
1546 1326 1577 1351 in
1592 1325 1652 1351 dies
1667 1325 1788 1351 ubilibet
1809 1325 1839 1350 in
1855 1325 1980 1351 deterius
1994 1333 2037 1351 res

176 1385 309 1418 pergant,
328 1384 559 1417 dominanteque
572 1384 641 1410 vitio
656 1384 770 1410 virtutis
792 1392 874 1410 amor
889 1385 1072 1417 obtorpuerit
1089 1393 1095 1409 ι
1112 1386 1242 1409 attamen
1257 1383 1347 1409 sicubi
1363 1384 1531 1409 animorum
1546 1383 1672 1412 libertas,
1689 1391 1789 1409 rerum
1802 1383 1892 1415 judex
1907 1383 2034 1415 optima;

175 1441 266 1468 sicubi
280 1441 330 1471 ire.
345 1441 413 1471 odii,
431 1441 547 1471 amoris,
564 1441 681 1471 invidie,
697 1449 713 1467 a
737 1443 814 1467 recto
829 1441 1050 1471 abducentium,
1073 1441 1219 1474 depulsio:
1243 1441 1334 1467 sicubi
1358 1441 1395 1466 ad
1415 1442 1580 1466 extremum
1604 1440 1683 1469 fidei,
1697 1440 1810 1473 justicie
1832 1448 1863 1465 ac
1878 1440 1935 1465 veri
1955 1448 2037 1466 amor

175 1499 293 1529 mansit,
308 1499 381 1525 inibi
400 1499 531 1532 reperies.
549 1499 646 1533 Neque
661 1499 741 1525 enim
760 1501 821 1525 tam
834 1499 890 1525 alte
905 1499 1030 1525 radicata
1042 1499 1169 1532 probitas
1184 1498 1335 1532 perleviter
1350 1498 1431 1524 avelli
1448 1500 1550 1531 potest,
1567 1506 1619 1523 nec
1635 1498 1747 1523 facilem
1762 1497 1797 1523 de
1812 1498 1893 1523 hoste
1908 1498 2035 1523 maximo

175 1559 321 1591 reportare
342 1557 532 1590 triumphum
556 1557 671 1583 falsitati
686 1565 853 1583 concessum
873 1557 941 1583 est7.
959 1557 1043 1589 Quod
1059 1557 1097 1582 ita
1113 1564 1140 1582 se
1156 1557 1261 1582 habere
1276 1556 1425 1589 sequentia
1440 1556 1580 1585 indicant,
1597 1555 1648 1580 ubi
1661 1555 1856 1581 Universitatis
1869 1555 1948 1584 fides,
1964 1563 2034 1580 con-

174 1615 289 1645 stantia,
313 1615 423 1648 religio,
447 1615 604 1641 clemencia
624 1615 655 1641 in
671 1615 807 1644 humiles.
831 1615 861 1640 in
884 1615 1023 1648 superbos
1037 1614 1190 1640 debellatio
1206 1614 1362 1647 patebunt;
1379 1614 1494 1639 adverse
1510 1621 1576 1639 vero
1596 1613 1672 1646 parti
1686 1613 1809 1638 omnino
1824 1612 1878 1638 hiis
1893 1613 2035 1638 contraria

175 1673 282 1699 videbis
294 1673 421 1699 inruisse.
438 1673 540 1706 Itaque
554 1673 674 1699 tandem
690 1680 733 1699 res
747 1673 808 1706 ipsa
822 1673 972 1706 loquatur.

262 1731 411 1764 Regnante
426 1731 607 1757 serenissimo
621 1738 654 1756 ac
668 1730 863 1756 illustrissimo
879 1731 1056 1756 Francorum
1072 1738 1138 1762 rege
1153 1729 1278 1764 K[arolo]
1298 1729 1426 1755 nominis
1445 1729 1535 1762 hujus
1547 1727 1658 1753 V108....
1677 1727 1799 1753 Pau-isius
1818 1735 1851 1753 ex
1866 1728 2033 1760 Arragonia,

174 1789 254 1815 unde
268 1790 349 1815 ortus
363 1790 433 1818 erat,
450 1790 604 1814 accesserat
616 1788 704 1813 frater
717 1788 838 1821 quidam
859 1796 892 1814 ex
913 1788 1034 1813 illorum
1054 1787 1172 1815 Ordine.
1187 1788 1238 1820 qui
1254 1795 1282 1813 se
1298 1787 1490 1813 Predicatores
1512 1786 1670 1819 appellant.
1684 1785 1726 1810 vir
1741 1785 1963 1818 corpulentioris
1975 1786 2033 1810 sta-

176 1848 239 1873 ture
260 1847 309 1873 sed
330 1846 421 1872 animi
444 1846 612 1872 tumiditate
633 1846 781 1879 ingentior
796 1846 979 1879 boatumque
1001 1845 1143 1878 grandem
1158 1845 1278 1873 habens,
1293 1845 1331 1870 ita
1354 1846 1387 1870 ut
1402 1844 1464 1873 sibi,
1481 1845 1639 1869 montuoso
1656 1844 1684 1869 et
1699 1850 1814 1872 sonoro,
1835 1850 1895 1868 non
1915 1842 2034 1868 fortuito

173 1912 337 1938 cognomen
350 1904 495 1930 accessisse
509 1903 622 1937 opinari
636 1903 734 1937 possit.
751 1903 783 1929 Ei
798 1903 942 1936 siquidem
958 1903 1104 1929 Johannes
1126 1903 1161 1928 de
1181 1903 1350 1928 Montesono
1375 1909 1484 1927 nomen
1500 1902 1570 1930 erat,
1587 1901 1670 1933 cujus
1686 1900 1775 1925 varias
1790 1901 1815 1925 et
1833 1900 1935 1926 facetas
1949 1900 2033 1925 inter-

173 1962 347 1996 pretationes
361 1962 397 1987 ab
412 1962 473 1988 aliis
488 1962 567 1987 datas
582 1962 695 1995 linquo.
714 1961 763 1987 Hic
781 1961 935 1994 theologici
951 1961 1118 1987 doctoratus
1130 1960 1298 1986 cathedram
1320 1960 1466 1985 ambiebat
1485 1959 1672 1985 vehementer
1689 1958 1755 1991 (sol.
1772 1956 1855 1992 196¹¹),
1871 1957 1918 1983 sed
1934 1957 2034 1983 litteris

174 2020 232 2045 suis
246 2027 350 2053 parum
366 2020 435 2045 (isus
450 2027 548 2045 secum
564 2019 678 2053 papales
693 2019 854 2047 advexerat,
867 2026 996 2052 quarum
1012 2018 1183 2051 importuna
1198 2017 1316 2043 tandem
1332 2017 1533 2043 intercessione
1548 2016 1579 2041 in
1592 2015 1736 2047 theologia
1752 2015 1901 2040 licenciam
1915 2015 2034 2047 adeptus

174 2079 224 2103 est.
242 2077 331 2103 Crede
348 2077 447 2106 michi,
462 2077 573 2110 aliquid
586 2077 656 2103 mali
671 2077 771 2102 affert⁹
793 2077 903 2102 bullata
925 2077 977 2102 hec
998 2076 1125 2102 licencia.
1150 2076 1203 2101 Ubi
1220 2083 1286 2101 vero
1301 2075 1337 2100 ad
1359 2075 1506 2107 vespm-ias,
1524 2074 1631 2107 quibus
1646 2073 1682 2099 ab
1696 2081 1729 2099 eo
1744 2073 1907 2098 disserenda
1922 2072 2033 2105 questio

173 2136 243 2165 erat,
258 2136 431 2168 perventum
444 2136 495 2164 est,
507 2135 575 2168 ipse,
589 2135 683 2160 nescio
693 2142 783 2168 quem
799 2134 935 2167 spiritum
950 2134 1080 2163 haustus,
1095 2132 1159 2159 ut⁴⁰
1170 2133 1306 2166 Virgilius
1320 2132 1398 2161 ait⁴¹,
1411 2133 1456 2158 (lat
1471 2132 1529 2157 sine
1544 2133 1631 2157 mente
1640 2138 1744 2159 senum,
1757 2132 1838 2156 tanta
1852 2130 1890 2155 ibi
1904 2130 2033 2155 doctrine

174 2193 327 2222 barbaries,
344 2194 405 2218 tam
418 2193 555 2218 confusus
570 2194 598 2218 et
612 2192 732 2218 insanus
747 2199 851 2220 sermo,
866 2193 900 2217 ut
915 2192 1046 2217 humane
1061 2191 1168 2217 mentis
1188 2191 1275 2216 illum
1292 2198 1350 2216 esse
1367 2190 1412 2215 vix
1427 2189 1588 2215 credideris.
1606 2189 1647 2214 Ibi
1663 2188 1797 2213 habitum
1813 2187 1937 2213 caritatis
1951 2187 2032 2212 insu—

173 2258 239 2276 sum
261 2250 374 2276 duabus
398 2250 545 2276 rationalis
566 2250 664 2276 anime
687 2250 836 2283 potenciis.
852 2250 1002 2275 voluntate
1026 2249 1131 2275 scilicet
1155 2257 1186 2274 ac
1210 2249 1370 2277 intellectu,
1387 2249 1509 2273 conatur
1525 2247 1655 2275 induere,
1672 2248 1699 2271 et
1721 2245 1836 2278 opificio
1856 2244 1980 2270 mirabili
2000 2251 2033 2270 ex

308 2387 472 2410 Universitas
486 2387 568 2410 Paris.

307 2432 427 2463 Spatium
443 2432 469 2454 in
488 2433 557 2455 msw.
573 2433 645 2455 Tunc
663 2435 754 2454 auctor
764 2432 851 2455 Iocum
865 2431 966 2454 Bibliue
982 2439 1058 2462 quem
1074 2430 1167 2453 afferre
1181 2430 1286 2452 volebat.
1300 2437 1350 2452 non
1366 2429 1398 2451 ad
1412 2428 1521 2451 verbum
1536 2426 1733 2450 recordabatur.

307 2477 400 2505 Vnae,
416 2476 491 2505 AEn.‚
505 2477 548 2505 Vt,
563 2477 618 2500 471.

306 2521 364 2544 Vid.
384 2525 433 2543 num
447 2521 516 2544 1457.

307 2565 342 2588 De
357 2565 405 2588 hoc
418 2565 469 2588 late
485 2565 511 2588 in
526 2568 589 2588 tom.
604 2566 627 2588 11
645 2565 772 2589 Chartul.

266 2612 289 2633 ti.
308 2610 414 2632 PE'rncs
436 2617 470 2632 DE
491 2610 629 2638 Arrrmco,
647 2610 664 2632 l.
681 2618 704 2632 c.
721 2617 726 2632 ·.
747 2618 758 2632 «
779 2610 830 2632 llec
847 2609 1030 2638 (Universitas)
1052 2608 1162 2639 denique
1182 2610 1229 2635 est,
1254 2615 1302 2638 que
1324 2606 1394 2629 viros
1417 2613 1519 2636 semper
1535 2603 1623 2635 gennit
1639 2603 1781 2626 orthodoxe
1801 2602 1859 2625 fidei
1882 2602 2030 2625 defensores

265 2388 289 2589 φ’ὲεὼψτ»

172 2655 311 2686 precipuos
326 2662 348 2677 n.

267 2700 289 2722 7.
309 2709 321 2720 «
341 2698 449 2721 falsitati
465 2707 619 2721 eoncessum
634 2701 674 2721 est
691 2698 742 2721 »in
757 2698 884 2729 margine.

267 2744 289 2766 8.
308 2743 356 2766 Ms.
368 2752 381 2764 (ι
398 2743 442 2766 vn
455 2752 478 2767 n.
497 2744 590 2766 Postea
606 2743 731 2774 spatium.

266 2789 289 2810 9.
308 2787 370 2818 Legi
387 2790 474 2818 potest
490 2797 502 2809 «
518 2787 609 2810 afferet
620 2797 643 2810 ».

268 2833 305 2855 10.
324 2832 416 2854 Postea
435 2841 447 2853 α
464 2832 494 2854 de
511 2832 600 2854 sibilla
616 2841 639 2861 ι),
657 2832 701 2855 sed
720 2832 834 2854 deletum
852 2834 899 2854 est.

268 2877 305 2899 11.
324 2877 416 2905 Visne„
433 2876 511 2909 Ᾱζνι.7
525 2877 552 2904 X,
569 2877 624 2901 640.
