2488 3386
440 321 504 353 496
1015 325 1335 348 CHARTULARIUM
1371 325 1561 347 uulvssns.
1598 325 1727 346 Panis.
2039 318 2042 319 ⁷
2209 313 2307 349 [1387

441 403 642 437 simatercia
660 402 795 435 mensis
813 401 981 446 Augusti,
1000 400 1088 433 hora
1111 400 1237 444 prime,
1256 399 1293 431 in
1309 399 1388 432 aula
1406 398 1604 444 episcopali
1625 398 1835 440 Parisiensi‚
1855 398 2089 443 presentibus
2106 400 2308 433 reverendo

441 471 477 502 in
497 469 642 503 Christo
670 475 768 513 patre
795 468 941 501 domino
972 467 1152 507 Ferric07,
1180 466 1217 498 in
1246 477 1346 498 sacra
1376 466 1506 510 pagina
1536 466 1758 510 professore,
1782 465 1955 510 episcopo
1976 465 2307 506 Autissiodorensi‚

440 535 644 569 honorabili
665 542 700 568 et
720 535 984 579 circumspecto
1010 533 1088 566 viro
1117 532 1290 577 magistro
1311 533 1439 565 Yvone
1468 532 1584 573 Helie,
1611 532 1867 565 Universitatis
1889 533 2025 577 prefate
2047 538 2131 565 tunc
2152 539 2306 573 rectore,

441 609 476 635 et
500 602 673 647 magistro
696 602 850 646 Symone
876 602 1025 640 Freron7
1049 605 1264 632 succentore
1286 598 1441 631 ecclesie
1470 598 1597 639 Paris..
1625 598 1779 643 aliisque
1808 598 2097 643 quamplurimis,
2127 610 2192 643 per
2212 611 2310 632 eum-

442 669 522 702 dem
546 668 785 701 reverendum
808 674 942 712 patrem
968 666 1062 699 dom.
1087 666 1298 710 episcopum
1327 665 1523 698 Parisiens.
1546 665 1614 697 lata
1643 671 1699 698 est
1728 665 1914 698 sentencia
1942 665 1978 697 in
2006 664 2101 698 hunc
2129 665 2275 698 modum
2299 677 2306 698 ε

530 734 676 768 Habita⁸
702 734 868 779 diligenti
897 740 930 766 et
959 739 1094 765 matura
1124 731 1393 764 deliberacione
1421 743 1500 764 cum
1533 731 1673 776 peritis,
1696 731 1908 764 ordinamus
1936 738 1971 764 et
2000 731 2164 767 districte
2192 732 2309 777 preci-

442 802 575 846 piendo
605 801 827 841 mandamus⁷
855 800 1024 844 quatinus
1059 798 1149 831 nulli
1178 798 1346 831 decetero
1378 804 1590 842 presumant
1619 797 1801 842 predictas
1833 798 2110 843 proposiciones
2138 805 2309 843 quatuor-

442 868 571 908 decim,
604 875 663 900 aut
690 867 844 912 aliquam
878 866 1034 911 ipsarum
1067 865 1323 910 dogmatizare,
1356 864 1555 909 publicare,
1587 864 1788 909 predicare,
1817 864 1993 898 affirmare
2023 871 2083 898 aut
2111 865 2307 906 sustinere,

443 934 587 979 publice
603 934 661 967 vel
682 933 835 974 occulte7
853 932 1015 977 alioquin
1036 932 1072 964 in
1092 943 1218 964 omnes
1240 938 1275 964 et
1295 931 1463 976 singulos
1485 930 1643 964 rebelles
1661 937 1696 963 et
1715 931 1971 964 inobedientes
1987 938 2023 964 et
2042 938 2167 965 contra
2187 931 2309 976 hujus-

443 1001 539 1034 modi
561 1001 823 1033 ordinationem
853 1006 1011 1032 nostram
1033 998 1224 1031 venientes
1250 1009 1293 1030 ex
1320 1010 1416 1030 nunc
1447 1004 1554 1043 prout
1581 1009 1624 1030 ex
1654 1004 1751 1038 tunc,
1782 998 2003 1030 sentenciam
2026 998 2310 1033 excommunica-

442 1068 558 1100 cionis
580 1067 798 1112 proferimus
819 1067 856 1098 in
877 1065 947 1098 hiis
969 1065 1128 1110 scriptis,
1154 1071 1188 1098 et
1212 1065 1292 1110 ipso
1313 1065 1405 1097 sacto
1427 1064 1595 1097 volumus
1617 1064 1765 1097 eosdem
1788 1064 1902 1109 ipsam
1924 1065 2145 1097 sentenciam
2167 1077 2310 1098 excom-

443 1133 705 1166 municacionis
726 1133 927 1173 incurrere,
955 1144 1097 1164 necnon
1125 1131 1310 1164 auditores
1339 1131 1535 1163 earundem
1566 1131 1701 1176 prefata
1732 1131 1917 1163 sentencia
1938 1131 2107 1164 volumus
2127 1131 2308 1173 innodari,

444 1201 514 1233 nisi
535 1201 626 1233 infra
648 1206 728 1232 octo
751 1199 828 1232 dies
850 1206 910 1231 aut
931 1211 1034 1243 quam
1058 1198 1128 1231 cito
1150 1198 1340 1231 commode
1362 1197 1440 1230 fieri
1467 1198 1613 1242 poterit,
1636 1204 1769 1230 attenta
1791 1191 1966 1231 distancia
1987 1197 2165 1240 locorum,
2185 1210 2204 1231 a
2225 1204 2310 1231 tem-

444 1279 530 1312 pore
552 1266 754 1299 audicionis
777 1265 1136 1311 dogmatizacionem,
1158 1264 1460 1310 publicacionem‚
1485 1271 1523 1297 ut
1547 1276 1669 1309 supra,
1692 1263 1799 1297 nobis
1820 1271 1881 1297 aut
1901 1264 2044 1298 officiali
2065 1271 2190 1298 nostro
2212 1277 2310 1300 reve-

443 1333 518 1366 lent
539 1340 573 1366 et
593 1333 763 1378 detegant
781 1344 787 1364 :
812 1332 907 1365 salva
930 1343 1074 1377 semper
1094 1332 1131 1364 in
1152 1331 1323 1364 omnibus
1344 1337 1467 1364 sancte
1489 1331 1588 1364 sedis
1609 1330 1809 1376 apostolice
1830 1331 2078 1373 ordinacione,
2102 1332 2311 1366 reverencia

443 1406 478 1432 et
497 1399 648 1441 honore,
671 1400 776 1444 cujus
797 1399 983 1432 sentencie
1005 1398 1279 1431 absolucionem
1301 1391 1407 1431 nobis
1429 1397 1637 1443 specialiter
1658 1409 1898 1431 reservamus.
1923 1399 1966 1431 Et
1990 1397 2081 1431 hanc
2102 1405 2310 1443 presentem

443 1466 715 1499 ordinacionem
733 1472 892 1499 nostram
910 1465 1079 1499 volumus
1096 1471 1131 1498 et
1151 1465 1373 1510 precipimus
1395 1464 1539 1510 publice
1557 1471 1592 1497 et
1612 1464 1825 1497 solemniter
1841 1465 1877 1497 in
1895 1464 2127 1498 sermonibus
2144 1471 2179 1498 et
2199 1464 2310 1499 scolis

445 1533 519 1578 legi
549 1540 584 1566 et
613 1533 848 1566 manifestari.
881 1533 1015 1566 Contra
1043 1543 1129 1565 vero
1160 1543 1352 1577 personam
1385 1532 1502 1577 ipsius
1537 1531 1700 1577 magistri
1731 1530 1907 1564 Johannis
1938 1531 1981 1564 de
2016 1533 2248 1574 Montesono‚
2279 1531 2310 1565 si

443 1599 667 1645 apprehendi
688 1600 815 1644 possit⁷
834 1599 877 1632 ad
898 1599 1178 1632 arrestacionem
1197 1605 1232 1631 et
1250 1598 1579 1631 incarceracionem
1597 1604 1632 1630 et
1652 1598 1972 1639 exmninacionffln,
1991 1598 2156 1631 invocato
2177 1598 2221 1631 ad
2241 1597 2310 1632 hoc

444 1666 474 1699 si
495 1678 587 1711 opus
608 1666 654 1699 sit
674 1666 807 1698 auxilio
829 1665 966 1698 brachii
988 1665 1177 1706 secularis,
1198 1671 1233 1698 et
1252 1665 1340 1698 alias
1361 1665 1562 1698 secundum
1578 1664 1674 1709 juris
1696 1664 1855 1698 remedia
1876 1664 2129 1709 procedemus.

537 1786 590 1808 Hoc
605 1786 789 1808 documentum
810 1785 938 1808 insertum
960 1788 1000 1808 est
1017 1785 1192 1808 instrumento
1213 1793 1255 1808 an.
1275 1785 1345 1813 1403,
1367 1784 1434 1815 Aug.
1455 1784 1492 1812 21,
1513 1792 1564 1815 quo
1579 1783 1743 1807 Dominicani
1763 1784 1947 1812 restituuntur,
1966 1783 1992 1806 in
2007 1784 2085 1808 Arch.
2103 1787 2157 1809 nat.
2175 1783 2260 1808 Paris.
2276 1784 2309 1807 M.

441 1831 471 1853 67
480 1830 500 1860 ¹³,
515 1834 543 1853 n⁰
558 1831 586 1853 57
601 1830 663 1859 (vid.
681 1830 847 1861 D'Argentre',
861 1830 928 1854 coll.
939 1830 1014 1859 jud„
1029 1830 1062 1859 1²,
1079 1838 1106 1861 p.
1123 1830 1188 1859 149).

534 1875 674 1906 Hucusque
688 1874 814 1897 schedula
828 1874 961 1897 facultatis
977 1874 1065 1903 theol„
1081 1874 1112 1897 tle
1128 1883 1179 1906 qua
1195 1882 1277 1905 supra
1290 1877 1318 1896 n⁰
1330 1874 1389 1897 1557
1403 1876 1428 1896 et
1441 1873 1511 1896 infru
1526 1877 1555 1896 n⁰
1571 1873 1640 1900 1564,
1657 1873 1832 1904 reputabatur
1847 1873 2033 1896 documentum
2049 1873 2119 1904 apud
2134 1873 2240 1902 Balnze,
2258 1873 2309 1898 Vt‘t.

441 1925 504 1949 pap.
520 1921 617 1947 Aven„
635 1919 669 1946 lt,
684 1919 743 1946 991;
760 1919 927 1949 D'Argentre,
941 1919 958 1942 1.
974 1927 1006 1947 c„
1023 1927 1050 1950 p.
1066 1919 1096 1941 62
1112 1919 1174 1948 (vid.
1193 1918 1332 1943 Jourdain.
1346 1922 1375 1941 n⁰
1389 1919 1443 1946 828)
1460 1917 1510 1940 suh
1525 1917 1643 1949 ejusdem
1658 1917 1785 1948 temporis
1803 1921 1865 1940 nota
1886 1917 1993 1946 editum,
2011 1918 2080 1948 quod
2095 1920 2180 1941 exstat
2194 1917 2311 1949 origina-

442 1963 502 1986 liter
518 1963 544 1986 in
560 1963 637 1986 Arch.
651 1966 715 1993 nat.,
726 1964 743 1987 l.
761 1972 792 1991 c.v
810 1968 839 1986 110
853 1965 892 1986 50.
910 1963 960 1987 Sed
974 1963 1072 1986 ibidem
1087 1963 1254 1994 prooemium,
1266 1963 1336 1994 quod
1351 1970 1426 1986 nemo
1441 1962 1577 1993 hucusque
1595 1962 1762 1990 observabat,
1779 1962 1806 1985 in
1821 1961 1970 1985 breviorem
1987 1963 2098 1985 formam
2113 1962 2248 1986 redactum
2261 1965 2310 1990 est,
2346 1992 2349 1993 .

443 2008 555 2039 demptis
579 2008 734 2031 Sanctorum
755 2011 780 2031 et
798 2008 824 2031 S.
839 2008 954 2031 Thomae
974 2008 1186 2037 auctoritatibus,
1205 2016 1280 2039 quae,
1297 2010 1325 2030 ut
1340 2007 1367 2030 in
1384 2007 1559 2030 instrumento
1574 2006 1728 2030 abbreviato
1745 2010 1860 2039 notatur,
1876 2015 1888 2029 a
1908 2006 1939 2031 in
1959 2007 2030 2031 dicte
2048 2006 2194 2037 facultatis
2215 2006 2312 2031 cedule

440 2052 601 2083 judicialiter
617 2052 712 2075 exibite
727 2052 863 2083 prohemio
885 2052 1052 2075 continentur
1068 2060 1089 2075 n.
1107 2052 1191 2083 Igitur
1206 2052 1286 2075 breve
1302 2052 1506 2074 instrumentum
1524 2052 1638 2074 retertur
1653 2050 1686 2074 ad
1702 2051 1836 2074 facultatis
1852 2050 2012 2079 schedulam,
2032 2059 2098 2082 quae
2113 2051 2170 2074 sola
2188 2050 2312 2083 episcopo

442 2097 526 2120 Paris.
542 2100 710 2128 praesentata
728 2100 776 2120 est.
789 2110 820 2114 -—-
835 2097 968 2124 Quantum
983 2097 1016 2119 ad
1032 2097 1061 2120 14
1078 2096 1274 2128 propositiones
1293 2096 1346 2119 vid.
1366 2096 1534 2120 Tractatum
1554 2095 1750 2120 Universitatis
1763 2095 1802 2124 (de
1817 2103 1868 2127 quo
1884 2099 1913 2118 n⁰
1930 2095 1999 2125 1565)
2014 2098 2040 2119 et
2052 2096 2110 2119 Nat.
2126 2095 2311 2124 Alexandrum.

442 2140 514 2165 Hist.
531 2141 593 2165 eccl.
611 2141 714 2171 (Paris.‚
734 2142 813 2170 1714),
832 2141 887 2170 VII,
905 2150 931 2172 p.
950 2142 995 2164 129
1010 2149 1067 2172 sqq.

521 2258 543 2280 1.
562 2257 714 2288 Radulphus
729 2257 881 2281 Glachardi.
896 2271 927 2275 —
942 2259 964 2281 2.
982 2258 1033 2281 Sed
1046 2257 1205 2288 opusculum
1221 2265 1271 2280 non
1287 2260 1327 2280 est
1342 2257 1369 2280 S.
1383 2256 1508 2280 Thomae.
1520 2269 1551 2274 —
1564 2257 1586 2279 3.
1599 2256 1672 2279 Nunc
1690 2255 1842 2285 concordat,
1855 2255 1969 2286 demptis
1985 2255 2145 2287 quibusdam
2157 2254 2315 2278 lectionibus

444 2301 617 2329 variantibus,
641 2301 845 2325 instrumentum
867 2302 945 2325 breve
967 2310 1050 2333 usque
1072 2302 1097 2324 in
1121 2302 1207 2325 finem.
1229 2301 1330 2324 Abhinc
1352 2304 1464 2329 tantum,
1490 2300 1546 2324 sine
1566 2308 1721 2332 quocunque
1743 2299 1878 2331 prooemio,
1903 2308 1986 2331 usque
2005 2299 2031 2322 in
2051 2299 2129 2322 finem
2151 2299 2314 2331 propositio-

446 2345 485 2368 nis
499 2346 577 2374 munte,
597 2346 623 2368 in
637 2346 705 2369 Bibl.
725 2347 845 2377 Amplon.
861 2347 891 2374 Q.
906 2346 960 2375 151,
979 2347 1024 2370 sol.
1041 2346 1087 2369 23¹³
1103 2347 1145 2375 (ad
1160 2354 1202 2369 an.
1220 2346 1304 2375 1389);
1321 2346 1389 2369 Bibl.
1409 2354 1478 2369 caes.
1494 2345 1617 2374 Vindoh.‚
1636 2353 1687 2368 ms.
1702 2345 1748 2367 lat.
1765 2345 1835 2372 4384,
1853 2345 1870 2367 f.
1887 2345 1945 2372 269;
1965 2344 2089 2373 Bulaeus,
2104 2344 2146 2371 lv,
2167 2345 2228 2372 620;
2249 2344 2316 2375 Opp-

445 2389 563 2417 Gen-som,
581 2390 620 2412 ed.
639 2390 735 2421 Dupin‚
756 2391 774 2419 1,
793 2392 847 2413 693.
866 2404 892 2407 —
913 2392 936 2414 4.
954 2391 1094 2422 Hucusque
1113 2391 1172 2414 edd.
1193 2394 1218 2414 et
1233 2399 1297 2413 mss.
1318 2390 1344 2413 in
1364 2393 1425 2413 nota
1442 2390 1453 2412 1
1474 2390 1580 2412 allatae.
1598 2389 1680 2412 Breve
1700 2389 1885 2412 documentum
1900 2391 2007 2411 econtra
2027 2391 2055 2411 ut
2075 2396 2166 2419 supra.
2178 2401 2210 2406 -
2231 2390 2254 2412 5.
2268 2388 2316 2411 Hic

446 2433 541 2456 desinit
554 2434 678 2456 schedula
698 2435 830 2457 facultatis
846 2435 1002 2466 theologiae.
1020 2435 1091 2463 Quae
1105 2438 1250 2466 sequuntur
1265 2437 1357 2466 postea
1373 2434 1463 2457 addita
1480 2437 1550 2457 sunt.
1566 2448 1596 2451 -
1610 2435 1634 2456 6.
1654 2434 1730 2457 Petro
1746 2433 1925 2463 d'Orgemont,
1941 2432 1973 2455 de
1989 2440 2039 2463 quo
2056 2440 2083 2463 p.
2101 2433 2156 2461 424,
2173 2435 2227 2456 not.
2244 2432 2268 2456 1.
2283 2445 2314 2450 —

446 2478 467 2500 7.
483 2477 630 2506 Cassinelli,
651 2479 682 2501 de
701 2487 750 2510 quo
767 2479 882 2510 saepius.
895 2492 925 2497 —
940 2480 963 2503 8.
978 2488 989 2502 (ι
1004 2480 1055 2502 Hec
1071 2483 1110 2503 est
1128 2479 1265 2507 sententia,
1282 2479 1420 2502 occasione
1435 2478 1508 2510 cujus
1529 2477 1653 2501 alienatio
1669 2478 1745 2501 fratr.
1760 2477 1890 2500 Predicut.
1909 2478 1977 2500 facta
1991 2479 2030 2500 est
2043 2485 2057 2499 a
2078 2476 2153 2500 nobis
2174 2485 2196 2506 »,
2217 2476 2314 2500 dicitur

446 2521 472 2544 in
490 2521 662 2544 instrumento
679 2531 720 2545 an.
735 2524 804 2552 1403,
819 2525 883 2554 Aug.
900 2524 938 2547 21.
954 2524 995 2546 Sic
1014 2524 1099 2546 solum
1116 2533 1127 2546 «
1144 2524 1187 2547 via
1202 2524 1315 2555 quadam
1331 2523 1459 2546 indirecta
1477 2531 1487 2545 »
1506 2524 1600 2546 fratres
1614 2522 1811 2545 Praedicatores
1828 2521 1861 2544 ab
1874 2521 2061 2545 Universitatis
2074 2521 2206 2544 consortio
2223 2529 2314 2552 segre-

447 2566 501 2596 gati
517 2569 587 2598 sunt,
599 2569 627 2589 ut
645 2570 717 2590 notat
732 2567 830 2590 Gerson
848 2568 872 2590 in
889 2568 980 2597 Epist.
993 2575 1043 2592 sec.
1057 2570 1093 2592 ad
1107 2570 1246 2593 studentes
1264 2568 1379 2598 Colleyii
1392 2567 1461 2591 Nav.
1476 2575 1486 2591 .·
1502 2575 1513 2589 α
1527 2566 1677 2590 Memoriter
1693 2569 1768 2589 teneo
1783 2574 1830 2589 cur
1845 2568 1870 2589 et
1885 2565 1998 2597 qualiter
2011 2565 2135 2596 primitus
2151 2565 2184 2588 ab
2199 2565 2314 2589 Univer-

447 2610 532 2633 sitatis
549 2611 679 2633 consortio
706 2611 747 2634 via
763 2612 875 2642 quadam
892 2612 1019 2635 indirecta
1035 2613 1167 2644 segregati
1188 2616 1249 2635 sunt
1270 2613 1365 2635 fratres
1385 2611 1507 2643 predicti.
1530 2612 1663 2634 Statutum
1684 2610 1753 2634 enim
1769 2613 1794 2633 et
1812 2610 1966 2633 conclusum
1981 2613 2045 2637 erat,
2065 2613 2093 2633 ut
2114 2609 2199 2633 omnis
2214 2609 2314 2641 gradus

446 2657 471 2676 et
482 2654 587 2677 honoris
603 2654 629 2677 in
641 2655 819 2679 Universitate
834 2664 925 2687 expers
942 2657 1024 2685 fieret,
1038 2657 1158 2688 quisquis
1175 2665 1225 2679 non
1236 2657 1339 2687 juraret
1351 2659 1439 2679 tenere
1453 2655 1696 2678 condemnationem
1708 2662 1788 2685 super
1800 2654 1935 2677 erroribus
1948 2654 2073 2685 predictis
2089 2654 2122 2677 ab
2138 2653 2315 2678 Universitate

446 2698 530 2729 prius,
550 2698 643 2721 dehinc
658 2699 691 2722 ab
707 2700 831 2730 episcopo
846 2700 929 2724 Paris.
946 2702 1052 2725 factam.
1069 2702 1233 2724 Distulerunt
1245 2701 1293 2724 hoc
1312 2709 1389 2732 agere
1404 2699 1553 2723 baccalarei
1565 2708 1578 2723 e
1595 2699 1721 2722 fratribus
1737 2698 1864 2730 predictis
1879 2701 1941 2721 tunc
1956 2698 2121 2730 expediendi,
2139 2698 2314 2730 [echusantes

447 2750 474 2765 se
491 2750 506 2765 a
526 2742 706 2773 superioribus
725 2744 779 2766 suis
796 2744 927 2767 licentiam
946 2746 978 2768 ad
994 2745 1145 2776 hujusmodi
1166 2745 1355 2776 prestationem
1366 2744 1510 2776 juramenti
1526 2743 1637 2767 necdum
1652 2743 1760 2774 petiisse
1775 2743 1817 2766 vel
1836 2742 1972 2766 habuisse.
1990 2744 2027 2766 Ex
2043 2743 2093 2766 hac
2114 2742 2217 2774 origine
2232 2750 2315 2774 nequo

447 2787 555 2817 gradus.
569 2795 651 2818 neque
669 2788 829 2816 cathedram,
846 2797 927 2819 neque
946 2797 1078 2812 sermones
1097 2790 1228 2821 posterius
1251 2789 1340 2820 adepti
1360 2792 1429 2813 sunt.
1447 2788 1541 2811 Audivi
1562 2791 1659 2815 tamen,
1675 2795 1705 2810 ex
1724 2790 1785 2818 post
1805 2790 1851 2810 aut
1865 2795 1955 2810 omnes
1971 2790 2016 2810 aut
2030 2787 2161 2818 plurimos
2175 2794 2266 2810 eorum
2281 2786 2314 2810 ad

447 2832 547 2861 prefate
568 2831 724 2854 conditionis
743 2832 958 2863 adimpletionem
978 2837 1066 2864 presto
1088 2834 1169 2857 fuisse
1186 2842 1197 2856 »
1217 2833 1305 2864 (Opp.‚
1322 2834 1341 2862 1,
1360 2833 1425 2863 112).
1440 2833 1496 2856 Non
1516 2835 1600 2856 exstat
1619 2835 1719 2855 certum
1737 2831 1845 2863 aliquod
1864 2831 1997 2855 decretum
2017 2831 2204 2855 Universitatis
2219 2830 2315 2860 Paris„

447 2883 497 2905 quo
516 2875 711 2899 Pruedicatores
727 2876 759 2899 ab
775 2877 952 2901 Universitate
968 2878 1183 2903 excludebantur.
