<?xml version="1.0" encoding="UTF-8"?>
<!DOCTYPE html PUBLIC "-//W3C//DTD XHTML 1.0 Transitional//EN"
    "http://www.w3.org/TR/xhtml1/DTD/xhtml1-transitional.dtd">
<html xmlns="http://www.w3.org/1999/xhtml" xml:lang="en" lang="en">
 <head>
  <title>
</title>
<meta http-equiv="Content-Type" content="text/html;charset=utf-8" />
  <meta name='ocr-system' content='tesseract 3.04.00' />
  <meta name='ocr-capabilities' content='ocr_page ocr_carea ocr_par ocr_line ocrx_word'/>
</head>
<body>
  <div class='ocr_page' id='page_1' title='image "auctariumchartul03univuoft_0633.png"; bbox 0 0 2488 3386; ppageno 0'>
   <div class='ocr_carea' id='block_1_1' title="bbox 207 331 2066 368">
    <p class='ocr_par' dir='ltr' id='par_1_1' title="bbox 207 331 2066 368">
     <span class='ocr_line' id='line_1_1' title="bbox 207 331 2066 368; baseline 0.001 -2"><span class='ocrx_word' id='word_1_1' title='bbox 207 331 302 368; x_wconf 87' lang='lat'><strong>1381]</strong></span> <span class='ocrx_word' id='word_1_2' title='bbox 973 345 1020 366; x_wconf 83' lang='lat' dir='ltr'>DE</span> <span class='ocrx_word' id='word_1_3' title='bbox 1056 344 1297 367; x_wconf 71' lang='lat' dir='ltr'>scnlsMATE.</span> <span class='ocrx_word' id='word_1_4' title='bbox 2002 335 2066 368; x_wconf 84' lang='lat'>585</span> 
     </span>
    </p>
   </div>
   <div class='ocr_carea' id='block_1_2' title="bbox 203 417 2073 1345">
    <p class='ocr_par' dir='ltr' id='par_1_2' title="bbox 203 417 2067 862">
     <span class='ocr_line' id='line_1_2' title="bbox 205 417 2066 464; baseline 0.001 -13"><span class='ocrx_word' id='word_1_5' title='bbox 205 417 300 450; x_wconf 85' lang='lat' dir='ltr'>enim</span> <span class='ocrx_word' id='word_1_6' title='bbox 321 418 485 463; x_wconf 82' lang='lat' dir='ltr'>magistri</span> <span class='ocrx_word' id='word_1_7' title='bbox 506 418 596 451; x_wconf 91' lang='lat' dir='ltr'>adeo</span> <span class='ocrx_word' id='word_1_8' title='bbox 618 418 798 463; x_wconf 88' lang='lat' dir='ltr'>deturpati</span> <span class='ocrx_word' id='word_1_9' title='bbox 819 418 980 451; x_wconf 90' lang='lat' dir='ltr'>Parisius</span> <span class='ocrx_word' id='word_1_10' title='bbox 1001 424 1246 455; x_wconf 68' lang='lat' dir='ltr'>recesserunt,</span> <span class='ocrx_word' id='word_1_11' title='bbox 1270 418 1366 450; x_wconf 87' lang='lat' dir='ltr'>unde</span> <span class='ocrx_word' id='word_1_12' title='bbox 1388 419 1497 452; x_wconf 54' lang='lat' dir='ltr'>unus‘</span> <span class='ocrx_word' id='word_1_13' title='bbox 1520 419 1556 451; x_wconf 91' lang='lat' dir='ltr'>in</span> <span class='ocrx_word' id='word_1_14' title='bbox 1577 418 1739 464; x_wconf 78' lang='lat' dir='ltr'>presenti</span> <span class='ocrx_word' id='word_1_15' title='bbox 1762 419 1905 452; x_wconf 86' lang='lat' dir='ltr'>advenit</span> <span class='ocrx_word' id='word_1_16' title='bbox 1927 426 1961 452; x_wconf 85' lang='lat' dir='ltr'>et</span> <span class='ocrx_word' id='word_1_17' title='bbox 1986 430 2066 463; x_wconf 84' lang='lat' dir='ltr'>pre-</span> 
     </span>
     <span class='ocr_line' id='line_1_3' title="bbox 204 484 2066 530; baseline 0.001 -13"><span class='ocrx_word' id='word_1_18' title='bbox 204 484 315 517; x_wconf 86' lang='lat' dir='ltr'>missa</span> <span class='ocrx_word' id='word_1_19' title='bbox 336 484 504 518; x_wconf 86' lang='lat' dir='ltr'>similiter</span> <span class='ocrx_word' id='word_1_20' title='bbox 527 485 648 530; x_wconf 86' lang='lat' dir='ltr'>peciit,</span> <span class='ocrx_word' id='word_1_21' title='bbox 671 484 732 529; x_wconf 91' lang='lat' dir='ltr'>qui</span> <span class='ocrx_word' id='word_1_22' title='bbox 755 496 825 517; x_wconf 86' lang='lat' dir='ltr'>una</span> <span class='ocrx_word' id='word_1_23' title='bbox 842 496 921 517; x_wconf 90' lang='lat' dir='ltr'>cum</span> <span class='ocrx_word' id='word_1_24' title='bbox 944 484 1107 529; x_wconf 89' lang='lat' dir='ltr'>predicto</span> <span class='ocrx_word' id='word_1_25' title='bbox 1132 484 1279 516; x_wconf 86' lang='lat' dir='ltr'>domino</span> <span class='ocrx_word' id='word_1_26' title='bbox 1306 491 1431 517; x_wconf 83' lang='lat' dir='ltr'>nostro</span> <span class='ocrx_word' id='word_1_27' title='bbox 1453 485 1626 518; x_wconf 78' lang='lat' dir='ltr'>cardinali</span> <span class='ocrx_word' id='word_1_28' title='bbox 1648 492 1683 518; x_wconf 90' lang='lat' dir='ltr'>et</span> <span class='ocrx_word' id='word_1_29' title='bbox 1701 485 1852 518; x_wconf 84' lang='lat' dir='ltr'>honesta</span> <span class='ocrx_word' id='word_1_30' title='bbox 1873 485 2066 519; x_wconf 86' lang='lat' dir='ltr'>ambasiata</span> 
     </span>
     <span class='ocr_line' id='line_1_4' title="bbox 204 550 2065 597; baseline 0.001 -14"><span class='ocrx_word' id='word_1_31' title='bbox 204 550 363 596; x_wconf 83' lang='lat' dir='ltr'>desuper</span> <span class='ocrx_word' id='word_1_32' title='bbox 384 551 521 584; x_wconf 93' lang='lat' dir='ltr'>domini</span> <span class='ocrx_word' id='word_1_33' title='bbox 551 551 621 584; x_wconf 93' lang='lat' dir='ltr'>mei</span> <span class='ocrx_word' id='word_1_34' title='bbox 648 551 747 595; x_wconf 84' lang='lat' dir='ltr'>regis</span> <span class='ocrx_word' id='word_1_35' title='bbox 773 550 878 583; x_wconf 89' lang='lat' dir='ltr'>ibunt</span> <span class='ocrx_word' id='word_1_36' title='bbox 902 550 945 583; x_wconf 92' lang='lat' dir='ltr'>ad</span> <span class='ocrx_word' id='word_1_37' title='bbox 973 550 1175 596; x_wconf 87' lang='lat' dir='ltr'>predictum</span> <span class='ocrx_word' id='word_1_38' title='bbox 1202 551 1395 596; x_wconf 84' lang='lat' dir='ltr'>negocium</span> <span class='ocrx_word' id='word_1_39' title='bbox 1416 552 1752 584; x_wconf 87' lang='lat' dir='ltr'>consummandum.</span> <span class='ocrx_word' id='word_1_40' title='bbox 1776 552 1805 585; x_wconf 91' lang='lat' dir='ltr'>O</span> <span class='ocrx_word' id='word_1_41' title='bbox 1827 552 1960 585; x_wconf 88' lang='lat' dir='ltr'>utinam</span> <span class='ocrx_word' id='word_1_42' title='bbox 1983 564 2065 597; x_wconf 91' lang='lat' dir='ltr'>spo-</span> 
     </span>
     <span class='ocr_line' id='line_1_5' title="bbox 203 617 2067 663; baseline 0.001 -13"><span class='ocrx_word' id='word_1_43' title='bbox 203 617 286 650; x_wconf 85' lang='lat' dir='ltr'>liata</span> <span class='ocrx_word' id='word_1_44' title='bbox 307 618 455 650; x_wconf 75' lang='lat' dir='ltr'>Francia</span> <span class='ocrx_word' id='word_1_45' title='bbox 476 617 651 650; x_wconf 86' lang='lat' dir='ltr'>ditaretur</span> <span class='ocrx_word' id='word_1_46' title='bbox 672 617 830 658; x_wconf 82' lang='lat' dir='ltr'>Boemia,</span> <span class='ocrx_word' id='word_1_47' title='bbox 855 624 889 650; x_wconf 91' lang='lat' dir='ltr'>et</span> <span class='ocrx_word' id='word_1_48' title='bbox 907 617 1049 650; x_wconf 86' lang='lat' dir='ltr'>veniret</span> <span class='ocrx_word' id='word_1_49' title='bbox 1075 617 1182 650; x_wconf 89' lang='lat' dir='ltr'>nobis</span> <span class='ocrx_word' id='word_1_50' title='bbox 1206 617 1285 650; x_wconf 89' lang='lat' dir='ltr'>dies</span> <span class='ocrx_word' id='word_1_51' title='bbox 1310 617 1526 658; x_wconf 83' lang='lat' dir='ltr'>consimilis,</span> <span class='ocrx_word' id='word_1_52' title='bbox 1554 630 1623 662; x_wconf 92' lang='lat' dir='ltr'>que</span> <span class='ocrx_word' id='word_1_53' title='bbox 1649 618 1816 662; x_wconf 82' lang='lat' dir='ltr'>spoliavit</span> <span class='ocrx_word' id='word_1_54' title='bbox 1846 618 2010 663; x_wconf 81' lang='lat' dir='ltr'>Egiptios</span> <span class='ocrx_word' id='word_1_55' title='bbox 2032 625 2067 652; x_wconf 86' lang='lat' dir='ltr'>et</span> 
     </span>
     <span class='ocr_line' id='line_1_6' title="bbox 205 683 2066 729; baseline 0.001 -13"><span class='ocrx_word' id='word_1_56' title='bbox 205 683 330 716; x_wconf 78' lang='lat' dir='ltr'>ditavit</span> <span class='ocrx_word' id='word_1_57' title='bbox 356 683 532 716; x_wconf 90' lang='lat' dir='ltr'>Hebreos.</span> <span class='ocrx_word' id='word_1_58' title='bbox 559 683 662 716; x_wconf 76' lang='lat' dir='ltr'>Mitto</span> <span class='ocrx_word' id='word_1_59' title='bbox 689 683 840 728; x_wconf 88' lang='lat' dir='ltr'>insuper</span> <span class='ocrx_word' id='word_1_60' title='bbox 864 683 969 717; x_wconf 89' lang='lat' dir='ltr'>vobis</span> <span class='ocrx_word' id='word_1_61' title='bbox 990 683 1128 729; x_wconf 87' lang='lat' dir='ltr'>copiam</span> <span class='ocrx_word' id='word_1_62' title='bbox 1152 683 1384 716; x_wconf 79' lang='lat' dir='ltr'>instrumenti</span> <span class='ocrx_word' id='word_1_63' title='bbox 1406 683 1607 725; x_wconf 84' lang='lat' dir='ltr'>intraclusi,</span> <span class='ocrx_word' id='word_1_64' title='bbox 1630 690 1668 716; x_wconf 88' lang='lat' dir='ltr'>ut</span> <span class='ocrx_word' id='word_1_65' title='bbox 1693 684 1785 716; x_wconf 87' lang='lat' dir='ltr'>scire</span> <span class='ocrx_word' id='word_1_66' title='bbox 1811 685 1959 728; x_wconf 80' lang='lat' dir='ltr'>possitis</span> <span class='ocrx_word' id='word_1_67' title='bbox 1981 697 2066 717; x_wconf 85' lang='lat' dir='ltr'>con-</span> 
     </span>
     <span class='ocr_line' id='line_1_7' title="bbox 204 749 2067 795; baseline 0.001 -13"><span class='ocrx_word' id='word_1_68' title='bbox 204 750 369 783; x_wconf 81' lang='lat' dir='ltr'>stantiam</span> <span class='ocrx_word' id='word_1_69' title='bbox 397 749 656 783; x_wconf 88' lang='lat' dir='ltr'>Parisiensium</span> <span class='ocrx_word' id='word_1_70' title='bbox 683 750 953 795; x_wconf 86' lang='lat' dir='ltr'>magistrorum.</span> <span class='ocrx_word' id='word_1_71' title='bbox 982 750 1059 795; x_wconf 86' lang='lat' dir='ltr'>Ego</span> <span class='ocrx_word' id='word_1_72' title='bbox 1087 757 1205 783; x_wconf 88' lang='lat' dir='ltr'>autem</span> <span class='ocrx_word' id='word_1_73' title='bbox 1238 757 1411 795; x_wconf 80' lang='lat' dir='ltr'>tamquam</span> <span class='ocrx_word' id='word_1_74' title='bbox 1440 750 1678 783; x_wconf 88' lang='lat' dir='ltr'>cancellarius</span> <span class='ocrx_word' id='word_1_75' title='bbox 1699 750 1954 783; x_wconf 89' lang='lat' dir='ltr'>Universitatis</span> <span class='ocrx_word' id='word_1_76' title='bbox 1984 752 2067 784; x_wconf 89' lang='lat' dir='ltr'>Pra-</span> 
     </span>
     <span class='ocr_line' id='line_1_8' title="bbox 203 815 1969 862; baseline 0.001 -14"><span class='ocrx_word' id='word_1_77' title='bbox 203 815 343 862; x_wconf 85' lang='lat' dir='ltr'>gensis,</span> <span class='ocrx_word' id='word_1_78' title='bbox 367 816 427 861; x_wconf 91' lang='lat' dir='ltr'>qui</span> <span class='ocrx_word' id='word_1_79' title='bbox 448 816 537 849; x_wconf 82' lang='lat' dir='ltr'>feci⁵</span> <span class='ocrx_word' id='word_1_80' title='bbox 559 816 790 861; x_wconf 79' lang='lat' dir='ltr'>principium,</span> <span class='ocrx_word' id='word_1_81' title='bbox 813 817 856 850; x_wconf 87' lang='lat' dir='ltr'>ad</span> <span class='ocrx_word' id='word_1_82' title='bbox 878 816 1196 850; x_wconf 88' lang='lat' dir='ltr'>consumacionem</span> <span class='ocrx_word' id='word_1_83' title='bbox 1217 816 1403 849; x_wconf 84' lang='lat' dir='ltr'>laborabo.</span> <span class='ocrx_word' id='word_1_84' title='bbox 1428 818 1554 849; x_wconf 90' lang='lat' dir='ltr'>Datum</span> <span class='ocrx_word' id='word_1_85' title='bbox 1578 816 1879 857; x_wconf 66' lang='lat' dir='ltr'>Frankenfordess,</span> <span class='ocrx_word' id='word_1_86' title='bbox 1903 823 1969 850; x_wconf 85' lang='lat' dir='ltr'>etc.</span> 
     </span>
    </p>

    <p class='ocr_par' dir='ltr' id='par_1_3' title="bbox 203 913 2068 1034">
     <span class='ocr_line' id='line_1_9' title="bbox 297 913 2068 946; baseline 0.001 -9"><span class='ocrx_word' id='word_1_87' title='bbox 297 914 359 937; x_wconf 88' lang='lat' dir='ltr'>Cod.</span> <span class='ocrx_word' id='word_1_88' title='bbox 377 914 527 945; x_wconf 84' lang='lat' dir='ltr'>epistolaris</span> <span class='ocrx_word' id='word_1_89' title='bbox 543 914 700 945; x_wconf 78' lang='lat' dir='ltr'>archiepisc.</span> <span class='ocrx_word' id='word_1_90' title='bbox 717 914 844 937; x_wconf 81' lang='lat' dir='ltr'>Johannis</span> <span class='ocrx_word' id='word_1_91' title='bbox 860 914 891 937; x_wconf 87' lang='lat' dir='ltr'>de</span> <span class='ocrx_word' id='word_1_92' title='bbox 904 914 1068 938; x_wconf 83' lang='lat' dir='ltr'>Jenzenstein</span> <span class='ocrx_word' id='word_1_93' title='bbox 1084 914 1110 937; x_wconf 88' lang='lat' dir='ltr'>in</span> <span class='ocrx_word' id='word_1_94' title='bbox 1129 914 1233 938; x_wconf 82' lang='lat' dir='ltr'>Archiv.</span> <span class='ocrx_word' id='word_1_95' title='bbox 1249 922 1317 938; x_wconf 81' lang='lat' dir='ltr'>caes.</span> <span class='ocrx_word' id='word_1_96' title='bbox 1331 914 1488 946; x_wconf 57' lang='lat' dir='ltr'>Vindobon„</span> <span class='ocrx_word' id='word_1_97' title='bbox 1503 914 1559 937; x_wconf 91' lang='lat' dir='ltr'>cod.</span> <span class='ocrx_word' id='word_1_98' title='bbox 1578 913 1630 943; x_wconf 81' lang='lat'>183,</span> <span class='ocrx_word' id='word_1_99' title='bbox 1648 914 1691 937; x_wconf 79' lang='lat' dir='ltr'>fol.</span> <span class='ocrx_word' id='word_1_100' title='bbox 1706 914 1743 943; x_wconf 92' lang='lat'>11,</span> <span class='ocrx_word' id='word_1_101' title='bbox 1756 914 1804 937; x_wconf 85' lang='lat' dir='ltr'>suh</span> <span class='ocrx_word' id='word_1_102' title='bbox 1819 914 1943 938; x_wconf 77' lang='lat' dir='ltr'>rubrica:</span> <span class='ocrx_word' id='word_1_103' title='bbox 1959 925 1971 937; x_wconf 77' lang='grc' dir='ltr'>α</span> <span class='ocrx_word' id='word_1_104' title='bbox 1983 916 2068 938; x_wconf 90' lang='lat' dir='ltr'>Litera</span> 
     </span>
     <span class='ocr_line' id='line_1_10' title="bbox 203 958 2067 989; baseline 0.001 -8"><span class='ocrx_word' id='word_1_105' title='bbox 203 958 285 981; x_wconf 80' lang='lat' dir='ltr'>missa</span> <span class='ocrx_word' id='word_1_106' title='bbox 299 958 446 981; x_wconf 86' lang='lat' dir='ltr'>rectoribus</span> <span class='ocrx_word' id='word_1_107' title='bbox 463 966 492 981; x_wconf 82' lang='lat' dir='ltr'>ac</span> <span class='ocrx_word' id='word_1_108' title='bbox 508 958 643 989; x_wconf 85' lang='lat' dir='ltr'>magistris</span> <span class='ocrx_word' id='word_1_109' title='bbox 662 958 772 989; x_wconf 79' lang='lat' dir='ltr'>collegii</span> <span class='ocrx_word' id='word_1_110' title='bbox 792 958 880 981; x_wconf 84' lang='lat' dir='ltr'>Karoli</span> <span class='ocrx_word' id='word_1_111' title='bbox 897 967 919 982; x_wconf 85' lang='lat'>».</span> <span class='ocrx_word' id='word_1_112' title='bbox 938 972 967 976; x_wconf 98' lang='lat'><strong>—</strong></span> <span class='ocrx_word' id='word_1_113' title='bbox 986 959 1081 986; x_wconf 72' lang='lat' dir='ltr'>llfisser,</span> <span class='ocrx_word' id='word_1_114' title='bbox 1099 958 1236 988; x_wconf 73' lang='lat' dir='ltr'>Maqister</span> <span class='ocrx_word' id='word_1_115' title='bbox 1250 958 1392 982; x_wconf 75' lang='lat' dir='ltr'>Johannes</span> <span class='ocrx_word' id='word_1_116' title='bbox 1407 959 1480 986; x_wconf 83' lang='lat' dir='ltr'>Hus,</span> <span class='ocrx_word' id='word_1_117' title='bbox 1499 967 1526 989; x_wconf 88' lang='lat' dir='ltr'>p.</span> <span class='ocrx_word' id='word_1_118' title='bbox 1542 958 1596 987; x_wconf 76' lang='lat'>121,</span> <span class='ocrx_word' id='word_1_119' title='bbox 1613 961 1664 980; x_wconf 83' lang='lat' dir='ltr'>not.</span> <span class='ocrx_word' id='word_1_120' title='bbox 1680 959 1718 981; x_wconf 85' lang='lat'>59.</span> <span class='ocrx_word' id='word_1_121' title='bbox 1736 958 1771 981; x_wconf 87' lang='lat' dir='ltr'>De</span> <span class='ocrx_word' id='word_1_122' title='bbox 1786 958 1874 982; x_wconf 86' lang='lat' dir='ltr'>codice</span> <span class='ocrx_word' id='word_1_123' title='bbox 1887 959 1940 982; x_wconf 80' lang='lat' dir='ltr'>vid.</span> <span class='ocrx_word' id='word_1_124' title='bbox 1960 959 2067 982; x_wconf 89' lang='lat' dir='ltr'>Losertb</span> 
     </span>
     <span class='ocr_line' id='line_1_11' title="bbox 203 1002 885 1034; baseline 0 -8"><span class='ocrx_word' id='word_1_125' title='bbox 203 1002 229 1026; x_wconf 89' lang='lat' dir='ltr'>in</span> <span class='ocrx_word' id='word_1_126' title='bbox 247 1003 361 1027; x_wconf 81' lang='lat' dir='ltr'>Archiv.</span> <span class='ocrx_word' id='word_1_127' title='bbox 377 1004 398 1032; x_wconf 59' lang='lat' dir='ltr'>f.</span> <span class='ocrx_word' id='word_1_128' title='bbox 414 1002 513 1027; x_wconf 77' lang='lat' dir='ltr'>c&#39;isterr.</span> <span class='ocrx_word' id='word_1_129' title='bbox 532 1004 636 1031; x_wconf 80' lang='lat' dir='ltr'>Gesch.‚</span> <span class='ocrx_word' id='word_1_130' title='bbox 653 1003 703 1031; x_wconf 87' lang='lat' dir='ltr'>LV,</span> <span class='ocrx_word' id='word_1_131' title='bbox 721 1012 747 1034; x_wconf 93' lang='lat' dir='ltr'>p.</span> <span class='ocrx_word' id='word_1_132' title='bbox 767 1003 811 1026; x_wconf 80' lang='grc'>267</span> <span class='ocrx_word' id='word_1_133' title='bbox 828 1011 885 1034; x_wconf 88' lang='lat' dir='ltr'>sqq.</span> 
     </span>
    </p>

    <p class='ocr_par' dir='ltr' id='par_1_4' title="bbox 203 1046 2073 1345">
     <span class='ocr_line' id='line_1_12' title="bbox 297 1046 2068 1078; baseline 0.001 -8"><span class='ocrx_word' id='word_1_134' title='bbox 297 1046 416 1078; x_wconf 79' lang='lat' dir='ltr'>scriptor</span> <span class='ocrx_word' id='word_1_135' title='bbox 431 1047 509 1078; x_wconf 84' lang='lat' dir='ltr'>hujus</span> <span class='ocrx_word' id='word_1_136' title='bbox 524 1047 651 1078; x_wconf 83' lang='lat' dir='ltr'>epistolae</span> <span class='ocrx_word' id='word_1_137' title='bbox 664 1050 703 1070; x_wconf 88' lang='lat' dir='ltr'>est</span> <span class='ocrx_word' id='word_1_138' title='bbox 717 1047 850 1070; x_wconf 66' lang='lat' dir='ltr'>,Iohannes</span> <span class='ocrx_word' id='word_1_139' title='bbox 867 1048 898 1070; x_wconf 88' lang='lat' dir='ltr'>de</span> <span class='ocrx_word' id='word_1_140' title='bbox 913 1047 1088 1076; x_wconf 82' lang='lat' dir='ltr'>Jcnzenstein,</span> <span class='ocrx_word' id='word_1_141' title='bbox 1105 1047 1149 1078; x_wconf 83' lang='lat' dir='ltr'>qui</span> <span class='ocrx_word' id='word_1_142' title='bbox 1164 1055 1206 1070; x_wconf 83' lang='lat' dir='ltr'>an.</span> <span class='ocrx_word' id='word_1_143' title='bbox 1219 1047 1288 1076; x_wconf 80' lang='lat'>1375,</span> <span class='ocrx_word' id='word_1_144' title='bbox 1305 1047 1369 1070; x_wconf 82' lang='lat' dir='ltr'>Julii</span> <span class='ocrx_word' id='word_1_145' title='bbox 1384 1048 1409 1076; x_wconf 70' lang='lat'>4,</span> <span class='ocrx_word' id='word_1_146' title='bbox 1420 1055 1479 1069; x_wconf 86' lang='lat' dir='ltr'>cum</span> <span class='ocrx_word' id='word_1_147' title='bbox 1494 1050 1564 1070; x_wconf 83' lang='lat' dir='ltr'>esset</span> <span class='ocrx_word' id='word_1_148' title='bbox 1577 1046 1745 1078; x_wconf 81' lang='lat' dir='ltr'>praepositus</span> <span class='ocrx_word' id='word_1_149' title='bbox 1763 1047 1940 1071; x_wconf 82' lang='lat' dir='ltr'>Wetslariens.</span> <span class='ocrx_word' id='word_1_150' title='bbox 1957 1051 1981 1071; x_wconf 91' lang='lat' dir='ltr'>et</span> <span class='ocrx_word' id='word_1_151' title='bbox 1996 1048 2068 1071; x_wconf 87' lang='lat' dir='ltr'>bace.</span> 
     </span>
     <span class='ocr_line' id='line_1_13' title="bbox 203 1091 2068 1123; baseline 0.001 -9"><span class='ocrx_word' id='word_1_152' title='bbox 203 1091 230 1114; x_wconf 91' lang='lat' dir='ltr'>in</span> <span class='ocrx_word' id='word_1_153' title='bbox 243 1091 349 1121; x_wconf 86' lang='lat' dir='ltr'>decret.,</span> <span class='ocrx_word' id='word_1_154' title='bbox 363 1092 447 1114; x_wconf 82' lang='lat' dir='ltr'>factus</span> <span class='ocrx_word' id='word_1_155' title='bbox 465 1095 505 1114; x_wconf 87' lang='lat' dir='ltr'>est</span> <span class='ocrx_word' id='word_1_156' title='bbox 519 1091 600 1123; x_wconf 84' lang='lat' dir='ltr'>episc.</span> <span class='ocrx_word' id='word_1_157' title='bbox 619 1091 743 1115; x_wconf 80' lang='lat' dir='ltr'>Misnens.</span> <span class='ocrx_word' id='word_1_158' title='bbox 760 1091 832 1123; x_wconf 85' lang='lat' dir='ltr'>(Reg.</span> <span class='ocrx_word' id='word_1_159' title='bbox 848 1093 895 1115; x_wconf 80' lang='lat' dir='ltr'>Av.</span> <span class='ocrx_word' id='word_1_160' title='bbox 915 1092 993 1123; x_wconf 83' lang='lat' dir='ltr'>Greg.</span> <span class='ocrx_word' id='word_1_161' title='bbox 1010 1092 1051 1122; x_wconf 74' lang='lat' dir='ltr'>xl,</span> <span class='ocrx_word' id='word_1_162' title='bbox 1066 1092 1117 1115; x_wconf 78' lang='lat' dir='ltr'>vol.</span> <span class='ocrx_word' id='word_1_163' title='bbox 1136 1092 1209 1121; x_wconf 78' lang='lat' dir='ltr'>XXV,</span> <span class='ocrx_word' id='word_1_164' title='bbox 1225 1092 1243 1115; x_wconf 80' lang='lat' dir='ltr'>f.</span> <span class='ocrx_word' id='word_1_165' title='bbox 1259 1092 1324 1121; x_wconf 71' lang='lat'>451),</span> <span class='ocrx_word' id='word_1_166' title='bbox 1336 1099 1377 1114; x_wconf 89' lang='lat' dir='ltr'>an.</span> <span class='ocrx_word' id='word_1_167' title='bbox 1395 1091 1465 1120; x_wconf 79' lang='lat'>1379,</span> <span class='ocrx_word' id='word_1_168' title='bbox 1480 1091 1567 1114; x_wconf 88' lang='lat' dir='ltr'>Martii</span> <span class='ocrx_word' id='word_1_169' title='bbox 1578 1091 1615 1119; x_wconf 82' lang='lat'>19,</span> <span class='ocrx_word' id='word_1_170' title='bbox 1634 1091 1778 1114; x_wconf 81' lang='lat' dir='ltr'>translatus</span> <span class='ocrx_word' id='word_1_171' title='bbox 1794 1092 1826 1114; x_wconf 85' lang='lat' dir='ltr'>ad</span> <span class='ocrx_word' id='word_1_172' title='bbox 1838 1092 1926 1115; x_wconf 79' lang='lat' dir='ltr'>sedem</span> <span class='ocrx_word' id='word_1_173' title='bbox 1943 1092 2068 1123; x_wconf 82' lang='lat' dir='ltr'>Pragens.</span> 
     </span>
     <span class='ocr_line' id='line_1_14' title="bbox 204 1135 2069 1168; baseline -0.001 -9"><span class='ocrx_word' id='word_1_174' title='bbox 204 1136 263 1167; x_wconf 86' lang='lat' dir='ltr'>Ipse</span> <span class='ocrx_word' id='word_1_175' title='bbox 286 1135 349 1158; x_wconf 89' lang='lat' dir='ltr'>olim</span> <span class='ocrx_word' id='word_1_176' title='bbox 364 1135 473 1159; x_wconf 80' lang='lat' dir='ltr'>Parisiis</span> <span class='ocrx_word' id='word_1_177' title='bbox 490 1137 543 1159; x_wconf 79' lang='lat' dir='ltr'>fere</span> <span class='ocrx_word' id='word_1_178' title='bbox 557 1144 606 1167; x_wconf 85' lang='lat' dir='ltr'>per</span> <span class='ocrx_word' id='word_1_179' title='bbox 627 1135 762 1159; x_wconf 86' lang='lat' dir='ltr'>biennium</span> <span class='ocrx_word' id='word_1_180' title='bbox 779 1136 879 1159; x_wconf 83' lang='lat' dir='ltr'>studuit</span> <span class='ocrx_word' id='word_1_181' title='bbox 897 1136 960 1165; x_wconf 87' lang='lat' dir='ltr'>(vid.</span> <span class='ocrx_word' id='word_1_182' title='bbox 982 1136 1100 1164; x_wconf 83' lang='lat' dir='ltr'>Loserth,</span> <span class='ocrx_word' id='word_1_183' title='bbox 1119 1145 1146 1167; x_wconf 85' lang='lat' dir='ltr'>p.</span> <span class='ocrx_word' id='word_1_184' title='bbox 1163 1137 1217 1165; x_wconf 78' lang='lat'>274,</span> <span class='ocrx_word' id='word_1_185' title='bbox 1238 1138 1292 1159; x_wconf 76' lang='lat' dir='ltr'>not.</span> <span class='ocrx_word' id='word_1_186' title='bbox 1308 1136 1341 1165; x_wconf 75' lang='lat'>2),</span> <span class='ocrx_word' id='word_1_187' title='bbox 1359 1139 1384 1158; x_wconf 88' lang='lat' dir='ltr'>et</span> <span class='ocrx_word' id='word_1_188' title='bbox 1403 1135 1472 1158; x_wconf 88' lang='lat' dir='ltr'>circa</span> <span class='ocrx_word' id='word_1_189' title='bbox 1494 1144 1536 1158; x_wconf 85' lang='lat' dir='ltr'>an.</span> <span class='ocrx_word' id='word_1_190' title='bbox 1557 1136 1625 1163; x_wconf 81' lang='lat'>1375,</span> <span class='ocrx_word' id='word_1_191' title='bbox 1648 1136 1688 1158; x_wconf 75' lang='lat' dir='ltr'>vel</span> <span class='ocrx_word' id='word_1_192' title='bbox 1708 1136 1787 1166; x_wconf 87' lang='lat' dir='ltr'>paulo</span> <span class='ocrx_word' id='word_1_193' title='bbox 1807 1139 1890 1166; x_wconf 85' lang='lat' dir='ltr'>antea,</span> <span class='ocrx_word' id='word_1_194' title='bbox 1910 1136 1936 1159; x_wconf 90' lang='lat' dir='ltr'>in</span> <span class='ocrx_word' id='word_1_195' title='bbox 1956 1137 2069 1168; x_wconf 79' lang='lat' dir='ltr'>quadam</span> 
     </span>
     <span class='ocr_line' id='line_1_15' title="bbox 204 1180 2071 1212; baseline 0.001 -10"><span class='ocrx_word' id='word_1_196' title='bbox 204 1180 317 1211; x_wconf 83' lang='lat' dir='ltr'>epistola</span> <span class='ocrx_word' id='word_1_197' title='bbox 332 1180 458 1203; x_wconf 81' lang='lat' dir='ltr'>describit</span> <span class='ocrx_word' id='word_1_198' title='bbox 475 1180 607 1203; x_wconf 86' lang='lat' dir='ltr'>mirabilia</span> <span class='ocrx_word' id='word_1_199' title='bbox 623 1181 696 1203; x_wconf 84' lang='lat' dir='ltr'>urhis</span> <span class='ocrx_word' id='word_1_200' title='bbox 713 1180 797 1205; x_wconf 84' lang='lat' dir='ltr'>Paris.</span> <span class='ocrx_word' id='word_1_201' title='bbox 815 1184 839 1203; x_wconf 86' lang='lat' dir='ltr'>ct</span> <span class='ocrx_word' id='word_1_202' title='bbox 855 1180 1041 1204; x_wconf 79' lang='lat' dir='ltr'>Universitatis</span> <span class='ocrx_word' id='word_1_203' title='bbox 1056 1180 1140 1204; x_wconf 85' lang='lat' dir='ltr'>Paris.</span> <span class='ocrx_word' id='word_1_204' title='bbox 1154 1180 1237 1210; x_wconf 90' lang='lat' dir='ltr'>(ibid.‚</span> <span class='ocrx_word' id='word_1_205' title='bbox 1254 1188 1296 1211; x_wconf 82' lang='lat' dir='ltr'>ep.</span> <span class='ocrx_word' id='word_1_206' title='bbox 1307 1181 1346 1209; x_wconf 85' lang='grc'>65,</span> <span class='ocrx_word' id='word_1_207' title='bbox 1359 1188 1386 1211; x_wconf 93' lang='lat' dir='ltr'>p.</span> <span class='ocrx_word' id='word_1_208' title='bbox 1403 1181 1466 1209; x_wconf 78' lang='lat'><strong>385).</strong></span> <span class='ocrx_word' id='word_1_209' title='bbox 1483 1180 1614 1203; x_wconf 81' lang='lat' dir='ltr'>Johannes</span> <span class='ocrx_word' id='word_1_210' title='bbox 1631 1180 1661 1202; x_wconf 83' lang='lat' dir='ltr'>de</span> <span class='ocrx_word' id='word_1_211' title='bbox 1674 1180 1837 1203; x_wconf 80' lang='lat' dir='ltr'>Jcnzenstein</span> <span class='ocrx_word' id='word_1_212' title='bbox 1853 1181 1995 1203; x_wconf 79' lang='lat' dir='ltr'>acerrimus</span> <span class='ocrx_word' id='word_1_213' title='bbox 2011 1189 2071 1212; x_wconf 88' lang='lat' dir='ltr'>pro-</span> 
     </span>
     <span class='ocr_line' id='line_1_16' title="bbox 203 1224 2070 1256; baseline 0 -8"><span class='ocrx_word' id='word_1_214' title='bbox 203 1228 337 1256; x_wconf 81' lang='lat' dir='ltr'>pugnator</span> <span class='ocrx_word' id='word_1_215' title='bbox 347 1225 482 1248; x_wconf 83' lang='lat' dir='ltr'>electionis</span> <span class='ocrx_word' id='word_1_216' title='bbox 496 1225 597 1248; x_wconf 87' lang='lat' dir='ltr'>Urbani</span> <span class='ocrx_word' id='word_1_217' title='bbox 608 1226 641 1248; x_wconf 88' lang='lat' dir='ltr'>VI</span> <span class='ocrx_word' id='word_1_218' title='bbox 658 1225 715 1254; x_wconf 85' lang='lat' dir='ltr'>suit,</span> <span class='ocrx_word' id='word_1_219' title='bbox 727 1228 753 1248; x_wconf 88' lang='lat' dir='ltr'>et</span> <span class='ocrx_word' id='word_1_220' title='bbox 767 1233 809 1250; x_wconf 79' lang='lat' dir='ltr'>an.</span> <span class='ocrx_word' id='word_1_221' title='bbox 825 1226 894 1252; x_wconf 90' lang='lat'><strong>1381,</strong></span> <span class='ocrx_word' id='word_1_222' title='bbox 908 1225 1030 1248; x_wconf 61' lang='lat' dir='ltr'>²Ianuarii</span> <span class='ocrx_word' id='word_1_223' title='bbox 1045 1225 1086 1248; x_wconf 89' lang='lat' dir='ltr'>vel</span> <span class='ocrx_word' id='word_1_224' title='bbox 1097 1224 1244 1254; x_wconf 76' lang='lat' dir='ltr'>Februarii,</span> <span class='ocrx_word' id='word_1_225' title='bbox 1257 1224 1365 1255; x_wconf 82' lang='lat' dir='ltr'>scripsit</span> <span class='ocrx_word' id='word_1_226' title='bbox 1378 1224 1505 1247; x_wconf 86' lang='lat' dir='ltr'>Aimerico</span> <span class='ocrx_word' id='word_1_227' title='bbox 1517 1224 1640 1255; x_wconf 69' lang='lat' dir='ltr'>episcopo</span> <span class='ocrx_word' id='word_1_228' title='bbox 1651 1224 1745 1254; x_wconf 61' lang='lat' dir='ltr'>Paris„</span> <span class='ocrx_word' id='word_1_229' title='bbox 1757 1228 1785 1247; x_wconf 90' lang='lat' dir='ltr'>ut</span> <span class='ocrx_word' id='word_1_230' title='bbox 1796 1225 1918 1248; x_wconf 81' lang='lat' dir='ltr'>Carolum</span> <span class='ocrx_word' id='word_1_231' title='bbox 1929 1226 1969 1253; x_wconf 82' lang='lat' dir='ltr'>VI,</span> <span class='ocrx_word' id='word_1_232' title='bbox 1982 1234 2070 1256; x_wconf 84' lang='lat' dir='ltr'>regem</span> 
     </span>
     <span class='ocr_line' id='line_1_17' title="bbox 205 1268 2073 1301; baseline 0 -9"><span class='ocrx_word' id='word_1_233' title='bbox 205 1269 374 1297; x_wconf 78' lang='lat' dir='ltr'>Francorum,</span> <span class='ocrx_word' id='word_1_234' title='bbox 391 1269 424 1292; x_wconf 80' lang='lat' dir='ltr'>ad</span> <span class='ocrx_word' id='word_1_235' title='bbox 438 1269 556 1292; x_wconf 78' lang='lat' dir='ltr'>veritatis</span> <span class='ocrx_word' id='word_1_236' title='bbox 569 1269 736 1300; x_wconf 82' lang='lat' dir='ltr'>propositum</span> <span class='ocrx_word' id='word_1_237' title='bbox 747 1270 883 1292; x_wconf 86' lang='lat' dir='ltr'>reduceret</span> <span class='ocrx_word' id='word_1_238' title='bbox 897 1270 948 1300; x_wconf 92' lang='lat' dir='ltr'>(ep.</span> <span class='ocrx_word' id='word_1_239' title='bbox 960 1269 998 1297; x_wconf 85' lang='grc'>15,</span> <span class='ocrx_word' id='word_1_240' title='bbox 1010 1278 1037 1300; x_wconf 92' lang='lat' dir='ltr'>p.</span> <span class='ocrx_word' id='word_1_241' title='bbox 1049 1270 1114 1299; x_wconf 87' lang='grc'><strong>316),</strong></span> <span class='ocrx_word' id='word_1_242' title='bbox 1124 1269 1157 1292; x_wconf 83' lang='lat' dir='ltr'>ud</span> <span class='ocrx_word' id='word_1_243' title='bbox 1173 1277 1251 1300; x_wconf 87' lang='lat' dir='ltr'>quam</span> <span class='ocrx_word' id='word_1_244' title='bbox 1265 1268 1403 1300; x_wconf 86' lang='lat' dir='ltr'>epistolam</span> <span class='ocrx_word' id='word_1_245' title='bbox 1419 1268 1559 1300; x_wconf 81' lang='lat' dir='ltr'>episcopus</span> <span class='ocrx_word' id='word_1_246' title='bbox 1575 1268 1667 1298; x_wconf 52' lang='lat' dir='ltr'>Paris,</span> <span class='ocrx_word' id='word_1_247' title='bbox 1678 1268 1764 1291; x_wconf 80' lang='lat' dir='ltr'>Martii</span> <span class='ocrx_word' id='word_1_248' title='bbox 1778 1269 1815 1297; x_wconf 82' lang='grc'>10,</span> <span class='ocrx_word' id='word_1_249' title='bbox 1831 1269 1951 1300; x_wconf 83' lang='lat' dir='ltr'>negative</span> <span class='ocrx_word' id='word_1_250' title='bbox 1964 1278 2073 1301; x_wconf 86' lang='lat' dir='ltr'>respon-</span> 
     </span>
     <span class='ocr_line' id='line_1_18' title="bbox 206 1313 2070 1345; baseline 0.001 -9"><span class='ocrx_word' id='word_1_251' title='bbox 206 1313 244 1336; x_wconf 91' lang='lat' dir='ltr'>dit</span> <span class='ocrx_word' id='word_1_252' title='bbox 260 1315 309 1345; x_wconf 91' lang='lat' dir='ltr'>(ep.</span> <span class='ocrx_word' id='word_1_253' title='bbox 327 1315 376 1343; x_wconf 85' lang='lat'>16).</span> <span class='ocrx_word' id='word_1_254' title='bbox 390 1313 510 1344; x_wconf 81' lang='lat' dir='ltr'>Epistola</span> <span class='ocrx_word' id='word_1_255' title='bbox 533 1322 614 1344; x_wconf 88' lang='lat' dir='ltr'>supra</span> <span class='ocrx_word' id='word_1_256' title='bbox 638 1314 708 1337; x_wconf 86' lang='lat' dir='ltr'>edita</span> <span class='ocrx_word' id='word_1_257' title='bbox 727 1322 742 1337; x_wconf 89' lang='lat' dir='ltr'>a</span> <span class='ocrx_word' id='word_1_258' title='bbox 762 1314 870 1337; x_wconf 87' lang='lat' dir='ltr'>Loserth</span> <span class='ocrx_word' id='word_1_259' title='bbox 889 1314 921 1336; x_wconf 88' lang='lat' dir='ltr'>ad</span> <span class='ocrx_word' id='word_1_260' title='bbox 945 1322 1061 1337; x_wconf 83' lang='lat' dir='ltr'>mensem</span> <span class='ocrx_word' id='word_1_261' title='bbox 1079 1313 1165 1337; x_wconf 80' lang='lat' dir='ltr'>Martii</span> <span class='ocrx_word' id='word_1_262' title='bbox 1187 1313 1313 1344; x_wconf 83' lang='lat' dir='ltr'>rejicitur,</span> <span class='ocrx_word' id='word_1_263' title='bbox 1330 1313 1375 1336; x_wconf 89' lang='lat' dir='ltr'>sed</span> <span class='ocrx_word' id='word_1_264' title='bbox 1396 1313 1489 1336; x_wconf 86' lang='lat' dir='ltr'>melius</span> <span class='ocrx_word' id='word_1_265' title='bbox 1511 1314 1543 1336; x_wconf 89' lang='lat' dir='ltr'>ad</span> <span class='ocrx_word' id='word_1_266' title='bbox 1559 1321 1674 1335; x_wconf 81' lang='lat' dir='ltr'>mensem</span> <span class='ocrx_word' id='word_1_267' title='bbox 1697 1313 1858 1344; x_wconf 81' lang='lat' dir='ltr'>Septembris</span> <span class='ocrx_word' id='word_1_268' title='bbox 1882 1315 2003 1342; x_wconf 68' lang='lat' dir='ltr'>refertur,</span> <span class='ocrx_word' id='word_1_269' title='bbox 2020 1323 2070 1345; x_wconf 84' lang='lat' dir='ltr'>quo</span> 
     </span>
    </p>
   </div>
   <div class='ocr_carea' id='block_1_3' title="bbox 205 1357 2071 1426">
    <p class='ocr_par' dir='ltr' id='par_1_5' title="bbox 205 1357 2071 1426">
     <span class='ocr_line' id='line_1_19' title="bbox 205 1357 2071 1389; baseline 0.001 -9"><span class='ocrx_word' id='word_1_270' title='bbox 205 1366 294 1381; x_wconf 86' lang='lat' dir='ltr'>mense</span> <span class='ocrx_word' id='word_1_271' title='bbox 314 1358 446 1381; x_wconf 86' lang='lat' dir='ltr'>Johannes</span> <span class='ocrx_word' id='word_1_272' title='bbox 467 1358 493 1380; x_wconf 89' lang='lat' dir='ltr'>in</span> <span class='ocrx_word' id='word_1_273' title='bbox 513 1358 622 1381; x_wconf 86' lang='lat' dir='ltr'>consilio</span> <span class='ocrx_word' id='word_1_274' title='bbox 641 1358 792 1389; x_wconf 86' lang='lat' dir='ltr'>principum</span> <span class='ocrx_word' id='word_1_275' title='bbox 810 1358 1012 1381; x_wconf 81' lang='lat' dir='ltr'>Francofordiae</span> <span class='ocrx_word' id='word_1_276' title='bbox 1034 1358 1188 1381; x_wconf 79' lang='lat' dir='ltr'>morabatur</span> <span class='ocrx_word' id='word_1_277' title='bbox 1203 1361 1228 1381; x_wconf 80' lang='lat' dir='ltr'>et</span> <span class='ocrx_word' id='word_1_278' title='bbox 1245 1357 1301 1388; x_wconf 86' lang='lat' dir='ltr'>jam</span> <span class='ocrx_word' id='word_1_279' title='bbox 1317 1358 1407 1388; x_wconf 85' lang='lat' dir='ltr'>plures</span> <span class='ocrx_word' id='word_1_280' title='bbox 1428 1357 1550 1389; x_wconf 80' lang='lat' dir='ltr'>magistri</span> <span class='ocrx_word' id='word_1_281' title='bbox 1567 1357 1682 1380; x_wconf 81' lang='lat' dir='ltr'>Parisios</span> <span class='ocrx_word' id='word_1_282' title='bbox 1701 1357 1869 1388; x_wconf 82' lang='lat' dir='ltr'>reliquerant,</span> <span class='ocrx_word' id='word_1_283' title='bbox 1886 1361 1914 1381; x_wconf 88' lang='lat' dir='ltr'>ut</span> <span class='ocrx_word' id='word_1_284' title='bbox 1931 1358 2071 1389; x_wconf 80' lang='lat' dir='ltr'>opinamur</span> 
     </span>
     <span class='ocr_line' id='line_1_20' title="bbox 205 1402 675 1426; baseline 0 -1"><span class='ocrx_word' id='word_1_285' title='bbox 205 1402 283 1426; x_wconf 78' lang='lat' dir='ltr'>etiam</span> <span class='ocrx_word' id='word_1_286' title='bbox 299 1402 435 1426; x_wconf 83' lang='lat' dir='ltr'>Conradus</span> <span class='ocrx_word' id='word_1_287' title='bbox 451 1402 483 1425; x_wconf 88' lang='lat' dir='ltr'>de</span> <span class='ocrx_word' id='word_1_288' title='bbox 500 1402 675 1426; x_wconf 84' lang='lat' dir='ltr'>Gelnhauscn.</span> 
     </span>
    </p>
   </div>
   <div class='ocr_carea' id='block_1_4' title="bbox 205 1485 2073 1687">
    <p class='ocr_par' dir='ltr' id='par_1_6' title="bbox 205 1485 2073 1687">
     <span class='ocr_line' id='line_1_21' title="bbox 298 1485 2072 1517; baseline 0.001 -9"><span class='ocrx_word' id='word_1_289' title='bbox 298 1485 320 1509; x_wconf 88' lang='lat'>1.</span> <span class='ocrx_word' id='word_1_290' title='bbox 338 1486 386 1510; x_wconf 85' lang='lat' dir='ltr'>Ms.</span> <span class='ocrx_word' id='word_1_291' title='bbox 405 1493 410 1508; x_wconf 86' lang='grc'>’.</span> <span class='ocrx_word' id='word_1_292' title='bbox 430 1496 442 1507; x_wconf 86' lang='lat'>«</span> <span class='ocrx_word' id='word_1_293' title='bbox 458 1486 523 1508; x_wconf 83' lang='lat' dir='ltr'>hora</span> <span class='ocrx_word' id='word_1_294' title='bbox 544 1495 566 1509; x_wconf 70' lang='lat' dir='ltr'>n.</span> <span class='ocrx_word' id='word_1_295' title='bbox 586 1499 611 1503; x_wconf 91' lang='lat'>——</span> <span class='ocrx_word' id='word_1_296' title='bbox 634 1487 656 1509; x_wconf 79' lang='lat'>2.</span> <span class='ocrx_word' id='word_1_297' title='bbox 678 1486 771 1509; x_wconf 81' lang='lat' dir='ltr'>Postea</span> <span class='ocrx_word' id='word_1_298' title='bbox 786 1494 849 1509; x_wconf 79' lang='lat' dir='ltr'>voce</span> <span class='ocrx_word' id='word_1_299' title='bbox 872 1486 957 1509; x_wconf 81' lang='lat' dir='ltr'>deleta</span> <span class='ocrx_word' id='word_1_300' title='bbox 972 1486 997 1508; x_wconf 89' lang='lat' dir='ltr'>in</span> <span class='ocrx_word' id='word_1_301' title='bbox 1016 1486 1135 1516; x_wconf 82' lang='lat' dir='ltr'>margine</span> <span class='ocrx_word' id='word_1_302' title='bbox 1152 1486 1231 1509; x_wconf 85' lang='lat' dir='ltr'>scrib.</span> <span class='ocrx_word' id='word_1_303' title='bbox 1250 1496 1262 1507; x_wconf 75' lang='grc' dir='ltr'>ιι</span> <span class='ocrx_word' id='word_1_304' title='bbox 1276 1485 1415 1508; x_wconf 81' lang='lat' dir='ltr'>Matathias</span> <span class='ocrx_word' id='word_1_305' title='bbox 1434 1495 1455 1508; x_wconf 75' lang='lat' dir='ltr'>n.</span> <span class='ocrx_word' id='word_1_306' title='bbox 1474 1485 1558 1508; x_wconf 76' lang='lat' dir='ltr'>Verba</span> <span class='ocrx_word' id='word_1_307' title='bbox 1578 1493 1659 1516; x_wconf 88' lang='lat' dir='ltr'>supra</span> <span class='ocrx_word' id='word_1_308' title='bbox 1676 1485 1807 1516; x_wconf 82' lang='lat' dir='ltr'>exscripta</span> <span class='ocrx_word' id='word_1_309' title='bbox 1826 1486 1914 1517; x_wconf 85' lang='lat' dir='ltr'>utique</span> <span class='ocrx_word' id='word_1_310' title='bbox 1932 1486 2072 1510; x_wconf 82' lang='lat' dir='ltr'>Mathatiae</span> 
     </span>
     <span class='ocr_line' id='line_1_22' title="bbox 206 1529 2073 1561; baseline 0.001 -9"><span class='ocrx_word' id='word_1_311' title='bbox 206 1532 275 1558; x_wconf 81' lang='lat' dir='ltr'>sunt,</span> <span class='ocrx_word' id='word_1_312' title='bbox 292 1530 429 1560; x_wconf 68' lang='lat' dir='ltr'>Machab.,</span> <span class='ocrx_word' id='word_1_313' title='bbox 444 1538 474 1559; x_wconf 80' lang='lat'>11,</span> <span class='ocrx_word' id='word_1_314' title='bbox 489 1530 573 1554; x_wconf 81' lang='lat'>19-21.</span> <span class='ocrx_word' id='word_1_315' title='bbox 589 1543 620 1547; x_wconf 91' lang='lat'><strong>—</strong></span> <span class='ocrx_word' id='word_1_316' title='bbox 635 1531 658 1554; x_wconf 89' lang='lat'>3.</span> <span class='ocrx_word' id='word_1_317' title='bbox 675 1531 694 1554; x_wconf 87' lang='lat'>1.</span> <span class='ocrx_word' id='word_1_318' title='bbox 710 1539 732 1554; x_wconf 90' lang='lat' dir='ltr'>e.</span> <span class='ocrx_word' id='word_1_319' title='bbox 749 1539 808 1553; x_wconf 89' lang='lat' dir='ltr'>cum</span> <span class='ocrx_word' id='word_1_320' title='bbox 824 1530 894 1554; x_wconf 87' lang='lat' dir='ltr'>Pileo</span> <span class='ocrx_word' id='word_1_321' title='bbox 913 1531 943 1553; x_wconf 83' lang='lat' dir='ltr'>dc</span> <span class='ocrx_word' id='word_1_322' title='bbox 959 1531 1046 1559; x_wconf 78' lang='lat' dir='ltr'>Prata,</span> <span class='ocrx_word' id='word_1_323' title='bbox 1060 1533 1121 1553; x_wconf 84' lang='lat' dir='ltr'>tunc</span> <span class='ocrx_word' id='word_1_324' title='bbox 1141 1531 1228 1561; x_wconf 77' lang='lat' dir='ltr'>legato</span> <span class='ocrx_word' id='word_1_325' title='bbox 1245 1530 1344 1553; x_wconf 87' lang='lat' dir='ltr'>Urbani</span> <span class='ocrx_word' id='word_1_326' title='bbox 1358 1530 1391 1552; x_wconf 88' lang='lat' dir='ltr'>VI</span> <span class='ocrx_word' id='word_1_327' title='bbox 1409 1529 1434 1552; x_wconf 90' lang='lat' dir='ltr'>in</span> <span class='ocrx_word' id='word_1_328' title='bbox 1451 1529 1599 1558; x_wconf 80' lang='lat' dir='ltr'>Germania,</span> <span class='ocrx_word' id='word_1_329' title='bbox 1617 1529 1661 1561; x_wconf 93' lang='lat' dir='ltr'>qui</span> <span class='ocrx_word' id='word_1_330' title='bbox 1673 1530 1728 1561; x_wconf 86' lang='lat' dir='ltr'>jam</span> <span class='ocrx_word' id='word_1_331' title='bbox 1743 1530 1824 1553; x_wconf 89' lang='lat' dir='ltr'>redux</span> <span class='ocrx_word' id='word_1_332' title='bbox 1840 1538 1870 1553; x_wconf 83' lang='lat' dir='ltr'>ex</span> <span class='ocrx_word' id='word_1_333' title='bbox 1886 1530 1989 1561; x_wconf 84' lang='lat' dir='ltr'>Anglia,</span> <span class='ocrx_word' id='word_1_334' title='bbox 2006 1530 2073 1554; x_wconf 83' lang='lat' dir='ltr'>inter</span> 
     </span>
     <span class='ocr_line' id='line_1_23' title="bbox 206 1574 2073 1606; baseline 0 -9"><span class='ocrx_word' id='word_1_335' title='bbox 206 1574 325 1598; x_wconf 84' lang='lat' dir='ltr'>membra</span> <span class='ocrx_word' id='word_1_336' title='bbox 340 1574 449 1598; x_wconf 88' lang='lat' dir='ltr'>Consilii</span> <span class='ocrx_word' id='word_1_337' title='bbox 462 1575 706 1603; x_wconf 72' lang='lat' dir='ltr'>Frankorordensis,</span> <span class='ocrx_word' id='word_1_338' title='bbox 722 1575 893 1606; x_wconf 83' lang='lat' dir='ltr'>Septembris,</span> <span class='ocrx_word' id='word_1_339' title='bbox 912 1575 969 1599; x_wconf 80' lang='lat' dir='ltr'>fuit.</span> <span class='ocrx_word' id='word_1_340' title='bbox 984 1575 1042 1600; x_wconf 75' lang='lat' dir='ltr'>vid.</span> <span class='ocrx_word' id='word_1_341' title='bbox 1053 1575 1224 1603; x_wconf 74' lang='lat' dir='ltr'>Weizsacker‚</span> <span class='ocrx_word' id='word_1_342' title='bbox 1241 1575 1377 1599; x_wconf 78' lang='lat' dir='ltr'>Deutsche</span> <span class='ocrx_word' id='word_1_343' title='bbox 1392 1574 1653 1604; x_wconf 73' lang='lat' dir='ltr'>Reichstaysakten,</span> <span class='ocrx_word' id='word_1_344' title='bbox 1668 1575 1688 1603; x_wconf 78' lang='lat' dir='ltr'>I,</span> <span class='ocrx_word' id='word_1_345' title='bbox 1703 1583 1728 1605; x_wconf 84' lang='lat' dir='ltr'>p.</span> <span class='ocrx_word' id='word_1_346' title='bbox 1746 1575 1800 1604; x_wconf 76' lang='grc'><strong>325,</strong></span> <span class='ocrx_word' id='word_1_347' title='bbox 1817 1574 1853 1603; x_wconf 84' lang='grc'>13,</span> <span class='ocrx_word' id='word_1_348' title='bbox 1872 1575 1909 1598; x_wconf 83' lang='grc'>19.</span> <span class='ocrx_word' id='word_1_349' title='bbox 1920 1589 1951 1592; x_wconf 91' lang='grc'>-</span> <span class='ocrx_word' id='word_1_350' title='bbox 1965 1576 1988 1598; x_wconf 70' lang='lat' dir='ltr'>la.</span> <span class='ocrx_word' id='word_1_351' title='bbox 2005 1575 2073 1598; x_wconf 81' lang='lat' dir='ltr'>Con·</span> 
     </span>
     <span class='ocr_line' id='line_1_24' title="bbox 205 1618 2073 1650; baseline 0.001 -9"><span class='ocrx_word' id='word_1_352' title='bbox 205 1619 286 1642; x_wconf 78' lang='lat' dir='ltr'>radus</span> <span class='ocrx_word' id='word_1_353' title='bbox 302 1619 333 1642; x_wconf 87' lang='lat' dir='ltr'>de</span> <span class='ocrx_word' id='word_1_354' title='bbox 353 1619 536 1642; x_wconf 80' lang='lat' dir='ltr'>Gelnhausen?</span> <span class='ocrx_word' id='word_1_355' title='bbox 558 1619 685 1642; x_wconf 84' lang='lat' dir='ltr'>Henricus</span> <span class='ocrx_word' id='word_1_356' title='bbox 706 1620 737 1642; x_wconf 90' lang='lat' dir='ltr'>de</span> <span class='ocrx_word' id='word_1_357' title='bbox 758 1619 869 1643; x_wconf 86' lang='lat' dir='ltr'>llassia?</span> <span class='ocrx_word' id='word_1_358' title='bbox 885 1619 1011 1642; x_wconf 85' lang='lat' dir='ltr'>lIenricus</span> <span class='ocrx_word' id='word_1_359' title='bbox 1028 1619 1058 1643; x_wconf 87' lang='lat' dir='ltr'>de</span> <span class='ocrx_word' id='word_1_360' title='bbox 1075 1620 1158 1650; x_wconf 77' lang='lat' dir='ltr'>Oyta?</span> <span class='ocrx_word' id='word_1_361' title='bbox 1172 1633 1202 1636; x_wconf 97' lang='lat'><strong>—</strong></span> <span class='ocrx_word' id='word_1_362' title='bbox 1218 1621 1240 1642; x_wconf 76' lang='grc' dir='ltr'>ὖ.</span> <span class='ocrx_word' id='word_1_363' title='bbox 1256 1619 1304 1642; x_wconf 84' lang='lat' dir='ltr'>Ms.</span> <span class='ocrx_word' id='word_1_364' title='bbox 1322 1627 1327 1642; x_wconf 86' lang='grc'>’.</span> <span class='ocrx_word' id='word_1_365' title='bbox 1346 1627 1356 1641; x_wconf 77' lang='grc'>(1</span> <span class='ocrx_word' id='word_1_366' title='bbox 1375 1619 1421 1642; x_wconf 78' lang='lat' dir='ltr'>[eri</span> <span class='ocrx_word' id='word_1_367' title='bbox 1438 1628 1459 1641; x_wconf 79' lang='grc'>1).</span> <span class='ocrx_word' id='word_1_368' title='bbox 1483 1618 1641 1649; x_wconf 83' lang='lat' dir='ltr'>Dcsignatur</span> <span class='ocrx_word' id='word_1_369' title='bbox 1655 1619 1787 1642; x_wconf 80' lang='lat' dir='ltr'>Johannes</span> <span class='ocrx_word' id='word_1_370' title='bbox 1804 1619 1834 1642; x_wconf 84' lang='lat' dir='ltr'>de</span> <span class='ocrx_word' id='word_1_371' title='bbox 1853 1619 2024 1643; x_wconf 78' lang='lat' dir='ltr'>Jenzcnstein.</span> <span class='ocrx_word' id='word_1_372' title='bbox 2043 1633 2073 1637; x_wconf 78' lang='lat'>—</span> 
     </span>
     <span class='ocr_line' id='line_1_25' title="bbox 206 1663 577 1687; baseline 0.003 -1"><span class='ocrx_word' id='word_1_373' title='bbox 206 1664 229 1687; x_wconf 86' lang='grc'>6.</span> <span class='ocrx_word' id='word_1_374' title='bbox 246 1663 294 1687; x_wconf 88' lang='lat' dir='ltr'>Ms.</span> <span class='ocrx_word' id='word_1_375' title='bbox 311 1671 316 1686; x_wconf 70' lang='grc' dir='ltr'>ε</span> <span class='ocrx_word' id='word_1_376' title='bbox 332 1673 344 1684; x_wconf 77' lang='grc' dir='ltr'><em>α</em></span> <span class='ocrx_word' id='word_1_377' title='bbox 362 1663 539 1687; x_wconf 79' lang='lat' dir='ltr'>Frabenforde</span> <span class='ocrx_word' id='word_1_378' title='bbox 555 1673 577 1687; x_wconf 68' lang='grc' dir='ltr'>υ,</span> 
     </span>
    </p>
   </div>
   <div class='ocr_carea' id='block_1_5' title="bbox 212 1780 2072 1876">
    <p class='ocr_par' dir='ltr' id='par_1_7' title="bbox 212 1780 2072 1876">
     <span class='ocr_line' id='line_1_26' title="bbox 212 1780 2072 1827; baseline -0.001 -9"><span class='ocrx_word' id='word_1_379' title='bbox 212 1780 353 1818; x_wconf 78' lang='grc'><strong>1643.</strong></span> <span class='ocrx_word' id='word_1_380' title='bbox 380 1790 505 1816; x_wconf 84' lang='lat' dir='ltr'>Clemens</span> <span class='ocrx_word' id='word_1_381' title='bbox 527 1792 577 1817; x_wconf 91' lang='lat' dir='ltr'>VII</span> <span class='ocrx_word' id='word_1_382' title='bbox 591 1791 737 1825; x_wconf 76' lang='lat' dir='ltr'>magistris</span> <span class='ocrx_word' id='word_1_383' title='bbox 754 1794 780 1816; x_wconf 83' lang='lat' dir='ltr'>et</span> <span class='ocrx_word' id='word_1_384' title='bbox 798 1791 978 1817; x_wconf 80' lang='lat' dir='ltr'>baccalareis</span> <span class='ocrx_word' id='word_1_385' title='bbox 995 1790 1078 1817; x_wconf 79' lang='lat' dir='ltr'>theol.</span> <span class='ocrx_word' id='word_1_386' title='bbox 1099 1790 1201 1825; x_wconf 80' lang='lat' dir='ltr'>facult.</span> <span class='ocrx_word' id='word_1_387' title='bbox 1220 1791 1314 1816; x_wconf 80' lang='lat' dir='ltr'>Paris.</span> <span class='ocrx_word' id='word_1_388' title='bbox 1332 1790 1432 1815; x_wconf 79' lang='lat' dir='ltr'>scribit</span> <span class='ocrx_word' id='word_1_389' title='bbox 1445 1789 1480 1815; x_wconf 86' lang='lat' dir='ltr'>de</span> <span class='ocrx_word' id='word_1_390' title='bbox 1495 1790 1622 1815; x_wconf 81' lang='lat' dir='ltr'>sinistris</span> <span class='ocrx_word' id='word_1_391' title='bbox 1639 1799 1713 1825; x_wconf 82' lang='lat' dir='ltr'>quae</span> <span class='ocrx_word' id='word_1_392' title='bbox 1726 1790 1761 1816; x_wconf 84' lang='lat' dir='ltr'>de</span> <span class='ocrx_word' id='word_1_393' title='bbox 1777 1791 1948 1825; x_wconf 78' lang='lat' dir='ltr'>quibusdam</span> <span class='ocrx_word' id='word_1_394' title='bbox 1964 1800 2072 1827; x_wconf 74' lang='lat' dir='ltr'>suppo-</span> 
     </span>
     <span class='ocr_line' id='line_1_27' title="bbox 296 1839 1415 1876; baseline 0 -12"><span class='ocrx_word' id='word_1_395' title='bbox 296 1839 361 1865; x_wconf 85' lang='lat' dir='ltr'>sitis</span> <span class='ocrx_word' id='word_1_396' title='bbox 376 1841 433 1873; x_wconf 87' lang='lat' dir='ltr'>fac.</span> <span class='ocrx_word' id='word_1_397' title='bbox 452 1839 572 1870; x_wconf 78' lang='lat' dir='ltr'>audivit,</span> <span class='ocrx_word' id='word_1_398' title='bbox 589 1848 692 1876; x_wconf 80' lang='lat' dir='ltr'>eosque</span> <span class='ocrx_word' id='word_1_399' title='bbox 706 1839 874 1866; x_wconf 75' lang='lat' dir='ltr'>exhortatur</span> <span class='ocrx_word' id='word_1_400' title='bbox 889 1840 929 1865; x_wconf 87' lang='lat' dir='ltr'>ad</span> <span class='ocrx_word' id='word_1_401' title='bbox 941 1839 1179 1876; x_wconf 77' lang='lat' dir='ltr'>perseverandum</span> <span class='ocrx_word' id='word_1_402' title='bbox 1195 1839 1223 1865; x_wconf 80' lang='lat' dir='ltr'>in</span> <span class='ocrx_word' id='word_1_403' title='bbox 1241 1839 1415 1865; x_wconf 80' lang='lat' dir='ltr'>obedientia.</span> 
     </span>
    </p>
   </div>
   <div class='ocr_carea' id='block_1_6' title="bbox 1383 1923 1789 1953">
    <p class='ocr_par' dir='ltr' id='par_1_8' title="bbox 1383 1923 1789 1953">
     <span class='ocr_line' id='line_1_28' title="bbox 1383 1923 1789 1953; baseline 0 -4"><span class='ocrx_word' id='word_1_404' title='bbox 1383 1924 1454 1953; x_wconf 81' lang='grc'><strong>1381,</strong></span> <span class='ocrx_word' id='word_1_405' title='bbox 1473 1923 1589 1949; x_wconf 74' lang='lat' dir='ltr'>Octobris</span> <span class='ocrx_word' id='word_1_406' title='bbox 1600 1924 1644 1953; x_wconf 74' lang='lat'>26,</span> <span class='ocrx_word' id='word_1_407' title='bbox 1660 1924 1789 1950; x_wconf 73' lang='lat' dir='ltr'>Arenione.</span> 
     </span>
    </p>
   </div>
   <div class='ocr_carea' id='block_1_7' title="bbox 210 2007 2076 2851">
    <p class='ocr_par' dir='ltr' id='par_1_9' title="bbox 210 2007 2076 2851">
     <span class='ocr_line' id='line_1_29' title="bbox 299 2007 2073 2053; baseline 0 -12"><span class='ocrx_word' id='word_1_408' title='bbox 299 2007 470 2041; x_wconf 86' lang='lat' dir='ltr'>Clemens</span> <span class='ocrx_word' id='word_1_409' title='bbox 493 2008 688 2053; x_wconf 90' lang='lat' dir='ltr'>episcopus</span> <span class='ocrx_word' id='word_1_410' title='bbox 718 2020 847 2041; x_wconf 87' lang='lat' dir='ltr'>servus</span> <span class='ocrx_word' id='word_1_411' title='bbox 878 2021 1064 2041; x_wconf 86' lang='lat' dir='ltr'>servorum</span> <span class='ocrx_word' id='word_1_412' title='bbox 1097 2009 1163 2041; x_wconf 91' lang='lat' dir='ltr'>Dei</span> <span class='ocrx_word' id='word_1_413' title='bbox 1189 2008 1332 2040; x_wconf 85' lang='lat' dir='ltr'>dilectis</span> <span class='ocrx_word' id='word_1_414' title='bbox 1358 2007 1442 2040; x_wconf 86' lang='lat' dir='ltr'>filiis</span> <span class='ocrx_word' id='word_1_415' title='bbox 1471 2008 1654 2052; x_wconf 82' lang='lat' dir='ltr'>magistris</span> <span class='ocrx_word' id='word_1_416' title='bbox 1681 2014 1715 2040; x_wconf 88' lang='lat' dir='ltr'>et</span> <span class='ocrx_word' id='word_1_417' title='bbox 1741 2007 1943 2040; x_wconf 85' lang='lat' dir='ltr'>bacallariis</span> <span class='ocrx_word' id='word_1_418' title='bbox 1974 2008 2073 2041; x_wconf 89' lang='lat' dir='ltr'>theo-</span> 
     </span>
     <span class='ocr_line' id='line_1_30' title="bbox 210 2073 2072 2119; baseline 0.001 -13"><span class='ocrx_word' id='word_1_419' title='bbox 210 2073 329 2119; x_wconf 85' lang='lat' dir='ltr'>logice</span> <span class='ocrx_word' id='word_1_420' title='bbox 359 2074 537 2107; x_wconf 84' lang='lat' dir='ltr'>facultatis</span> <span class='ocrx_word' id='word_1_421' title='bbox 570 2075 681 2107; x_wconf 89' lang='lat' dir='ltr'>studii</span> <span class='ocrx_word' id='word_1_422' title='bbox 716 2075 947 2116; x_wconf 71' lang='lat' dir='ltr'>parisiensis,</span> <span class='ocrx_word' id='word_1_423' title='bbox 979 2075 1130 2108; x_wconf 89' lang='lat' dir='ltr'>salutem</span> <span class='ocrx_word' id='word_1_424' title='bbox 1166 2081 1200 2107; x_wconf 92' lang='lat' dir='ltr'>et</span> <span class='ocrx_word' id='word_1_425' title='bbox 1234 2074 1467 2119; x_wconf 86' lang='lat' dir='ltr'>apostolicam</span> <span class='ocrx_word' id='word_1_426' title='bbox 1498 2073 1802 2106; x_wconf 84' lang='lat' dir='ltr'>benedictionem.</span> <span class='ocrx_word' id='word_1_427' title='bbox 1835 2074 1963 2107; x_wconf 89' lang='lat' dir='ltr'>Dilecti</span> <span class='ocrx_word' id='word_1_428' title='bbox 1995 2075 2072 2116; x_wconf 86' lang='lat' dir='ltr'>filii,</span> 
     </span>
     <span class='ocr_line' id='line_1_31' title="bbox 211 2140 2071 2186; baseline 0.001 -13"><span class='ocrx_word' id='word_1_429' title='bbox 211 2140 369 2174; x_wconf 91' lang='lat' dir='ltr'>vidimus</span> <span class='ocrx_word' id='word_1_430' title='bbox 391 2140 561 2173; x_wconf 88' lang='lat' dir='ltr'>dilectum</span> <span class='ocrx_word' id='word_1_431' title='bbox 580 2141 692 2173; x_wconf 90' lang='lat' dir='ltr'>filium</span> <span class='ocrx_word' id='word_1_432' title='bbox 714 2141 913 2174; x_wconf 91' lang='lat' dir='ltr'>Johannem</span> <span class='ocrx_word' id='word_1_433' title='bbox 936 2141 1094 2182; x_wconf 87' lang='lat' dir='ltr'>Alardi¹,</span> <span class='ocrx_word' id='word_1_434' title='bbox 1117 2141 1203 2174; x_wconf 90' lang='lat' dir='ltr'>Ord.</span> <span class='ocrx_word' id='word_1_435' title='bbox 1223 2143 1494 2181; x_wconf 82' lang='lat' dir='ltr'>Premonstrat.,</span> <span class='ocrx_word' id='word_1_436' title='bbox 1514 2140 1724 2185; x_wconf 81' lang='lat' dir='ltr'>magistrum</span> <span class='ocrx_word' id='word_1_437' title='bbox 1748 2140 1783 2172; x_wconf 94' lang='lat' dir='ltr'>in</span> <span class='ocrx_word' id='word_1_438' title='bbox 1810 2152 1909 2173; x_wconf 89' lang='lat' dir='ltr'>sacra</span> <span class='ocrx_word' id='word_1_439' title='bbox 1930 2141 2071 2186; x_wconf 78' lang='lat' dir='ltr'>pagina,</span> 
     </span>
     <span class='ocr_line' id='line_1_32' title="bbox 212 2206 2073 2253; baseline 0.001 -14"><span class='ocrx_word' id='word_1_440' title='bbox 212 2207 441 2252; x_wconf 86' lang='lat' dir='ltr'>presencium</span> <span class='ocrx_word' id='word_1_441' title='bbox 465 2207 692 2252; x_wconf 81' lang='lat' dir='ltr'>portitorem,</span> <span class='ocrx_word' id='word_1_442' title='bbox 714 2214 748 2240; x_wconf 91' lang='lat' dir='ltr'>et</span> <span class='ocrx_word' id='word_1_443' title='bbox 768 2208 905 2240; x_wconf 83' lang='lat' dir='ltr'>litteras</span> <span class='ocrx_word' id='word_1_444' title='bbox 927 2220 1016 2252; x_wconf 90' lang='lat' dir='ltr'>quas</span> <span class='ocrx_word' id='word_1_445' title='bbox 1037 2208 1202 2253; x_wconf 78' lang='lat' dir='ltr'>portavit,</span> <span class='ocrx_word' id='word_1_446' title='bbox 1222 2220 1260 2240; x_wconf 89' lang='lat' dir='ltr'>ac</span> <span class='ocrx_word' id='word_1_447' title='bbox 1282 2207 1484 2239; x_wconf 87' lang='lat' dir='ltr'>audivimus</span> <span class='ocrx_word' id='word_1_448' title='bbox 1506 2213 1541 2238; x_wconf 88' lang='lat' dir='ltr'>et</span> <span class='ocrx_word' id='word_1_449' title='bbox 1561 2206 1806 2239; x_wconf 85' lang='lat' dir='ltr'>intelleximus</span> <span class='ocrx_word' id='word_1_450' title='bbox 1827 2207 1944 2251; x_wconf 89' lang='lat' dir='ltr'>ipsum</span> <span class='ocrx_word' id='word_1_451' title='bbox 1968 2207 2073 2252; x_wconf 88' lang='lat' dir='ltr'>plene</span> 
     </span>
     <span class='ocr_line' id='line_1_33' title="bbox 211 2272 2074 2319; baseline 0 -13"><span class='ocrx_word' id='word_1_452' title='bbox 211 2274 346 2318; x_wconf 87' lang='lat' dir='ltr'>pariter</span> <span class='ocrx_word' id='word_1_453' title='bbox 368 2280 402 2306; x_wconf 87' lang='lat' dir='ltr'>et</span> <span class='ocrx_word' id='word_1_454' title='bbox 423 2280 603 2319; x_wconf 87' lang='lat' dir='ltr'>pergrate.</span> <span class='ocrx_word' id='word_1_455' title='bbox 627 2275 670 2307; x_wconf 83' lang='lat' dir='ltr'>Et</span> <span class='ocrx_word' id='word_1_456' title='bbox 690 2274 849 2318; x_wconf 87' lang='lat' dir='ltr'>quidem,</span> <span class='ocrx_word' id='word_1_457' title='bbox 870 2274 992 2307; x_wconf 89' lang='lat' dir='ltr'>dilecti</span> <span class='ocrx_word' id='word_1_458' title='bbox 1013 2274 1089 2315; x_wconf 87' lang='lat' dir='ltr'>filii,</span> <span class='ocrx_word' id='word_1_459' title='bbox 1109 2281 1146 2307; x_wconf 85' lang='lat' dir='ltr'>ut</span> <span class='ocrx_word' id='word_1_460' title='bbox 1168 2286 1266 2306; x_wconf 87' lang='lat' dir='ltr'>more</span> <span class='ocrx_word' id='word_1_461' title='bbox 1289 2273 1337 2318; x_wconf 91' lang='lat' dir='ltr'>pii</span> <span class='ocrx_word' id='word_1_462' title='bbox 1360 2273 1470 2317; x_wconf 88' lang='lat' dir='ltr'>patris</span> <span class='ocrx_word' id='word_1_463' title='bbox 1487 2272 1673 2305; x_wconf 85' lang='lat' dir='ltr'>vobiscum</span> <span class='ocrx_word' id='word_1_464' title='bbox 1692 2273 1809 2305; x_wconf 88' lang='lat' dir='ltr'>omnia</span> <span class='ocrx_word' id='word_1_465' title='bbox 1832 2274 2074 2315; x_wconf 85' lang='lat' dir='ltr'>conferamus,</span> 
     </span>
     <span class='ocr_line' id='line_1_34' title="bbox 211 2339 2074 2385; baseline 0.001 -13"><span class='ocrx_word' id='word_1_466' title='bbox 211 2351 394 2385; x_wconf 89' lang='lat' dir='ltr'>nunquam</span> <span class='ocrx_word' id='word_1_467' title='bbox 427 2340 470 2373; x_wconf 91' lang='lat' dir='ltr'>de</span> <span class='ocrx_word' id='word_1_468' title='bbox 506 2340 611 2373; x_wconf 88' lang='lat' dir='ltr'>vobis</span> <span class='ocrx_word' id='word_1_469' title='bbox 639 2341 676 2373; x_wconf 91' lang='lat' dir='ltr'>in</span> <span class='ocrx_word' id='word_1_470' title='bbox 707 2341 879 2374; x_wconf 89' lang='lat' dir='ltr'>universo</span> <span class='ocrx_word' id='word_1_471' title='bbox 910 2341 1097 2373; x_wconf 86' lang='lat' dir='ltr'>sinistrum</span> <span class='ocrx_word' id='word_1_472' title='bbox 1133 2340 1327 2385; x_wconf 82' lang='lat' dir='ltr'>quidquam</span> <span class='ocrx_word' id='word_1_473' title='bbox 1361 2339 1565 2372; x_wconf 87' lang='lat' dir='ltr'>audivimus</span> <span class='ocrx_word' id='word_1_474' title='bbox 1596 2351 1660 2371; x_wconf 88' lang='lat' dir='ltr'>nec</span> <span class='ocrx_word' id='word_1_475' title='bbox 1692 2339 1728 2371; x_wconf 91' lang='lat' dir='ltr'>in</span> <span class='ocrx_word' id='word_1_476' title='bbox 1759 2339 1929 2372; x_wconf 81' lang='lat' dir='ltr'>universo</span> <span class='ocrx_word' id='word_1_477' title='bbox 1955 2348 2074 2374; x_wconf 90' lang='lat' dir='ltr'>vestra</span> 
     </span>
     <span class='ocr_line' id='line_1_35' title="bbox 211 2399 2074 2452; baseline 0 -13"><span class='ocrx_word' id='word_1_478' title='bbox 211 2399 361 2439; x_wconf 80' lang='lat' dir='ltr'>facultas</span> <span class='ocrx_word' id='word_1_479' title='bbox 382 2407 478 2451; x_wconf 90' lang='lat' dir='ltr'>apud</span> <span class='ocrx_word' id='word_1_480' title='bbox 499 2418 566 2439; x_wconf 92' lang='lat' dir='ltr'>nos</span> <span class='ocrx_word' id='word_1_481' title='bbox 588 2407 654 2439; x_wconf 87' lang='lat' dir='ltr'>suit</span> <span class='ocrx_word' id='word_1_482' title='bbox 674 2419 737 2452; x_wconf 89' lang='lat' dir='ltr'>per</span> <span class='ocrx_word' id='word_1_483' title='bbox 758 2407 960 2452; x_wconf 83' lang='lat' dir='ltr'>quempiam</span> <span class='ocrx_word' id='word_1_484' title='bbox 984 2407 1172 2440; x_wconf 80' lang='lat' dir='ltr'>diffamata.</span> <span class='ocrx_word' id='word_1_485' title='bbox 1191 2408 1325 2440; x_wconf 77' lang='lat' dir='ltr'>Verum</span> <span class='ocrx_word' id='word_1_486' title='bbox 1348 2412 1415 2446; x_wconf 81' lang='lat' dir='ltr'>est,</span> <span class='ocrx_word' id='word_1_487' title='bbox 1439 2412 1473 2438; x_wconf 87' lang='lat' dir='ltr'>et</span> <span class='ocrx_word' id='word_1_488' title='bbox 1492 2404 1596 2438; x_wconf 82' lang='lat' dir='ltr'>vobis</span> <span class='ocrx_word' id='word_1_489' title='bbox 1618 2405 1653 2437; x_wconf 90' lang='lat' dir='ltr'>id</span> <span class='ocrx_word' id='word_1_490' title='bbox 1683 2405 1914 2450; x_wconf 87' lang='lat' dir='ltr'>paternaliter</span> <span class='ocrx_word' id='word_1_491' title='bbox 1935 2407 2074 2440; x_wconf 85' lang='lat' dir='ltr'>intima-</span> 
     </span>
     <span class='ocr_line' id='line_1_36' title="bbox 212 2471 2075 2518; baseline 0 -12"><span class='ocrx_word' id='word_1_492' title='bbox 212 2485 306 2514; x_wconf 88' lang='lat' dir='ltr'>mus,</span> <span class='ocrx_word' id='word_1_493' title='bbox 328 2473 425 2518; x_wconf 89' lang='lat' dir='ltr'>quod</span> <span class='ocrx_word' id='word_1_494' title='bbox 447 2473 491 2506; x_wconf 89' lang='lat' dir='ltr'>de</span> <span class='ocrx_word' id='word_1_495' title='bbox 514 2473 702 2506; x_wconf 88' lang='lat' dir='ltr'>nonnullis</span> <span class='ocrx_word' id='word_1_496' title='bbox 724 2474 1023 2518; x_wconf 72' lang='lat' dir='ltr'>particularibus²</span> <span class='ocrx_word' id='word_1_497' title='bbox 1044 2473 1222 2506; x_wconf 83' lang='lat' dir='ltr'>facultatis</span> <span class='ocrx_word' id='word_1_498' title='bbox 1244 2473 1359 2517; x_wconf 89' lang='lat' dir='ltr'>ipsius</span> <span class='ocrx_word' id='word_1_499' title='bbox 1382 2472 1611 2517; x_wconf 85' lang='lat' dir='ltr'>percepimus</span> <span class='ocrx_word' id='word_1_500' title='bbox 1632 2471 1750 2516; x_wconf 89' lang='lat' dir='ltr'>aliqua</span> <span class='ocrx_word' id='word_1_501' title='bbox 1771 2479 1986 2517; x_wconf 87' lang='lat' dir='ltr'>attemptata,</span> <span class='ocrx_word' id='word_1_502' title='bbox 2007 2486 2075 2518; x_wconf 88' lang='lat' dir='ltr'>que</span> 
     </span>
     <span class='ocr_line' id='line_1_37' title="bbox 212 2537 2074 2584; baseline 0 -12"><span class='ocrx_word' id='word_1_503' title='bbox 212 2551 278 2572; x_wconf 89' lang='lat' dir='ltr'>nee</span> <span class='ocrx_word' id='word_1_504' title='bbox 300 2546 463 2572; x_wconf 88' lang='lat' dir='ltr'>nostrum</span> <span class='ocrx_word' id='word_1_505' title='bbox 482 2546 517 2572; x_wconf 87' lang='lat' dir='ltr'>et</span> <span class='ocrx_word' id='word_1_506' title='bbox 537 2546 659 2572; x_wconf 88' lang='lat' dir='ltr'>sancte</span> <span class='ocrx_word' id='word_1_507' title='bbox 682 2540 1011 2584; x_wconf 85' lang='lat' dir='ltr'>Romaneecclesie</span> <span class='ocrx_word' id='word_1_508' title='bbox 1029 2540 1099 2583; x_wconf 86' lang='lat' dir='ltr'>(cui</span> <span class='ocrx_word' id='word_1_509' title='bbox 1120 2540 1204 2572; x_wconf 83' lang='lat' dir='ltr'>licet</span> <span class='ocrx_word' id='word_1_510' title='bbox 1224 2539 1391 2573; x_wconf 88' lang='lat' dir='ltr'>immeriti</span> <span class='ocrx_word' id='word_1_511' title='bbox 1414 2538 1653 2584; x_wconf 85' lang='lat' dir='ltr'>presidemus)</span> <span class='ocrx_word' id='word_1_512' title='bbox 1670 2537 1844 2583; x_wconf 86' lang='lat' dir='ltr'>honorem</span> <span class='ocrx_word' id='word_1_513' title='bbox 1863 2540 2074 2584; x_wconf 82' lang='lat' dir='ltr'>respiciunt,</span> 
     </span>
     <span class='ocr_line' id='line_1_38' title="bbox 212 2604 2075 2649; baseline 0.001 -11"><span class='ocrx_word' id='word_1_514' title='bbox 212 2617 278 2638; x_wconf 90' lang='lat' dir='ltr'>nec</span> <span class='ocrx_word' id='word_1_515' title='bbox 306 2606 448 2638; x_wconf 88' lang='lat' dir='ltr'>laudem</span> <span class='ocrx_word' id='word_1_516' title='bbox 477 2606 657 2639; x_wconf 84' lang='lat' dir='ltr'>facultatis</span> <span class='ocrx_word' id='word_1_517' title='bbox 677 2613 798 2640; x_wconf 89' lang='lat' dir='ltr'>vestre</span> <span class='ocrx_word' id='word_1_518' title='bbox 819 2613 1055 2639; x_wconf 87' lang='lat' dir='ltr'>concernunt.</span> <span class='ocrx_word' id='word_1_519' title='bbox 1086 2608 1129 2639; x_wconf 80' lang='lat' dir='ltr'>Et</span> <span class='ocrx_word' id='word_1_520' title='bbox 1157 2606 1241 2638; x_wconf 88' lang='lat' dir='ltr'>licet</span> <span class='ocrx_word' id='word_1_521' title='bbox 1268 2605 1347 2638; x_wconf 86' lang='lat' dir='ltr'>talia</span> <span class='ocrx_word' id='word_1_522' title='bbox 1377 2605 1449 2637; x_wconf 88' lang='lat' dir='ltr'>sint</span> <span class='ocrx_word' id='word_1_523' title='bbox 1475 2604 1603 2636; x_wconf 76' lang='lat' dir='ltr'>merito</span> <span class='ocrx_word' id='word_1_524' title='bbox 1625 2605 1900 2649; x_wconf 80' lang='lat' dir='ltr'>compescenda,</span> <span class='ocrx_word' id='word_1_525' title='bbox 1923 2606 2075 2639; x_wconf 86' lang='lat' dir='ltr'>nichilo-</span> 
     </span>
     <span class='ocr_line' id='line_1_39' title="bbox 212 2670 2076 2718; baseline 0.001 -14"><span class='ocrx_word' id='word_1_526' title='bbox 212 2672 333 2705; x_wconf 89' lang='lat' dir='ltr'>minus</span> <span class='ocrx_word' id='word_1_527' title='bbox 355 2684 427 2705; x_wconf 93' lang='lat' dir='ltr'>non</span> <span class='ocrx_word' id='word_1_528' title='bbox 449 2672 634 2714; x_wconf 79' lang='lat' dir='ltr'>miramur,</span> <span class='ocrx_word' id='word_1_529' title='bbox 656 2686 734 2706; x_wconf 85' lang='lat' dir='ltr'>eum</span> <span class='ocrx_word' id='word_1_530' title='bbox 759 2685 846 2718; x_wconf 88' lang='lat' dir='ltr'>sepe</span> <span class='ocrx_word' id='word_1_531' title='bbox 868 2674 1054 2718; x_wconf 74' lang='lat' dir='ltr'>contingat</span> <span class='ocrx_word' id='word_1_532' title='bbox 1075 2673 1171 2718; x_wconf 87' lang='lat' dir='ltr'>quod</span> <span class='ocrx_word' id='word_1_533' title='bbox 1200 2673 1235 2704; x_wconf 93' lang='lat' dir='ltr'>in</span> <span class='ocrx_word' id='word_1_534' title='bbox 1262 2683 1389 2716; x_wconf 81' lang='lat' dir='ltr'>magna</span> <span class='ocrx_word' id='word_1_535' title='bbox 1416 2670 1518 2703; x_wconf 83' lang='lat' dir='ltr'>turba</span> <span class='ocrx_word' id='word_1_536' title='bbox 1544 2670 1689 2715; x_wconf 83' lang='lat' dir='ltr'>ingenia</span> <span class='ocrx_word' id='word_1_537' title='bbox 1716 2678 1801 2703; x_wconf 85' lang='lat' dir='ltr'>sunt</span> <span class='ocrx_word' id='word_1_538' title='bbox 1826 2671 1980 2713; x_wconf 78' lang='lat' dir='ltr'>diversa,</span> <span class='ocrx_word' id='word_1_539' title='bbox 2011 2685 2076 2705; x_wconf 84' lang='lat' dir='ltr'>nec</span> 
     </span>
     <span class='ocr_line' id='line_1_40' title="bbox 213 2737 2076 2785; baseline 0 -14"><span class='ocrx_word' id='word_1_540' title='bbox 213 2738 259 2771; x_wconf 88' lang='lat' dir='ltr'>ob</span> <span class='ocrx_word' id='word_1_541' title='bbox 280 2751 474 2783; x_wconf 89' lang='lat' dir='ltr'>paucorum</span> <span class='ocrx_word' id='word_1_542' title='bbox 499 2739 638 2772; x_wconf 83' lang='lat' dir='ltr'>facinus</span> <span class='ocrx_word' id='word_1_543' title='bbox 660 2740 737 2773; x_wconf 78' lang='lat' dir='ltr'>sive</span> <span class='ocrx_word' id='word_1_544' title='bbox 759 2740 898 2785; x_wconf 89' lang='lat' dir='ltr'>culpam</span> <span class='ocrx_word' id='word_1_545' title='bbox 922 2740 1028 2773; x_wconf 88' lang='lat' dir='ltr'>modo</span> <span class='ocrx_word' id='word_1_546' title='bbox 1049 2740 1239 2779; x_wconf 74' lang='lat' dir='ltr'>vellemus,</span> <span class='ocrx_word' id='word_1_547' title='bbox 1263 2738 1358 2783; x_wconf 87' lang='lat' dir='ltr'>quod</span> <span class='ocrx_word' id='word_1_548' title='bbox 1382 2737 1551 2770; x_wconf 88' lang='lat' dir='ltr'>universa</span> <span class='ocrx_word' id='word_1_549' title='bbox 1567 2743 1686 2770; x_wconf 85' lang='lat' dir='ltr'>vestra</span> <span class='ocrx_word' id='word_1_550' title='bbox 1706 2737 1855 2770; x_wconf 82' lang='lat' dir='ltr'>facultas</span> <span class='ocrx_word' id='word_1_551' title='bbox 1878 2750 2002 2782; x_wconf 89' lang='lat' dir='ltr'>penam</span> <span class='ocrx_word' id='word_1_552' title='bbox 2020 2740 2076 2772; x_wconf 89' lang='lat' dir='ltr'>vel</span> 
     </span>
     <span class='ocr_line' id='line_1_41' title="bbox 214 2803 2076 2851; baseline 0.001 -14"><span class='ocrx_word' id='word_1_553' title='bbox 214 2805 392 2838; x_wconf 88' lang='lat' dir='ltr'>infamiam</span> <span class='ocrx_word' id='word_1_554' title='bbox 416 2805 570 2850; x_wconf 87' lang='lat' dir='ltr'>aliquam</span> <span class='ocrx_word' id='word_1_555' title='bbox 598 2813 793 2850; x_wconf 88' lang='lat' dir='ltr'>pateretur.</span> <span class='ocrx_word' id='word_1_556' title='bbox 819 2807 1049 2851; x_wconf 89' lang='lat' dir='ltr'>Speravimus</span> <span class='ocrx_word' id='word_1_557' title='bbox 1071 2806 1165 2839; x_wconf 90' lang='lat' dir='ltr'>enim</span> <span class='ocrx_word' id='word_1_558' title='bbox 1188 2816 1343 2850; x_wconf 81' lang='lat' dir='ltr'>semper,</span> <span class='ocrx_word' id='word_1_559' title='bbox 1367 2804 1457 2836; x_wconf 89' lang='lat' dir='ltr'>sicut</span> <span class='ocrx_word' id='word_1_560' title='bbox 1480 2815 1667 2848; x_wconf 89' lang='lat' dir='ltr'>speramus</span> <span class='ocrx_word' id='word_1_561' title='bbox 1689 2803 1838 2836; x_wconf 88' lang='lat' dir='ltr'>indubie</span> <span class='ocrx_word' id='word_1_562' title='bbox 1859 2811 1893 2836; x_wconf 87' lang='lat' dir='ltr'>et</span> <span class='ocrx_word' id='word_1_563' title='bbox 1912 2811 2076 2838; x_wconf 88' lang='lat' dir='ltr'>tenemus</span> 
     </span>
    </p>
   </div>
   <div class='ocr_carea' id='block_1_8' title="bbox 214 2869 2076 2955">
    <p class='ocr_par' dir='ltr' id='par_1_10' title="bbox 214 2869 2076 2955">
     <span class='ocr_line' id='line_1_42' title="bbox 214 2869 2076 2918; baseline 0 -14"><span class='ocrx_word' id='word_1_564' title='bbox 214 2879 281 2905; x_wconf 84' lang='lat' dir='ltr'>tarn</span> <span class='ocrx_word' id='word_1_565' title='bbox 309 2884 351 2904; x_wconf 92' lang='lat' dir='ltr'>ex</span> <span class='ocrx_word' id='word_1_566' title='bbox 374 2871 527 2917; x_wconf 86' lang='lat' dir='ltr'>palpatis</span> <span class='ocrx_word' id='word_1_567' title='bbox 555 2873 783 2917; x_wconf 88' lang='lat' dir='ltr'>temporibus</span> <span class='ocrx_word' id='word_1_568' title='bbox 810 2873 1036 2918; x_wconf 89' lang='lat' dir='ltr'>retrolapsis,</span> <span class='ocrx_word' id='word_1_569' title='bbox 1059 2885 1163 2918; x_wconf 89' lang='lat' dir='ltr'>quam</span> <span class='ocrx_word' id='word_1_570' title='bbox 1190 2884 1232 2905; x_wconf 87' lang='lat' dir='ltr'>ex</span> <span class='ocrx_word' id='word_1_571' title='bbox 1257 2871 1364 2904; x_wconf 86' lang='lat' dir='ltr'>honis</span> <span class='ocrx_word' id='word_1_572' title='bbox 1389 2870 1522 2903; x_wconf 84' lang='lat' dir='ltr'>vestris</span> <span class='ocrx_word' id='word_1_573' title='bbox 1543 2870 1702 2915; x_wconf 87' lang='lat' dir='ltr'>ingeniis</span> <span class='ocrx_word' id='word_1_574' title='bbox 1728 2869 1934 2911; x_wconf 77' lang='lat' dir='ltr'>uberrimis,</span> <span class='ocrx_word' id='word_1_575' title='bbox 1961 2873 2076 2915; x_wconf 80' lang='lat' dir='ltr'>quod³</span> 
     </span>
     <span class='ocr_line' id='line_1_43' title="bbox 336 2929 1952 2955; baseline 0.003 -2"><span class='ocrx_word' id='word_1_576' title='bbox 336 2933 385 2950; x_wconf 48' lang='lat' dir='ltr'>m*</span> <span class='ocrx_word' id='word_1_577' title='bbox 402 2931 496 2954; x_wconf 79' lang='lat' dir='ltr'>Chart.</span> <span class='ocrx_word' id='word_1_578' title='bbox 521 2930 599 2954; x_wconf 74' lang='lat' dir='ltr'>Univ.</span> <span class='ocrx_word' id='word_1_579' title='bbox 616 2931 711 2955; x_wconf 75' lang='lat' dir='ltr'>Paris.</span> <span class='ocrx_word' id='word_1_580' title='bbox 731 2931 777 2955; x_wconf 88' lang='lat' dir='ltr'>m.</span> <span class='ocrx_word' id='word_1_581' title='bbox 1923 2929 1952 2951; x_wconf 67' lang='lat'>74</span> 
     </span>
    </p>
   </div>
  </div>
 </body>
</html>
