2488 3386
173 354 267 390 1383]
587 366 633 388 AB
668 366 773 388 ΑΝΝο
808 366 939 388 necet⁴
973 366 1104 394 USQUE
1139 366 1187 387 AD
1223 365 1486 388 BENEDICTUM
1522 367 1611 389 x111.
1963 358 2028 390 315

171 440 311 486 gionis¹
340 440 474 472 ibidem
502 446 722 472 consumunt
742 451 781 472 ac
811 439 888 472 loca
916 439 1058 471 illorum
1092 439 1153 483 qui
1180 439 1314 472 vellent
1344 446 1379 471 et
1407 447 1558 484 possent
1586 441 1622 472 in
1652 441 1802 473 scientia
1831 440 2027 485 proficere'

171 507 373 552 impediunt
398 507 473 540 sive
501 513 626 539 tenent
645 507 836 551 oceupata³
864 506 901 538 in
928 517 1000 538 non
1030 506 1209 538 modicum
1240 505 1430 550 dampnum
1459 513 1492 539 et
1522 506 1681 539 dedecus
1710 507 1824 540 nostri
1848 507 1997 540 Ordinis
2021 519 2028 539 ε

173 580 394 618 quapropter
420 584 487 605 nos
514 572 744 617 Raymondus
770 572 814 605 de
840 571 1043 613 Cadoena‘,
1066 572 1165 616 prior
1188 572 1301 616 major
1321 572 1574 605 Cluniacensis
1595 573 1823 617 vicariusque
1848 573 2030 618 generalis

174 640 209 672 in
230 639 481 684 spiritualibus
502 646 537 672 et
561 638 823 683 temporalibus
844 639 1035 671 reverendi
1061 638 1097 670 in
1118 637 1264 671 Christo
1287 638 1397 683 patris
1418 651 1456 671 ae
1483 639 1619 671 domini
1642 639 1777 671 domini
1797 639 1942 673 Jacobi⁵
1966 639 2030 672 Dei

174 706 286 751 gratia
308 705 446 738 abbatis
463 705 716 739 Cluniacensis
732 717 771 737 ac
789 705 962 737 diffinitor
978 705 1159 750 presentis
1176 704 1333 749 Capituli
1349 705 1531 749 generalis
1548 705 1702 738 consilio
1720 712 1755 738 et,
1770 705 2031 738 deliberatione

175 771 372 817 prehabitis
402 772 495 804 inter
525 783 591 804 nos
622 778 656 804 et
686 771 818 804 multos
848 771 938 804 alios
969 771 1165 816 religiosos
1195 777 1230 803 et
1261 770 1397 815 probos
1418 771 1462 803 de
1484 771 1621 804 Ordine
1650 778 1774 804 nostro
1802 778 1837 804 et
1866 772 2032 804 consulto

176 850 286 884 super
315 838 383 871 hoc
412 838 508 871 dicto
536 838 683 871 domino
705 837 831 870 abbate
859 838 1035 870 existente
1064 838 1100 870 in
1129 837 1462 871 Castro-Lurduni⁶
1494 850 1600 870 eausa
1628 838 1859 873 infirmitatis,
1883 838 1926 870 de
1954 839 2032 882 ejus

176 916 350 950 expresso
378 905 543 937 mandato
572 916 636 949 pro
665 904 801 937 salubri
822 905 1084 938 reformacione
1106 904 1191 937 dicti
1222 904 1369 949 collegii
1397 904 1588 937 statuendo
1611 904 1807 937 diffinimus
1829 911 1863 937 et
1890 905 2034 937 ordina—

177 983 257 1004 mus
277 971 368 1004 infra
389 971 577 1016 sequentia
597 983 603 1003 :

266 1038 385 1070 Primo
408 1038 504 1082 quod
534 1037 657 1070 nullus
685 1037 882 1082 religiosus
911 1038 971 1082 qui
1002 1037 1131 1070 debeat
1159 1037 1284 1070 audire
1314 1037 1534 1082 theologiam
1562 1038 1759 1070 secundum
1783 1038 2038 1070 ordinaciones

179 1111 321 1138 nostras
343 1104 430 1137 alias
451 1116 561 1149 super
582 1103 649 1137 hoc
671 1105 793 1144 factas,
816 1104 852 1136 in
874 1104 969 1137 dicto
987 1104 1143 1149 collegio
1161 1104 1368 1148 recipiatur,
1386 1104 1456 1136 nisi
1474 1104 1574 1149 prius
1596 1105 1817 1137 examinatus
1839 1116 1903 1149 per
1924 1104 2039 1137 domi-

180 1183 263 1204 num
286 1171 449 1204 abbatem
472 1171 633 1204 Cluniae.
651 1171 709 1204 vel
730 1183 795 1216 per
815 1171 1022 1216 deputatum
1046 1182 1110 1203 seu
1132 1170 1375 1215 deputandum
1399 1170 1442 1203 ab
1459 1182 1501 1203 eo
1524 1171 1729 1215 specialiter
1745 1171 1853 1204 suerit
1874 1178 2039 1216 repertus

180 1238 365 1271 sufficiens
385 1238 428 1270 ad
449 1237 667 1270 audiendum
692 1237 970 1282 philosophiam,
998 1237 1054 1270 vel
1075 1237 1200 1270 saltem
1223 1237 1270 1270 sit
1289 1237 1335 1269 ita
1356 1237 1577 1270 sufficienter
1597 1238 1796 1270 instructus
1817 1238 1853 1270 in
1874 1238 2041 1283 gramati-

180 1304 319 1337 calihus
347 1304 443 1348 quod
471 1305 518 1336 sit
544 1304 728 1337 sufficiens
750 1304 793 1337 ad
814 1304 1033 1336 audiendum
1056 1303 1236 1349 logicalia,
1264 1310 1298 1336 et
1325 1315 1435 1348 super
1455 1303 1522 1336 hoc
1544 1303 1703 1336 obtineat
1731 1304 1852 1337 literas
1881 1304 2042 1337 testimo-

181 1370 295 1404 niales
316 1383 334 1403 a
356 1371 451 1403 dicto
474 1370 620 1403 domino
642 1370 769 1403 abbate
791 1382 855 1403 seu
877 1371 1047 1415 deputato
1069 1370 1112 1403 ab
1134 1382 1189 1403 eo.

270 1438 313 1470 Et
333 1437 415 1481 quia
433 1448 559 1469 sumus
580 1437 802 1469 sufficienter
823 1437 1004 1470 informati
1022 1437 1132 1482 quod,
1149 1449 1191 1469 ex
1213 1449 1283 1481 quo
1306 1436 1459 1481 quilibet.
1481 1443 1533 1469 est
1556 1437 1740 1469 sufficiens
1761 1437 1978 1482 gramaticus
1999 1437 2042 1469 ad

182 1503 399 1536 audiendum
426 1503 606 1548 logicalia,
637 1504 728 1536 infra
756 1503 943 1536 biennium
973 1504 1155 1536 audiendo
1185 1503 1351 1548 logicalia
1377 1503 1485 1536 (lebet
1513 1515 1594 1536 esse
1622 1503 1806 1536 sufficiens
1833 1504 1974 1549 logicus
2000 1504 2043 1536 ad

182 1570 401 1603 audiendum
422 1569 706 1615 philosophiam3
730 1577 765 1603 et
784 1570 965 1603 audiendo
988 1570 1253 1615 philosophiam
1282 1570 1371 1602 infra
1400 1570 1594 1602 triennium
1623 1570 1730 1602 debet
1757 1582 1838 1603 esse
1860 1570 2043 1603 sufficiens

184 1636 424 1682 philosophus
445 1637 489 1669 ad
512 1637 729 1669 audiendum
759 1636 996 1680 theologiam3
1020 1644 1054 1669 et
1084 1637 1264 1669 audiendo
1288 1636 1504 1682 theologiam
1539 1649 1601 1681 per
1622 1637 1908 1682 quinquennium
1938 1637 2046 1669 debet

150 1729 152 1733 .
184 1715 266 1737 esse
287 1703 471 1737 sufficiens
492 1704 534 1736 ad
557 1704 804 1748 recipiendum
824 1703 980 1749 gradum
1004 1704 1246 1737 bacalaricltus
1267 1704 1302 1736 in
1325 1703 1524 1748 theologia;
1549 1710 1583 1736 et
1604 1710 1792 1748 postquam
1814 1704 1923 1736 fuerit
1944 1703 2046 1736 baca-

185 1770 296 1803 larius
326 1770 417 1802 infra
441 1782 462 1803 v
485 1782 599 1803 annos
621 1770 706 1803 inde
727 1777 923 1815 sequentes
944 1770 1102 1815 legendo
1124 1770 1237 1802 libros
1260 1771 1523 1803 Sententiarum
1547 1777 1582 1802 et
1601 1770 1692 1802 alios
1713 1777 1813 1802 actus
1835 1770 2046 1803 scolasticos

186 1837 409 1870 excercendo
438 1836 546 1869 (lebet
573 1849 654 1869 esse
683 1837 867 1869 sufficiens
895 1837 937 1869 ad
970 1837 1216 1881 recipiendum
1240 1837 1487 1882 magisterium
1514 1849 1520 1869 :
1548 1836 1631 1869 hinc
1653 1837 1825 1881 estquod
1847 1849 1913 1869 nos
1934 1843 2048 1869 atten-

187 1904 314 1936 dentes
341 1903 437 1948 quod
458 1903 494 1935 in
512 1903 649 1936 Ordine
666 1903 898 1937 Cluniacensi
920 1910 974 1936 est
992 1904 1118 1936 raritas
1136 1910 1170 1936 et
1186 1904 1346 1948 paucitas
1364 1903 1620 1948 religiosorum
1640 1903 1861 1936 literatorum
1881 1910 1915 1936 et
1929 1904 2047 1936 scien-

187 1969 379 2010 tificorum,
412 1976 560 2014 propter
587 1970 684 2014 quod
715 1970 903 2014 expediret
931 1970 967 2002 in
998 1970 1124 2002 eodem
1155 1970 1291 2003 Ordine
1325 1970 1520 2015 religiosos
1548 1969 1710 2002 literatos
1738 1969 1968 2014 multiplicari

191 2036 296 2069 modo
326 2036 505 2081 premisso
527 2036 717 2068 statuendo
739 2036 936 2069 diffinimus
958 2043 992 2069 et
1018 2036 1228 2069 ordinamus
1254 2037 1364 2081 quod,
1392 2048 1434 2069 ex
1462 2048 1532 2081 quo
1559 2036 1690 2081 aliquis
1719 2036 1914 2081 religiosus
1942 2036 2050 2069 fuerit

189 2109 356 2147 receptus
387 2103 423 2134 in
454 2103 549 2135 dieto
579 2102 737 2147 collegio
769 2109 806 2135 ut
835 2103 986 2135 scolaris
1017 2110 1050 2135 et
1087 2103 1268 2135 audiendo
1304 2103 1469 2148 logicalia
1500 2103 1590 2135 infra
1623 2103 1807 2135 biennium
1840 2115 1911 2135 non
1942 2104 2049 2135 fuerit

189 2176 355 2214 repertus
377 2169 561 2201 sufficiens
582 2169 625 2201 ad
646 2169 864 2201 audiendum
888 2169 1167 2214 philosophiam,
1193 2176 1227 2202 et
1251 2169 1432 2202 audiendo
1455 2169 1719 2214 philosophiam
1742 2170 1832 2202 infra
1853 2170 2047 2202 triennium

190 2248 261 2268 non
282 2236 390 2268 suerit
412 2242 578 2280 repertus
601 2236 785 2268 sufficiens
806 2236 850 2268 ad
871 2236 1089 2268 audiendum
1112 2236 1346 2281 theologiam,
1365 2243 1399 2268 et
1419 2236 1600 2268 audiendo
1622 2235 1839 2280 theologiam
1863 2248 1926 2280 per
1949 2236 2048 2281 quin-

190 2302 386 2347 quennium
410 2314 480 2334 non
498 2303 607 2335 fuerit
627 2309 792 2347 repertus
815 2302 998 2335 sufficiens
1020 2303 1061 2335 ad
1085 2303 1332 2347 recipiendum
1354 2302 1505 2347 gradum
1527 2302 1777 2335 bacallariatus
1798 2302 1834 2334 in
1851 2302 2046 2347 theologia,

190 2375 283 2401 etex
297 2381 368 2414 quo
386 2369 565 2414 receperit
580 2369 730 2413 gradum
750 2369 1000 2401 bacallariatus
1018 2369 1108 2401 insra
1125 2370 1337 2401 V111⁷annos
1354 2369 1438 2401 inde
1453 2375 1649 2413 sequentes
1671 2368 1826 2413 legendo
1845 2370 2049 2402 Sententias

191 2442 226 2468 et
245 2435 336 2468 alios
357 2424 457 2468 actus
478 2435 691 2468 scolasticos
717 2436 941 2468 excercendo
964 2442 1160 2468 consuetos
1182 2448 1253 2468 non
1279 2436 1387 2468 suerit
1413 2442 1579 2480 repertus
1600 2435 1784 2468 sufficiens
1805 2436 1848 2468 ad
1874 2436 2050 2480 recipien-

192 2502 275 2534 dum
304 2502 565 2546 magisterium,
590 2502 648 2535 vel
675 2502 833 2534 noluerit
857 2509 917 2534 aut
937 2514 1008 2534 non
1027 2502 1185 2546 potuerit
1211 2508 1359 2546 propter
1379 2502 1688 2542 insufficieneiam,
1716 2501 1879 2546 quolibet
1903 2514 2048 2534 casuum

194 2568 452 2612 premissorum
476 2569 523 2601 sit
544 2569 703 2613 privatus
725 2580 788 2601 sua
810 2569 986 2613 pensione
1008 2575 1042 2601 et
1064 2568 1258 2613 repellatur
1278 2581 1295 2601 a
1318 2568 1412 2600 dicto
1434 2568 1603 2612 collegio,
1622 2575 1656 2601 et
1677 2568 1720 2600 ad
1741 2569 1963 2600 mansionem
1986 2580 2050 2601 seu

193 2634 388 2667 claustrum
411 2635 506 2667 unde
530 2635 726 2680 recipiebat
748 2635 961 2680 pensionem
985 2642 1197 2676 revertatur,
1220 2641 1255 2667 et
1274 2635 1365 2667 alius
1387 2634 1538 2667 scolaris
1562 2634 1641 2667 loco
1663 2635 1779 2679 ipsius
1800 2635 1836 2666 111
1861 2635 1955 2667 dieto
1976 2635 2050 2667 col-

194 2700 290 2745 legio
312 2701 545 2746 subrogetur.
569 2702 604 2734 Si
626 2709 742 2734 autem
763 2702 894 2747 aliquis
916 2702 960 2734 de
985 2702 1090 2734 dietis
1117 2701 1319 2734 scolaribus
1348 2701 1594 2746 magisterium
1624 2701 1659 2733 in
1686 2701 1868 2745 theologia
1895 2701 1930 2733 in
1957 2701 2051 2733 dieto

194 2767 351 2812 collegio
380 2769 569 2812 receperit,
591 2769 648 2801 vel
673 2770 745 2813 jam
775 2769 819 2801 (le
850 2769 1010 2813 presenti
1039 2769 1186 2813 recepit,
1218 2780 1281 2813 per
1307 2768 1398 2800 duos
1432 2768 1612 2800 dumtaxat
1638 2779 1752 2800 annos
1778 2767 1910 2799 ibidem
1938 2767 2054 2811 possit

197 2833 357 2878 regendo
376 2846 560 2867 remanere
580 2841 614 2867 et
630 2835 843 2879 pensionem
861 2841 1068 2867 consuetam
1088 2835 1268 2879 recipere;
1285 2834 1417 2879 quibus
1435 2834 1567 2878 elapsis
1586 2840 1784 2866 revertatur
1799 2834 1842 2865 ad
1859 2833 2051 2865 claustrum

197 2911 260 2932 seu
283 2901 505 2933 mansionem
533 2901 628 2933 unde
657 2901 855 2946 recipiebat
884 2902 1110 2946 pensionem,
1134 2908 1172 2934 ut
1203 2901 1252 2933 ibi
1280 2901 1473 2941 deserviat,
1497 2900 1591 2932 unde
1621 2899 1844 2943 temporibus
1872 2899 2054 2943 preteritis
