2488 3386
434 316 498 348 394
1003 324 1319 347 CHARTULARIUM
1353 324 1543 346 uxivssns.
1582 323 1709 344 maii-3.
2195 306 2294 343 [1385

526 399 602 422 Arch.
620 400 676 423 Vnt.
691 400 799 422 Collcet.
816 403 844 422 n0
861 401 915 426 440,
932 400 976 423 fol.
990 400 1070 423 48-54.

525 492 547 514 1.
563 492 637 519 Quod
658 500 707 514 non
732 492 837 515 omnino
861 500 951 515 verum
973 495 1020 519 cst,
1040 499 1099 514 nam
1114 499 1185 522 papa
1205 491 1231 513 in
1252 490 1380 521 rescripto
1397 498 1477 520 supra
1494 493 1522 512 ¹10
1542 490 1599 511 1506
1614 488 1684 511 cdito
1702 487 1901 511 deliberationis
1918 486 2105 510 Universitatis
2131 494 2177 509 seu
2199 486 2292 510 statuti

432 536 587 559 montionem
603 536 673 559 facit.
689 536 867 559 Cancellarius
883 544 1017 567 nunquam
1033 536 1065 558 ad
1081 536 1150 558 istud
1165 535 1323 566 rescriptum
1338 543 1365 557 sc
1381 536 1469 563 refert,
1484 534 1529 557 sed
1545 533 1577 556 ad
1589 533 1660 555 aliud
1674 536 1703 555 n0
1716 533 1776 555 1505
1791 531 1900 555 editum,
1913 545 1944 549 —
1955 532 1978 554 2.
1990 532 2037 554 Ms.
2052 539 2057 554 ·.
2076 531 2255 562 «rescriptum
2269 540 2290 554 ».

430 594 459 597 —
475 581 498 603 3.
517 580 639 611 Sequitur
657 580 682 603 in
701 584 752 603 ms⁰
767 581 810 603 sol.
827 582 900 603 54-55
919 581 1051 603 Statutum
1069 579 1254 603 Universitatis
1273 587 1353 610 supra
1371 583 1399 601 11⁰
1415 579 1475 601 1504
1491 578 1598 606 editum,
1615 577 1647 599 ad
1663 577 1732 608 quod
1750 576 1924 599 cancellarius
1940 576 2036 598 iterum
2053 575 2201 607 iterumque
2218 576 2290 598 card.

430 624 639 647 commissarium
660 625 776 652 remittit,
793 628 818 648 et
835 625 939 656 quidem
959 625 1008 648 sub
1028 624 1133 647 rubrica
1150 632 1154 647 z
1173 633 1184 647 (t
1203 624 1353 655 Sequuntur
1377 625 1541 653 attemptata,
1567 622 1598 644 de
1618 621 1714 652 quibus
1737 620 1859 652 superius
1887 621 1916 643 fit
1944 620 2039 643 mentio
2062 623 2122 643 ante
2142 623 2290 651 presentem

430 668 500 692 litem
517 672 542 692 et
555 669 748 692 commissionis
764 670 826 700 (Iey.
844 669 1064 698 commissionem)
1080 669 1154 691 vobis
1174 670 1267 691 suctum
1284 668 1434 691 innovatum
1451 667 1511 697 (leq.
1526 666 1684 692 inchoatam)
1700 675 1724 688 ι».

438 876 576 913 1516.
603 886 798 911 οαησείῖαι·ιίιε
816 886 920 920 Paris„
935 886 1077 911 Johannes
1090 885 1260 919 ΒΙαησΙιιινΙ,
1281 888 1427 910 enumerat
1442 884 1611 918 gravamina
1625 884 1681 919 ipsi
1696 882 1734 909 ab
1754 883 1943 909 Universitate
1952 887 2017 918 post
2033 882 2109 909 litem
2127 883 2291 909 inchoatam

538 934 631 960 illata.

1717 968 1791 997 1385,
1807 968 1872 996 dum.
1889 968 2001 994 Parisii&

519 1057 604 1087 Item
628 1062 748 1100 preter
768 1062 802 1088 et
822 1055 913 1087 ultra
935 1055 1110 1099 premissa
1129 1054 1278 1087 facultas
1303 1054 1436 1086 arcium
1460 1065 1531 1086 non
1553 1053 1627 1086 vult
1649 1053 1838 1086 admittere
1860 1052 2085 1086 bachalarios
2105 1052 2173 1086 hoc
2193 1065 2288 1087 anno

429 1122 465 1153 in
486 1122 647 1154 examine
672 1123 802 1154 Nostre
824 1121 975 1154 Domine
1001 1121 1108 1154 solito
1136 1133 1235 1154 more
1262 1121 1483 1153 licenciatos.
1508 1121 1595 1153 Item
1617 1120 1654 1152 in
1679 1131 1788 1165 grave
1814 1120 2055 1164 prejudicium
2081 1119 2287 1154 cancellarii

428 1194 462 1220 et
482 1187 693 1220 cancellarie
714 1188 791 1232 ipsa
816 1188 964 1220 facultas
984 1188 1112 1220 artium
1134 1187 1311 1232 impedire
1338 1187 1463 1219 nititur
1484 1193 1519 1219 et.
1543 1186 1693 1231 impedit
1719 1186 1916 1219 discretum
1937 1186 2052 1219 virum
2074 1186 2286 1231 magistrum

428 1254 650 1299 Flamingum
679 1254 726 1286 du
756 1255 914 1299 Martroy
933 1253 1175 1287 bachalarium
1205 1254 1241 1286 in
1269 1253 1464 1298 theologia,
1495 1253 1555 1298 qui
1583 1253 1651 1286 sub
1677 1252 1894 1286 cancellario
1921 1253 2069 1297 incepit,
2091 1265 2156 1298 per
2175 1252 2287 1286 facul-

427 1327 530 1353 tatem
553 1320 735 1365 theologie
751 1321 824 1365 jam
845 1320 901 1353 bis
923 1320 1123 1353 solenniter
1139 1327 1194 1353 est
1213 1320 1407 1361 admissus,
1426 1327 1461 1352 et
1481 1319 1652 1352 lecturam
1674 1331 1774 1352 suam
1797 1319 1944 1364 incepit,
1963 1326 2107 1364 paratus
2125 1320 2286 1353 existens

425 1394 518 1419 stare
534 1387 608 1431 juri
629 1399 752 1419 eorum
775 1399 893 1419 coram
916 1399 1133 1432 quocunque
1149 1387 1273 1431 judice
1293 1393 1539 1431 competente:
1559 1393 1676 1419 tamen
1698 1387 1777 1419 sine
1798 1397 1907 1419 cause
1928 1386 2144 1431 cognicione
2165 1386 2283 1431 ipsum

424 1453 625 1498 impediunt
644 1453 688 1486 de
709 1454 799 1486 facto
821 1460 856 1486 et
875 1453 1051 1498 impedire
1072 1453 1249 1493 nituntur,
1274 1465 1346 1485 non
1367 1453 1531 1486 obstante
1553 1453 1649 1497 quod
1676 1460 1757 1485 ante
1783 1452 1850 1485 hoc
1872 1453 2110 1486 novissimum
2132 1453 2286 1498 impedi-

423 1526 580 1552 mentum
602 1520 680 1564 ipse
702 1532 766 1565 pro
792 1520 901 1552 certis
928 1520 1008 1552 aliis
1036 1520 1155 1553 causis
1179 1520 1290 1564 justis
1318 1526 1352 1552 et
1382 1519 1651 1564 gravaminibus
1685 1531 1748 1564 per
1773 1526 1951 1552 rectorem
1973 1519 2229 1553 Universitatis
2250 1526 2286 1553 et

421 1586 622 1619 facultatem
639 1587 767 1619 artium
788 1586 922 1630 injuste
943 1586 1052 1619 illatis
1073 1598 1112 1619 ac
1134 1586 1331 1630 majoribus
1353 1575 1422 1619 sibi
1439 1586 1708 1619 verissimiliter
1724 1586 1938 1626 inferendis,
1958 1586 2036 1631 ipse
2057 1586 2284 1620 bachalarius

423 1653 605 1697 predictus
626 1665 643 1685 a
665 1653 811 1697 prefatis
833 1659 973 1685 rectore
994 1659 1029 1685 et
1048 1653 1213 1685 facultate
1234 1653 1361 1685 artium
1383 1653 1425 1685 ad
1452 1659 1608 1685 sanctam
1632 1653 1755 1685 sedem
1778 1653 2011 1697 apostolicam
2033 1652 2281 1698 appellaverit,

422 1726 456 1751 et
476 1719 757 1764 appellacionem
779 1719 872 1751 illam
897 1719 1033 1751 eisdem
1056 1719 1305 1752 insinuaverit.

510 1787 598 1818 Item
620 1792 738 1818 rector
759 1792 793 1818 et
820 1785 969 1818 facultas
995 1786 1122 1818 artium
1152 1786 1188 1817 in
1219 1785 1327 1830 hujus
1356 1793 1526 1830 pretense
1554 1787 1826 1819 commissionis
1852 1793 2038 1831 optentum
2066 1793 2281 1831 coegerunt,

422 1859 527 1897 prout
548 1853 600 1885 eis
622 1852 808 1896 placuerit,
831 1852 1005 1896 quosdam
1028 1852 1071 1884 de
1100 1852 1282 1884 officiariis
1310 1852 1395 1885 dicti
1422 1853 1558 1885 domini
1584 1853 1791 1886 cancellarii
1819 1853 1887 1886 sub
1917 1853 2080 1898 gravium
2107 1865 2279 1898 penarum

421 1918 778 1959 comminacionibus,
806 1918 975 1951 videlicet
1001 1918 1194 1963 magistros
1220 1918 1454 1952 Guillelmum
1485 1920 1626 1952 Gorren
1660 1931 1725 1964 pro
1755 1920 1962 1960 Normanie,
1986 1919 2210 1964 Flamingum
2233 1919 2281 1953 du

421 1986 578 2029 Martroy
599 1996 662 2029 pro
689 1985 864 2025 Picardie,
895 1991 928 2017 et
954 1984 1153 2017 Johannem
1184 1985 1356 2017 Hokelem
1389 1997 1453 2030 pro
1474 1986 1607 2031 Anglie
1637 1986 1853 2019 nacionibus
1882 1986 2057 2019 examinis
2087 1987 2216 2019 artium
2244 1986 2281 2019 in

421 2037 581 2084 examine
603 2051 688 2084 dicti
710 2051 846 2084 domini
867 2051 1071 2084 cancellarii
1093 2052 1368 2093 examinatores,
1392 2059 1430 2085 ut
1451 2064 1489 2085 se
1512 2053 1689 2089 dictorpum
1712 2053 1866 2086 rectoris
1888 2060 1923 2086 et
1948 2053 2127 2086 facultatis
2152 2053 2280 2086 artium

421 2118 639 2150 ordinationi
674 2125 709 2150 et
740 2118 959 2150 correctioni
993 2118 1140 2150 omnino
1175 2118 1430 2152 submitterent
1464 2131 1575 2164 super
1604 2119 1780 2153 abusibus
1814 2120 1851 2152 in
1885 2120 2145 2153 commissione
2176 2119 2281 2154 vobis

422 2184 566 2216 domino
588 2184 759 2216 cardinali
781 2184 1012 2216 Laudunensi
1033 2185 1121 2217 facta
1144 2185 1337 2229 pretensis,
1360 2186 1390 2218 si
1421 2198 1512 2230 quos
1533 2187 1777 2227 commisisse,
1803 2187 1897 2219 sicut
1926 2187 1997 2231 ipsi
2025 2187 2078 2219 eis
2104 2186 2278 2227 obiciunt,

423 2251 680 2295 reperirentur,
705 2251 740 2283 in
767 2263 838 2283 non
861 2250 1041 2283 modicum
1064 2251 1303 2295 prejudicium
1326 2252 1463 2285 domini
1489 2253 1683 2286 cardinalis
1710 2253 1864 2298 predicti
1886 2260 1921 2286 et
1941 2253 2212 2286 commissionis
2237 2253 2280 2286 ad

423 2329 545 2349 eorum
568 2324 769 2361 requestam
792 2317 861 2349 sibi
888 2317 990 2357 facte,
1019 2324 1053 2350 et
1079 2318 1116 2350 in
1137 2318 1318 2350 notorium
1339 2330 1532 2363 gravamen
1554 2320 1670 2364 ipsius
1692 2319 1910 2359 cancellarii,
1938 2320 1981 2352 ad
2007 2331 2113 2364 quem
2136 2320 2280 2352 racione

423 2395 487 2415 sue
503 2383 715 2415 cancellarie
732 2383 853 2415 talium
870 2383 1061 2424 abusuum,
1079 2384 1109 2416 si
1131 2384 1192 2428 qui
1214 2386 1407 2429 perpetrati
1429 2386 1597 2425 fuissent,
1616 2386 1797 2431 cognicio,
1815 2386 1993 2419 correctio
2011 2393 2045 2419 et
2066 2386 2279 2419 reformacio

425 2449 529 2494 pleno
552 2456 687 2494 spectat
701 2450 796 2493 jure.

513 2516 599 2548 Item
623 2527 686 2559 per
702 2515 846 2547 modum
863 2515 930 2547 sub
948 2516 1119 2549 similium
1141 2530 1313 2562 penarum
1335 2519 1620 2552 comminacione
1637 2525 1839 2564 coegerunt
1859 2519 2069 2564 magistrum
2091 2519 2278 2552 Nicolaum

423 2582 466 2614 de
490 2581 748 2622 Vaudemonte,
772 2588 808 2613 ut
828 2581 994 2614 similiter
1014 2594 1052 2614 se
1073 2583 1300 2617 submitteret
1322 2585 1387 2617 eis.

512 2649 597 2680 Item
621 2647 786 2679 similiter
806 2659 937 2691 cogere
959 2648 1029 2680 nisi
1057 2656 1140 2681 sunt
1173 2650 1380 2695 magistrum
1403 2652 1546 2683 Petrum
1568 2651 1681 2689 Plaul,
1704 2652 1820 2696 ipsius
1843 2652 1979 2697 domini
2007 2652 2214 2685 cancellarii
2243 2652 2279 2684 in

423 2714 584 2747 examine
605 2714 731 2746 artium
759 2713 1097 2753 subcancellarium,
1123 2727 1201 2748 cum
1231 2717 1516 2750 comminacione
1544 2729 1716 2762 penarum
1746 2719 2004 2759 consimilium,
2032 2726 2073 2752 ut·
2095 2731 2134 2752 se
2160 2718 2279 2752 consi-

422 2780 554 2813 militer
575 2779 802 2812 submitteret
831 2779 895 2811 eiS.
925 2780 994 2821 Qui
1027 2788 1173 2825 propter
1202 2783 1375 2815 notoriam
1406 2783 1572 2828 injuriam
1600 2784 1815 2817 cancellario
1844 2792 1877 2818 et
1909 2769 2123 2818 cancellarie
2148 2797 2190 2818 ex
2210 2784 2278 2817 hoe

422 2853 686 2891 proventuram,
708 2852 741 2878 et
764 2852 909 2890 propter
925 2846 1177 2889 jusjurandum
1201 2849 1297 2892 quod
1319 2849 1409 2893 ipsis
1430 2850 1644 2882 cancellario
1667 2857 1701 2883 et
1721 2851 1935 2885 cancellarie
1957 2852 2024 2885 hoc
2045 2853 2162 2885 facere
2178 2853 2278 2896 jura-

542 2906 579 2927 50.
