2488 3386
856 339 1029 361 STATUTA
1065 339 1145 361 mc.
1183 340 1349 362 0001101.
1968 332 2031 365 657

170 416 198 442 et
217 415 248 440 in
263 422 329 440 casu
345 422 405 448 quo
420 414 514 439 dictus
533 413 659 440 decanus
673 413 741 439 alias
755 414 825 438 esset
846 413 1006 446 impeditus
1021 421 1073 439 nec
1088 413 1277 446 personaliter
1299 416 1391 447 posset
1412 415 1555 443 interesse.
1578 423 1629 441 nec
1651 416 1797 441 doctorem
1821 417 1957 449 reperiret
1981 417 2032 450 qui

170 464 255 490 vellet
269 471 343 489 onus
358 463 500 496 suscipere
514 462 673 488 defferendi
686 462 795 487 dictam
806 462 913 487 clavem
930 470 982 495 pro
997 462 1148 494 sigillando
1162 462 1205 487 vel
1220 462 1296 490 alias,
1311 465 1404 495 posset
1420 463 1530 489 hedello
1546 464 1588 489 vel
1606 465 1771 490 subhedello
1786 465 1911 497 generali
1925 465 2032 491 dictam

170 512 279 538 clavem
301 512 414 538 tradere
438 519 507 538 cum
525 511 696 544 juramento
715 510 750 536 de
773 510 896 536 fideliter
911 510 1123 543 readportando
1138 512 1166 536 et
1181 510 1216 536 de
1232 518 1291 536 non
1311 511 1472 544 sigillando.
1497 512 1550 537 nisi
1572 521 1629 545 que
1644 515 1714 539 tunc
1735 514 1938 539 incumberent
1953 514 2032 547 sigil-

170 561 265 587 landa.

264 648 333 671 Bibl.
348 649 438 671 Arsen.
455 647 539 670 Paris.
555 655 605 670 ms.
622 647 690 673 1121,
707 649 783 677 parte
799 647 843 675 111,
860 655 888 677 p.
904 647 957 673 117,
971 655 983 670 0
1000 648 1061 670 015ῑο
1076 647 1255 675 Cheltenham,
1270 648 1338 675 2803,
1357 647 1402 680 ih„
1420 648 1464 671 sol.
1482 648 1543 671 XLI.

264 731 287 754 1.
304 732 332 754 10
350 730 469 762 margine
483 738 488 753 :
503 739 514 753 a
530 730 609 754 etium
625 730 723 754 invitus
740 741 762 754 υ.
778 744 808 748 —-
821 732 844 754 2.
861 731 889 754 Ιο
906 730 1024 761 margine
1041 731 1173 753 variantes
1191 739 1218 754 z«
1233 731 1300 754 desit
1318 731 1384 762 elegi
1402 741 1423 760 υ,
1441 740 1451 754 (t
1468 731 1553 762 possit
1570 732 1636 762 elegi
1653 742 1674 755 n.
1690 746 1717 750 —-
1729 735 1751 757 3,
1767 734 1799 756 ΝΟ
1815 734 1883 756 1701.
1897 734 1959 757 --4.
1977 734 2033 757 Vid.

171 775 257 807 quoad
272 775 321 798 hoc
341 778 469 798 statutum
490 783 571 806 supra
586 783 613 806 p.
632 776 687 798 537.
704 789 731 792 -
751 778 773 798 5.
789 775 823 798 ΝΟ
843 776 911 799 1704.
928 788 957 792 —
972 777 995 798 6.
1013 775 1060 798 Ms.
1078 775 1138 798 add.
1156 783 1161 797 τ
1180 783 1190 797 «
1210 776 1325 798 muneris
1343 783 1364 797 ».
1387 789 1418 792 —
1434 777 1456 798 7.
1472 775 1530 799 Yid.
1544 780 1572 798 110
1588 777 1655 799 1704.
1672 790 1702 793 -
1714 778 1736 801 8,
1754 778 1800 800 Ms.
1816 785 1820 799 1
1840 786 1849 800 «
1867 779 1995 801 secundus
2014 787 2034 801 n.

171 833 198 837 —
215 820 239 842 9.
259 820 287 842 In
308 819 367 842 aliis
389 819 505 847 statutis,
522 827 571 842 ms.
589 827 617 850 p.
634 819 688 848 131,
705 822 854 848 annotatur,
874 819 1049 850 antiquiorem
1065 819 1197 842 doctorem
1214 822 1346 849 regentem
1363 819 1456 842 debere
1472 819 1568 842 hahere
1586 828 1664 842 unam
1680 821 1788 848 clavem,
1806 821 1883 844 aliurn
1900 822 2035 847 decanum.

171 866 196 886 et
213 863 316 886 tertiam
330 863 470 894 quemdam
486 863 619 886 doctorem
631 866 691 886 actu
708 867 850 894 regentem.

177 1030 317 1067 1712.
342 1040 490 1067 «Statum
506 1042 600 1064 actum
614 1039 743 1073 regencie
759 1039 919 1073 tangencia.
936 1049 950 1064 »

260 1134 316 1169 (30)
332 1135 404 1160 Item
419 1134 518 1160 nullus
533 1134 635 1160 doctor
649 1135 772 1160 Parisius
787 1134 902 1160 debebit
912 1135 963 1160 aut
974 1134 1080 1167 poterit
1094 1134 1188 1167 legere
1201 1134 1236 1160 de
1252 1141 1338 1159 mane
1349 1134 1508 1160 Decretales
1524 1134 1577 1159 nisi
1591 1142 1642 1167 per
1654 1135 1821 1160 facultatem
1836 1137 1887 1161 aut
1898 1136 2038 1168 majorem

172 1184 286 1217 partem
301 1183 440 1209 omnibus
455 1183 623 1209 doctoribus
638 1183 805 1216 regentibus
820 1183 914 1209 tribus
928 1183 1027 1209 edictis
1046 1191 1133 1216 super
1150 1183 1205 1208 1100
1220 1183 1379 1216 specialiter
1395 1183 1517 1208 evocatis
1533 1191 1629 1208 secum
1652 1184 1739 1209 suerit
1753 1184 1963 1216 dispensatum,
1980 1192 2040 1218 quo

172 1240 239 1258 casu
255 1232 338 1258 nullo
351 1232 440 1257 modo
456 1232 594 1265 gaudebit
608 1232 774 1265 privilegiis,
789 1232 915 1265 juribus,
933 1232 1142 1258 emolumentis
1156 1233 1184 1258 et
1199 1231 1381 1257 libertatibus
1395 1232 1550 1257 doctorum
1567 1233 1742 1264 regentium,
1757 1233 1804 1258 sed
1819 1233 1973 1258 dumtaxat
1987 1241 2040 1266 pro

173 1281 336 1307 bachalario
352 1280 566 1314 reputabitur⁴‚
581 1282 669 1314 prout
684 1281 715 1306 in
730 1281 873 1314 principio
888 1281 978 1307 totius
990 1281 1056 1306 libri
1072 1282 1112 1306 est
1125 1280 1265 1314 positum.

260 1329 317 1363 (33)
330 1330 404 1355 Item
420 1330 576 1355 statuimus
591 1329 670 1363 quod
686 1330 759 1355 circa
774 1330 881 1355 festum
896 1330 972 1355 beati
987 1329 1128 1355 Johannis
1147 1331 1215 1355 ante
1230 1330 1321 1355 finem
1337 1329 1475 1355 ordinarii
1491 1329 1643 1355 ordinetur
1658 1330 1692 1355 de
1708 1330 1817 1356 lectura
1834 1331 1925 1355 trium
1942 1331 2039 1356 Decre-

169 1378 276 1404 talium
298 1386 349 1411 per
372 1378 504 1404 doctores
528 1378 584 1411 legi
599 1380 807 1404 consuetarum
830 1378 860 1403 in
881 1386 969 1407 anno,
993 1380 1021 1404 et
1041 1378 1093 1411 qui
1114 1386 1160 1404 eas
1183 1379 1277 1411 legere
1298 1377 1447 1403 debebunt
1470 1378 1636 1404 deficientes
1660 1379 1695 1403 ad
1720 1379 1874 1404 arbitrium
1899 1380 2042 1405 facultatis

170 1426 323 1460 puniendi.

261 1475 316 1509 (34)
332 1476 405 1501 Item
421 1475 489 1508 quia
505 1475 587 1501 omni
603 1483 691 1503 anno,
713 1476 818 1502 scilieet
832 1476 862 1501 in
882 1476 977 1508 vigilia
993 1476 1140 1501 dominice
1158 1476 1187 1501 in
1203 1477 1300 1502 Ramis
1314 1477 1481 1509 palmarum
1497 1476 1582 1502 debet
1598 1476 1652 1508 legi
1666 1476 1814 1501 decretalis
1830 1477 1921 1502 Omnis
1944 1477 2040 1502 atr-ias-

171 1532 223 1558 que
237 1532 329 1553 semus,
344 1526 372 1550 et
387 1524 417 1549 in
433 1524 529 1557 vigilia
542 1525 743 1550 penthecostes
758 1525 906 1550 decretalis
919 1526 1049 1558 Mnjores,
1067 1525 1110 1550 vel
1123 1533 1182 1550 cum
1202 1526 1318 1554 Marzhe,
1335 1528 1363 1552 et
1383 1526 1413 1551 in
1434 1525 1529 1558 vigilia
1548 1525 1705 1550 Nativitatis
1720 1525 1838 1550 Domini
1854 1526 1981 1551 Firmiter
1999 1526 2040 1551 vel

171 1575 366 1606 Dampnamus.
380 1574 428 1599 vel'
437 1581 496 1598 una
513 1573 567 1598 alia
579 1573 729 1599 decretalis
740 1575 828 1606 prout
844 1574 938 1599 visum
949 1574 1037 1599 fucrit
1053 1574 1192 1602 facultati,
1201 1589 1235 1592 ——
1244 1574 1299 1608 (35)
1310 1576 1338 1600 et
1350 1576 1435 1607 turpe
1448 1575 1525 1600 estet
1539 1573 1739 1599 scandalosum
1750 1576 1820 1600 esset
1831 1574 1960 1603 deficere,
1973 1582 2040 1599 cum

171 1629 187 1648 a
199 1622 322 1655 longevo
337 1623 470 1655 tempore
485 1622 562 1647 istud
576 1622 611 1648 sit
624 1621 827 1651 consuetum2,

263 1670 314 1704 (36,
333 1670 511 1696 Ordinamus
527 1670 608 1704 quod
630 1671 805 1697 imminente
825 1673 956 1704 tempore
976 1672 1085 1697 lecture
1108 1672 1263 1704 cujuslibet
1278 1672 1427 1698 decretalis
1446 1673 1630 1705 presentetur
1649 1680 1699 1705 per
1715 1672 1859 1697 decanum
1876 1672 1906 1697 in
1922 1672 2041 1704 collegio

172 1719 311 1745 omnibus
325 1719 502 1748 doctoribus,
519 1720 639 1753 quando
661 1719 713 1745 sibi
729 1720 874 1745 videbitur
889 1722 1083 1753 oportunum,
1101 1720 1207 1746 scilicet
1222 1721 1252 1746 in
1268 1721 1363 1749 missa,
1381 1722 1408 1746 et
1428 1721 1524 1753 primo
1544 1721 1703 1753 antiquiori
1723 1720 1832 1745 doctori
1852 1721 1973 1752 regenti,
1995 1721 2041 1746 cui

172 1770 200 1795 et
218 1768 286 1794 alias
307 1770 348 1794 est
368 1769 463 1794 honor
484 1769 667 1798 deserendus.
691 1769 742 1802 qui
758 1777 808 1802 per
828 1769 996 1795 facultatem
1017 1769 1147 1802 ydoneus
1168 1770 1361 1802 approbetur:
1388 1770 1439 1803 qui
1462 1770 1483 1795 si
1506 1770 1598 1802 legere
1620 1770 1743 1795 noluerit
1764 1770 1807 1795 vel
1827 1770 1894 1794 alias
1914 1769 2041 1802 legitime

172 1817 331 1851 impeditus
355 1817 452 1847 suerit,
478 1818 619 1843 offeratur
639 1819 851 1851 consequenter
874 1818 1034 1851 antiquiori
1058 1818 1180 1847 doctori.
1197 1819 1225 1844 et
1246 1819 1284 1844 sic
1304 1819 1448 1851 gradatim
1472 1819 1671 1844 descendendo
1695 1826 1787 1851 usque
1813 1818 1849 1843 ad
1871 1826 1967 1843 unum
1990 1819 2039 1851 qui

173 1866 371 1899 acceptaverit.

262 1914 318 1949 (37)
336 1915 371 1940 Et
388 1914 409 1939 si
426 1915 525 1940 nullus
539 1916 676 1948 acceptet,
701 1915 781 1948 quod
800 1915 883 1944 absit,
900 1915 987 1948 eligat
1007 1916 1126 1941 facultas
1149 1925 1245 1942 unum
1267 1916 1417 1942 doctorem
1433 1916 1483 1949 qui
1501 1916 1554 1941 hoc
1578 1923 1722 1941 assumere
1738 1915 1884 1941 tenebitur
1899 1915 1952 1940 sub
1967 1923 2040 1948 pena

174 1971 225 1997 per
242 1963 410 1989 facultatem
427 1963 452 1989 ei
470 1964 658 1996 imponenda.
676 1964 711 1989 Et
725 1964 747 1989 si
766 1964 871 1997 aliquis
884 1964 995 1993 doctor,
1012 1965 1064 1998 qui
1085 1966 1173 1991 semel
1188 1966 1219 1990 in
1235 1973 1313 1990 anno
1328 1965 1458 1998 aliquam
1473 1965 1645 1990 decretalem
1662 1964 1771 1997 legerit,
1788 1964 1823 1989 ad
1838 1964 1924 1989 aliam
1947 1964 2040 1996 legen-

173 2012 242 2037 dam
255 2020 283 2037 50
294 2012 447 2045 ingereret,
465 2012 520 2038 hoc
535 2020 595 2038 non
611 2012 743 2038 obstante
759 2013 809 2038 fiat
823 2012 955 2038 inductio
970 2021 1020 2046 per
1035 2021 1136 2039 omnes
1149 2014 1290 2043 (10010105,
1302 2015 1330 2039 01
1345 2014 1366 2039 51
1381 2013 1485 2046 aliquis
1498 2013 1585 2038 etiam
1597 2013 1715 2038 inferior
1730 2012 1890 2045 reperiatur
1901 2012 2038 2044 ydoneus.

174 2061 226 2094 qui
241 2061 308 2086 velit
323 2068 387 2086 eam
407 2061 510 2094 legere,
527 2061 690 2094 preferatur
703 2061 873 2094 antiquiori.
890 2061 920 2087 in
937 2062 991 2087 hoc
1008 2070 1075 2087 casu
1093 2063 1254 2088 honoribus
1276 2063 1375 2088 ceteris
1390 2061 1606 2094 antiquioribus
1627 2061 1793 2087 doctoribus
1813 2061 1915 2086 debitis
1936 2061 1967 2086 in
1989 2068 2040 2086 suo

173 2109 277 2135 robore
292 2109 440 2135 duraturis
449 2109 469 2135 ³.

269 2196 337 2219 Bibl.
354 2197 446 2220 Arsen.
463 2197 547 2220 Paris.
571 2205 620 2220 ms.
637 2197 705 2225 1121,
724 2201 800 2228 parte
821 2198 866 2225 ΙΙΙ,
882 2206 909 2228 p.
929 2198 982 2226 127,
1002 2206 1015 2220 0
1038 2199 1098 2221 105ῑο
1116 2198 1296 2226 Cheltenham,
1318 2199 1387 2226 2863,
1407 2198 1452 2226 ib„
1470 2197 1513 2220 sol.
1531 2197 1601 2225 XLV,
1621 2197 1669 2219 sub
1685 2205 1735 2227 qua
1751 2196 1856 2218 rubrica
1871 2196 1949 2226 plura
1969 2199 2037 2222 sunt,

175 2249 241 2272 quae
260 2241 313 2272 jum
337 2241 363 2264 in
379 2241 592 2264 antecedentibus
611 2241 788 2272 reperiuntur,
808 2242 860 2265 alia
876 2250 936 2265 vere
956 2245 1074 2274 tempore
1093 2243 1165 2266 card.
1182 2243 1213 2266 de
1236 2242 1405 2265 Estouteville
1427 2242 1581 2272 composita.
1597 2242 1648 2264 Nos
1669 2249 1699 2263 ea
1714 2241 1911 2271 exscripsimus,
1932 2248 1997 2271 quae
2014 2240 2040 2262 in

175 2285 389 2309 antecedentibus
410 2286 524 2308 nondum
549 2286 635 2309 locum
651 2286 808 2311 habuerunt.
825 2290 850 2309 et
870 2290 938 2310 certe
954 2287 987 2310 ad
1005 2296 1072 2310 suec.
1091 2295 1134 2310 xlv
1149 2287 1289 2318 pertinent,
1311 2286 1373 2318 alia,
1396 2286 1504 2309 minoris
1527 2285 1659 2312 momenti,
1676 2285 1702 2307 in
1724 2285 1795 2307 aliud
1813 2285 1933 2307 volumen
1956 2292 2038 2307 reser-

175 2333 275 2352 ventes.

238 2435 241 2437 ,
270 2414 291 2436 1.
308 2414 450 2445 Antiquam
466 2417 603 2442 statutum,
620 2418 648 2437 ut
663 2418 774 2446 apparet
789 2423 801 2437 e
817 2415 862 2438 lite
878 2418 968 2438 contra
982 2415 1110 2438 Aurelium
1129 2415 1160 2438 de
1177 2414 1272 2442 Brolio,
1292 2422 1373 2445 supra
1390 2422 1416 2444 p.
1433 2414 1477 2436 473
1493 2421 1532 2444 sq.
1548 2413 1585 2435 Ad
1603 2413 1666 2435 haee
1682 2412 1734 2434 vid.
1754 2420 1780 2442 p.
1796 2412 1851 2434 470.
1866 2425 1897 2429 —
1912 2412 1934 2434 ἱ).
1948 2412 1983 2435 De
1998 2411 2038 2434 his

176 2457 229 2480 vid.
247 2458 384 2486 Clzartul.⁷
403 2459 434 2487 ΙΙ,
451 2463 480 2481 11⁰
498 2459 565 2486 1040,
583 2462 608 2482 et
620 2467 701 2490 supra
717 2463 746 2481 n⁰
766 2459 834 2482 1698.
856 2473 883 2476 —
899 2460 921 2483 3.
939 2459 1062 2490 Sequitur
1077 2459 1102 2482 in
1119 2460 1180 2482 015ῑο
1198 2459 1320 2481 ultimum
1338 2461 1474 2486 statutum,
1489 2466 1514 2488 p.
1532 2458 1583 2483 148,
1601 2456 1698 2487 partim
1714 2456 1745 2479 ad
1762 2464 1803 2479 an.
1821 2456 1880 2479 '1492
1896 2456 2039 2486 pertinens,

175 2502 221 2524 ubi
236 2502 324 2533 agitur
342 2503 372 2525 de
391 2512 402 2525 a
420 2503 503 2526 forma
515 2503 675 2534 procedendi
689 2507 749 2534 post
764 2512 871 2526 examen
887 2504 994 2527 liceneie
1011 2512 1033 2527 1).

305 2934 353 2950 *³⁴⁶*
373 2931 466 2954 Chare.
489 2930 566 2955 Univ.
584 2931 679 2955 Paris.
698 2931 743 2954 111.
1886 2927 1916 2951 83
