2488 3386
440 318 500 349 112
1015 326 1334 349 ann'rnLARtUM
1366 325 1558 348 umvsns.
1595 324 1725 347 Penus.
2205 312 2304 349 [1364

440 447 581 485 1294.
610 457 723 483 Urbano
738 456 917 493 Vsupplicat
926 456 1068 482 Amedeus
1082 465 1134 492 pro
1150 456 1302 481 Francisco
1318 454 1353 480 de
1368 454 1512 488 Melduno,
1529 454 1595 480 ord.
1609 453 1726 488 praed„
1740 457 1770 480 ut
1786 454 1813 479 ei
1828 453 1938 480 lectura
1955 454 2167 480 Sententiarum
2181 457 2305 490 tempore

525 506 703 532 vacationum
721 509 749 531 et
760 509 863 541 postea
880 505 1075 540 magisteriam
1094 505 1122 530 in
1137 504 1280 538 theologia
1296 503 1477 529 concedatur.

1739 552 1814 581 1364,
1830 552 1892 578 nait
1902 552 1948 578 25.

527 651 711 696 Supplicat
738 650 917 683 sanctitati
937 656 1056 682 vestre
1083 649 1235 682 devotus
1266 648 1362 680 filius
1389 654 1511 681 vester
1535 647 1733 688 Amedeus⁷
1756 659 1879 681 comes
1901 647 2092 690 sabaudie,
2114 648 2151 681 in
2180 659 2306 693 perso-

437 729 517 750 nam
539 717 658 750 fratris
681 717 861 750 Francisci
884 716 928 749 de
955 716 1141 755 Melduno,
1167 715 1254 748 Ord.
1277 715 1355 747 frat.
1379 714 1498 755 pred..
1527 715 1750 747 Lausanens.
1778 714 1887 756 dioc„
1910 721 2016 760 atque
2039 714 2084 748 de
2104 721 2198 748 terra
2219 714 2305 748 dicti

436 783 574 816 domini
601 783 744 816 comitis
770 783 928 823 oriundi,
951 789 990 814 ut
1018 794 1097 814 cum
1128 781 1246 813 dictus
1273 781 1382 813 frater
1407 780 1647 822 F[ranciscus]
1671 780 1732 813 diu
1752 781 1789 813 in
1810 780 1931 814 studio
1952 781 2150 814 Parisiensi
2171 788 2206 814 et
2224 781 2306 814 aliis

435 850 593 883 diversis
624 849 754 882 studiis
784 848 1014 881 laudabiliter
1042 847 1278 887 insudaverit,
1305 846 1420 879 lector
1446 847 1607 879 existens
1634 847 1671 879 in
1701 847 1858 880 diversis
1888 847 2128 881 conventibus
2156 847 2306 881 Ordinis

435 916 506 957 sui,
534 915 675 948 scilicet
694 914 963 955 Aurelianensi,
990 914 1026 946 in
1048 926 1119 959 quo
1146 913 1351 946 Sententias
1372 919 1407 945 et
1436 912 1703 958 philosophiam
1725 913 1898 946 moralem
1926 913 2029 959 legit,
2055 913 2306 947 Bisuntinensi

436 988 471 1014 et
499 981 749 1026 Lugdunensi,
781 981 817 1013 in
846 980 979 1025 quibus
1009 980 1164 1013 officium
1195 979 1391 1012 lectoratus
1422 979 1635 1012 solemniter
1663 979 1841 1020 exercuit,
1873 986 1981 1024 prout
2013 979 2158 1025 plenius
2186 980 2306 1014 littere

435 1047 522 1080 dicti
550 1047 686 1080 domini
707 1047 849 1079 comitis
871 1046 1095 1079 sanctitatem
1122 1051 1278 1078 vestram
1307 1045 1502 1077 informare
1528 1051 1696 1090 possunt,
1719 1045 1857 1090 placeat
1882 1045 2061 1079 sanctitati
2081 1052 2203 1079 vestre
2221 1045 2307 1080 bea-

436 1113 575 1146 tissime
597 1113 692 1146 dicto
714 1113 813 1145 fratri
835 1114 872 1145 F.
892 1112 1093 1145 concedere
1115 1111 1287 1144 lecturam
1311 1111 1577 1144 Sententiarum
1600 1111 1761 1144 Parisius
1783 1118 1945 1157 tempore
1965 1112 2191 1146 vacationum
2211 1124 2307 1146 anno

435 1179 602 1224 sequenti
635 1179 828 1211 millesimo
859 1179 948 1212 CCC
962 1179 1086 1219 LXVI,
1114 1178 1150 1210 in
1179 1177 1290 1211 scolis
1319 1184 1522 1210 conventus
1543 1177 1693 1211 Ordinis
1721 1178 1778 1211 sui
1803 1178 1861 1211 vel
1888 1178 1969 1211 aliis
1998 1178 2109 1212 scolis
2131 1179 2304 1220 Parisins,

435 1252 470 1278 et
497 1246 532 1278 in
554 1245 624 1278 fine
650 1245 786 1278 lecture
812 1256 877 1277 sue
902 1245 1021 1289 ipsum
1049 1245 1195 1277 fratrem
1219 1245 1256 1276 F.
1284 1243 1328 1276 ad
1355 1243 1604 1289 magisterium
1630 1243 1816 1290 theologie
1846 1244 1981 1278 ibidem
2007 1257 2072 1290 per
2096 1251 2306 1291 preceptum

435 1312 635 1345 sanctitatis
664 1318 785 1344 vestre
816 1322 1030 1356 promovere
1060 1310 1259 1343 clementer
1289 1310 1474 1355 dignetur,
1503 1322 1584 1343 cum
1616 1310 1820 1356 privilegiis
1930 1331 1974 1335 —
2003 1311 2080 1344 Fiat
2108 1311 2139 1344 si
2171 1311 2309 1357 placeat

435 1377 597 1423 generali
626 1377 788 1410 Ordinis.
821 1378 860 1410 B.
887 1397 931 1402 —
958 1377 1042 1409 Sine
1069 1376 1137 1409 alia
1167 1376 1336 1416 lectione.
1354 1396 1399 1400 —
1419 1376 1507 1409 Fiat.
1529 1377 1569 1409 B.
1586 1397 1630 1400 —
1650 1377 1728 1409 Dat.
1751 1377 1932 1410 Avinione
1957 1383 2084 1411 octavo
2104 1377 2173 1411 kal.
2195 1378 2306 1419 Junii,

436 1456 530 1476 anno
553 1443 727 1477 secundo.

529 1542 591 1572 Reg.
608 1541 665 1564 Vat.
682 1541 776 1572 Suppl.
793 1540 893 1564 Urbani
909 1541 938 1569 V,
954 1548 996 1563 an.
1013 1541 1035 1570 2,
1052 1548 1078 1571 p.
1098 1541 1120 1569 2,
1142 1540 1186 1564 sol.
1203 1540 1257 1563 194.
1273 1554 1301 1557 —
1320 1541 1459 1564 Praeterea
1474 1541 1571 1564 adsunt
1587 1540 1639 1564 tria
1658 1541 1784 1564 mandatu
1806 1541 1953 1572 apostolica
1968 1541 1999 1565 de
2014 1541 2106 1565 eodem
2122 1541 2262 1566 Francinco
2275 1541 2309 1566 ad

435 1585 622 1609 cancellarium
637 1585 721 1608 Puris.
739 1585 838 1608 directa
852 1593 857 1608 ·.
875 1585 900 1608 1⁰
920 1585 1010 1607 datum
1026 1584 1152 1608 Avinione
1167 1584 1184 1615 ij
1206 1584 1242 1608 id.
1263 1585 1356 1616 April..
1378 1593 1421 1608 an.
1442 1592 1458 1607 v
1473 1585 1553 1615 (1367,
1576 1586 1638 1616 Apr.
1659 1585 1708 1615 12),
1725 1588 1754 1609 ut
1775 1585 1860 1608 eidem
1877 1586 2037 1609 concedatur
2052 1595 2066 1608 α
2083 1586 2190 1610 licentia
2203 1586 2310 1618 legendi

435 1630 518 1653 libros
534 1629 727 1653 Sententiarum
742 1629 769 1652 in
785 1630 861 1652 domo
878 1630 990 1652 fratrum
1003 1629 1078 1652 Pred.
1095 1629 1247 1658 Parisiensi,
1267 1629 1293 1652 in
1309 1629 1429 1660 proximo
1446 1631 1533 1653 futuro
1548 1637 1617 1653 anno
1631 1633 1750 1661 tempore
1764 1629 1869 1653 estivali
1880 1639 1894 1652 ν
1909 1631 1982 1662 (neg.
1998 1631 2056 1654 Vat.
2070 1631 2152 1655 Aven.
2165 1631 2267 1655 Urbani
2277 1631 2309 1661 V,

436 1674 488 1698 vol.
507 1674 570 1704 XVI,
595 1674 639 1697 t'ol.
660 1673 724 1696 I151b
743 1676 768 1697 et
786 1674 832 1697 455
848 1682 853 1696 ·.
872 1683 884 1695 (ε
900 1673 955 1696 Viri
970 1682 1043 1696 sacre
1064 1675 1096 1703 »);
1112 1687 1144 1690 —
1163 1674 1189 1696 2⁰
1204 1674 1294 1697 datum
1316 1674 1387 1705 apud
1403 1674 1671 1703 Montemssasconem,
1686 1682 1748 1699 non.
1763 1674 1884 1706 Augusti,
1899 1682 1941 1698 an.
1962 1682 1989 1698 w
2010 1675 2090 1705 (1368,
2109 1676 2176 1707 Aug.
2190 1677 2224 1706 5).
2243 1675 2309 1700 Cum

436 1718 601 1747 Frunciscus,
620 1717 741 1749 quamvis
756 1718 861 1749 legendi
876 1717 1022 1741 Sententias
1040 1718 1174 1741 licentiam
1190 1718 1342 1748 obtinuerit,
1359 1718 1438 1741 certis
1453 1726 1484 1742 ex
1498 1718 1586 1742 causis
1602 1718 1702 1742 dictum
1714 1718 1814 1742 librum
1832 1719 1953 1743 aestivali
1967 1722 2086 1751 tempore
2100 1728 2152 1743 non
2166 1720 2269 1752 legerit,
2285 1720 2309 1744 ei

438 1762 590 1786 conceditur
611 1762 716 1785 licentia
740 1762 844 1793 legendi
869 1762 1002 1785 ordinarie
1021 1762 1047 1785 in
1067 1762 1155 1785 studio
1176 1762 1261 1785 Paris.
1285 1764 1396 1786 fratrum
1419 1763 1512 1786 Praed.
1528 1763 1627 1786 librum
1651 1756 1856 1792 Sententiarum,
1878 1764 1910 1787 in
1931 1763 2013 1788 scolis
2034 1764 2223 1790 exterioribus
2239 1764 2310 1790 dicu

437 1808 547 1836 domus,
560 1807 586 1829 in
601 1806 686 1830 hieme
700 1806 819 1838 proxime
834 1806 1014 1838 subsequenti,
1028 1815 1058 1830 ac
1071 1810 1212 1838 postquam
1227 1807 1355 1830 lecturam
1371 1807 1551 1838 compleverit,
1568 1808 1591 1831 ei
1607 1807 1756 1839 magisterii
1771 1807 1855 1831 bonor
1869 1816 1899 1831 ac
1912 1808 2022 1831 docendi
2034 1808 2140 1832 licentia
2151 1809 2310 1833 concedatur

438 1852 512 1882 (Reg.
527 1851 585 1874 Vat.
601 1852 680 1874 Aven.
697 1850 799 1874 Urbani
812 1851 840 1880 V,
859 1851 910 1874 vol.
932 1851 996 1879 XIX,
1013 1851 1058 1875 tol.
1076 1851 1139 1874 38812
1155 1859 1160 1874 ·.
1177 1851 1255 1874 «Viri
1273 1859 1347 1875 sucre
1363 1852 1399 1883 »);
1415 1865 1447 1870 —
1461 1853 1488 1875 3⁰
1503 1852 1594 1876 datum
1610 1852 1745 1881 Avinione,
1762 1860 1778 1876 v
1798 1852 1834 1876 id.
1850 1852 1954 1882 Octob„
1968 1861 2010 1877 an.
2026 1861 2035 1877 1
2053 1853 2132 1883 (1371,
2150 1853 2243 1878 Octob.
2258 1853 2308 1884 11),

438 1904 489 1926 quo
507 1895 650 1926 Gregorius
668 1895 711 1924 XI,
727 1895 823 1918 certior
838 1896 923 1918 sactus
943 1895 1112 1918 Franciscum
1133 1895 1280 1919 Sententiae
1301 1896 1399 1927 legisse
1418 1896 1528 1920 Parisiis
1548 1900 1574 1920 et
1591 1896 1657 1920 alios
1677 1899 1751 1920 actus
1773 1896 1946 1920 scholasticos
1966 1900 2021 1920 tam
2042 1897 2069 1920 in
2084 1897 2309 1929 disputationibus

438 1947 517 1971 quam
532 1939 558 1962 in
571 1939 788 1970 responsionibus
805 1939 899 1962 secisse
919 1948 984 1970 quas
1006 1939 1105 1963 ibidem
1125 1940 1295 1963 baccalareus
1311 1940 1337 1963 in
1353 1940 1433 1964 theol.
1451 1942 1537 1964 facere
1556 1941 1703 1970 consuevit,
1719 1941 1828 1964 mandat
1842 1941 2001 1965 cancellario
2016 1941 2100 1966 Paris.
2114 1945 2144 1966 ut
2161 1941 2310 1974 magisterii

437 1984 562 2007 bonorem
577 1987 603 2007 et
615 1983 724 2007 docendi
739 1983 872 2007 licentiam
885 1983 969 2007 eidem
982 1984 1113 2015 largiatur
1128 1985 1201 2015 (Reg.
1220 1985 1278 2008 Vat.
1293 1985 1374 2008 Aven.
1389 1985 1512 2016 Gregorii
1528 1986 1570 2015 XI,
1583 1985 1636 2009 vol.
1653 1986 1685 2016 ΙΙ,
1701 1985 1747 2010 sol.
1763 1985 1840 2009 350112
1858 1995 1871 2007 α
1886 1985 1942 2009 Viri
1957 1994 2031 2010 sacre
2046 1987 2078 2016 u).

444 2202 584 2239 1295.
614 2211 744 2237 Urbanus
763 2212 947 2247 V(Grimerio
965 2212 1124 2246 Bonifacii)
1140 2212 1314 2239 cancellario
1329 2213 1500 2248 Parisiensi,
1519 2222 1581 2239 cum
1597 2213 1724 2239 Michael
1741 2213 1918 2249 Perdigacii,
1937 2214 2002 2240 ord.
2019 2217 2105 2249 fratr.
2121 2214 2227 2241 Praed.
2245 2214 2308 2250 (qui

527 2260 602 2285 inter
624 2259 810 2286 baccalareos
833 2260 1015 2286 Parisienses
1035 2261 1234 2297 incorporatus
1254 2271 1309 2298 per
1330 2271 1404 2297 mag.
1429 2262 1593 2297 generalem
1614 2262 1686 2288 dicti
1712 2262 1796 2289 0rd.⁴
1823 2263 2017 2298 examinatus,
2039 2271 2093 2299 per
2116 2262 2307 2289 testimonium

527 2309 728 2342 magistrorum
745 2312 771 2334 et
788 2308 1021 2335 baccalareorum
1036 2310 1195 2336 Paris-iens.
1217 2310 1257 2336 ad
1272 2311 1409 2346 legendas
1426 2311 1589 2337 Sententias
1606 2312 1634 2337 in
1648 2311 1793 2345 facultate
1811 2310 1895 2338 theol.
1909 2312 1967 2346 fuit
1982 2311 2101 2338 idoneus
2114 2315 2265 2348 reputatus
2280 2317 2308 2338 et

527 2356 652 2382 adhaec
673 2356 743 2382 dicti
756 2358 888 2391 magistri
904 2361 931 2383 et
946 2358 1069 2383 omnium
1085 2358 1270 2392 diffinitorum
1292 2359 1420 2396 Capituli
1437 2359 1583 2394 generalis
1603 2359 1675 2385 dicti
1693 2359 1760 2386 Ord.
1782 2368 1937 2386 consensus
1958 2361 2089 2395 accessit,
2112 2360 2230 2396 ipseque
2242 2360 2307 2396 jam

528 2404 645 2430 multam
661 2405 690 2430 in
710 2409 807 2431 aetate
824 2406 987 2442 processit),
1004 2411 1122 2443 propter
1142 2409 1369 2442 assignationem
1385 2408 1509 2434 aliorum
1526 2408 1761 2435 baccalareorum
1777 2417 1867 2444 usque
1887 2408 1928 2434 ad
1942 2417 2075 2444 magnum
2090 2412 2200 2445 tempus
2215 2408 2307 2435 locum

528 2453 634 2479 habere
650 2462 704 2479 non
717 2454 820 2490 possit,
839 2455 1033 2481 cancellarius
1053 2465 1114 2482 eum
1134 2456 1174 2481 ad
1193 2456 1343 2491 legendum
1361 2458 1390 2483 in
1412 2461 1526 2483 aestate
1543 2457 1676 2493 proxime
1691 2459 1793 2491 futura
1807 2457 1992 2493 praedictum
2009 2457 2113 2484 librum
2132 2457 2262 2492 assignet
2280 2460 2308 2484 et

526 2506 629 2538 postea
646 2503 673 2528 ei
686 2503 846 2537 magisterii
860 2503 993 2529 honorem
1010 2508 1037 2530 et
1052 2504 1174 2531 docendi
1187 2505 1331 2531 licentiam
1348 2506 1502 2541 largiatur.
1521 2507 1586 2533 Dat.
1602 2506 1745 2533 Avinione
1759 2507 1784 2540 vj
1806 2506 1846 2532 id.
1863 2507 1954 2537 Junii,
1972 2514 2052 2534 anno
2066 2507 2202 2534 secundo.
2221 2517 2235 2531 «
2248 2506 2309 2534 Viri

530 2558 607 2577 sacre
622 2551 752 2578 lectionis
767 2561 791 2577 n.

1680 2604 1755 2634 1364,
1771 2604 1842 2631 duali
1851 2605 1877 2634 8,
1892 2604 2022 2631 Avenione.

531 2687 594 2717 Reg.
607 2687 664 2711 Vat.
678 2688 757 2711 Aven.
771 2687 871 2710 Urbani
885 2688 914 2718 V,
930 2688 981 2711 vol.
995 2689 1050 2718 VII,
1067 2689 1112 2712 fol.
1126 2690 1171 2712 563
1178 2689 1199 2712 ¹³.
1212 2703 1238 2707 —
1255 2691 1306 2713 Sed
1324 2699 1365 2714 an.
1378 2691 1439 2714 1366
1453 2691 1570 2714 nondum
1584 2691 1706 2722 pervenit
1719 2692 1752 2715 ad
1766 2692 1903 2721 lecturam,
1919 2694 1949 2715 ut
1963 2694 2074 2723 apparet
2088 2699 2119 2715 ex
2133 2691 2189 2723 ejus
2202 2691 2307 2723 suppli-

438 2730 539 2754 catione
556 2731 635 2762 (sign.
651 2731 678 2763 iij
695 2739 755 2755 non.
770 2732 831 2755 Maii
847 2740 889 2756 an.
907 2740 943 2761 lv,
961 2732 978 2756 i.
996 2741 1018 2756 e.
1038 2741 1080 2756 an.
1096 2734 1166 2762 1366,
1182 2734 1243 2757 Maii
1261 2737 1287 2762 5;
1308 2735 1371 2766 Reg.
1388 2735 1445 2759 Vat.
1464 2735 1558 2766 Suppl.
1576 2743 1619 2759 an.
1634 2737 1657 2765 4,
1671 2744 1698 2767 p.
1716 2736 1740 2766 1,
1759 2736 1804 2760 sol.
1823 2735 1894 2766 13212)
1910 2739 1935 2759 et
1949 2744 1963 2759 e
1979 2736 2104 2759 mandato
2121 2735 2222 2760 Urbani
2238 2736 2260 2760 V
2274 2735 2308 2759 ad

439 2775 547 2798 cancell.
573 2775 657 2799 Paris.
678 2775 727 2798 sub
750 2776 840 2799 eadem
862 2776 988 2807 temporis
1011 2780 1073 2800 nota
1095 2778 1167 2809 (Reg.
1193 2779 1282 2808 Aven„
1301 2780 1353 2803 vol.
1372 2779 1439 2808 XIII,
1462 2787 1473 2802 (
1492 2779 1601 2802 Illorum
1624 2780 1762 2803 desideriis
1783 2780 1814 2812 n).
1831 2780 2010 2804 Cancellarius
2029 2788 2089 2804 eum
2103 2780 2242 2804 admittere
2255 2787 2307 2803 uon

438 2819 533 2850 potuit,
547 2819 598 2842 alio
614 2828 662 2851 per
680 2820 768 2843 sedem
786 2823 871 2851 apost.
890 2820 923 2843 nd
938 2821 1079 2852 legendum
1094 2822 1238 2853 assignato.
1255 2823 1320 2846 Hinc
1335 2823 1401 2854 petit
1416 2826 1444 2846 ut
1459 2823 1485 2846 in
1500 2823 1585 2847 hieme
1602 2824 1721 2855 proxime
1735 2824 1855 2848 veniente
1871 2833 1883 2848 «
1900 2824 1927 2848 in
1949 2824 2070 2848 secundis
2088 2824 2167 2848 scolis
2182 2834 2196 2846 a·
2211 2824 2307 2848 admit-

442 2866 521 2892 tatur,
545 2863 665 2894 quamvis
686 2864 753 2887 alius
777 2864 849 2895 legat
875 2864 1007 2888 ordinarie
1024 2866 1115 2889 eodem
1137 2868 1265 2897 tempore.
1287 2867 1346 2898 Ipse
1373 2870 1412 2891 est
1435 2867 1616 2891 verisimiliter
1637 2867 1682 2892 ille
1704 2878 1717 2891 (ι
1739 2868 1859 2898 Michael,
1883 2869 2043 2899 Predicator,
2066 2868 2110 2900 qui
2127 2869 2227 2893 dudum
2247 2870 2307 2892 ante
