2488 3386
165 340 261 376 1385]
584 353 629 374 AB
664 352 769 374 ANNO
803 351 935 374 Macci,
969 351 1099 379 USQUE
1134 352 1181 374 ,ao
1217 353 1480 374 sssssssmcrnm
1515 354 1604 376 xm.
1963 345 2028 377 353

164 439 255 467 rum,
274 427 319 459 de
340 426 473 471 quibus
496 426 686 459 duodecim
708 425 842 458 francis
864 425 1025 470 quinque
1047 425 1167 458 traditi
1188 426 1335 458 fuerunt
1356 426 1492 471 Sygero
1516 428 1621 460 Baert
1637 435 1670 460 et
1687 428 1883 461 Guillelmo
1902 428 2027 461 Rolins

165 492 402 526 familiaribus
430 493 515 525 dicti
544 492 749 525 cancellarii
777 492 924 524 nomine
945 492 1061 536 ipsius
1083 498 1118 524 et
1144 504 1209 536 pro
1237 491 1318 536 ipso
1345 492 1481 524 sciente
1508 499 1542 525 et
1569 500 1679 526 ratum
1703 494 1868 527 habente.
1893 495 1932 527 Et
1956 495 2027 526 duo

164 559 276 592 franci
298 559 417 592 traditi
440 560 585 591 fuerunt
608 559 780 604 predictis
801 558 1039 590 familiaribus
1062 570 1125 602 pro
1147 559 1315 602 ipsomet,
1337 558 1379 590 ad
1402 558 1508 591 finem
1531 566 1570 591 ut
1590 559 1675 592 dicti
1696 560 1898 593 baccallarii
1921 561 2027 593 citius

166 626 436 671 expedirentur,
457 625 545 658 alias
573 637 646 657 non
671 625 812 658 facturi.
845 626 896 657 De
925 637 996 669 quo
1026 625 1122 657 dono
1149 624 1267 657 dictus
1289 625 1526 658 cancellarius
1555 626 1726 670 predictis
1748 626 1971 660 baccallariis
1992 627 2027 659 in

166 692 262 725 exitu
283 704 423 725 camere
445 692 619 724 examinis
641 691 807 736 graciose
828 691 936 724 fuerit
958 691 1193 736 regraciatus.

257 760 335 792 18⁰⁹.
364 759 452 792 Item
482 765 517 791 et
543 758 641 803 quod
670 758 707 790 in
735 758 844 791 tercia
874 757 1065 790 audicione
1098 758 1183 790 dicti
1213 758 1295 790 anni
1327 758 1478 790 secundi
1506 759 1651 791 suerunt
1680 759 1795 792 vocati
1828 759 2029 792 baccallarii

166 825 290 858 decem
319 831 354 858 et
382 837 525 864 novem,
547 825 608 869 qui
632 825 684 857 sic
704 825 821 858 vocati
848 825 1014 857 fecerunt
1040 824 1218 869 quandam
1241 824 1426 857 collectam
1449 837 1675 857 communem
1704 826 1959 858 ascendentem
1987 825 2029 858 ad

167 892 291 924 decem
313 892 469 932 francos,
489 903 581 936 quos
603 892 740 936 Sygero
763 892 869 924 Baert
889 897 923 923 et
940 890 1136 924 Guillelmo
1155 891 1280 923 Rolins
1300 891 1538 924 familiaribus
1556 891 1641 924 dicti
1663 892 1867 924 cancellarii
1886 892 2030 924 nomine

166 958 283 1003 ipsius
300 964 335 991 et
355 970 419 1003 pro
441 958 522 1003 ipso
543 958 782 999 tradiderunt,
805 958 848 990 ad
870 957 977 990 finem
1001 964 1038 990 ut
1059 957 1207 990 brevius
1229 958 1498 1002 expedirentur,
1522 958 1609 990 alias
1631 970 1703 990 non
1723 959 1862 991 facturi.
1888 960 1928 991 Et
1951 959 2031 1003 quia

168 1025 254 1057 dicti
274 1025 469 1058 familiares
490 1024 659 1058 dicebant
680 1024 777 1069 quod
798 1036 871 1057 non
898 1024 945 1057 ita
965 1024 1036 1056 cito
1057 1024 1330 1069 expedirentur,
1352 1025 1479 1057 iterato
1501 1025 1637 1057 eisdem
1660 1025 1898 1057 familiaribus
1923 1025 2033 1058 tradi-

169 1091 301 1124 derunt
321 1098 475 1136 quatuor
493 1092 637 1124 francos
659 1103 729 1136 quo
752 1102 860 1135 supra
883 1091 1029 1123 nomine
1051 1097 1085 1123 et
1105 1091 1148 1123 ad
1169 1090 1275 1123 finem
1304 1091 1518 1135 predictum.
1543 1092 1594 1123 De
1616 1103 1686 1135 quo
1709 1091 1804 1123 dono
1827 1091 1912 1124 dicti
1932 1091 2033 1124 fami-

168 1163 277 1195 liares
298 1163 472 1207 predictis
488 1162 713 1195 baccallariis
730 1161 947 1194 exeuntibus
965 1174 1138 1194 cameram
1158 1162 1332 1194 examinis
1350 1162 1530 1203 dixerunt,
1549 1162 1644 1206 quod
1662 1162 1780 1195 dictus
1797 1162 2033 1195 cancellarius

170 1229 433 1274 regratiabatur
453 1229 518 1270 eis,
542 1228 752 1262 ratificando
774 1236 808 1262 et
827 1228 1065 1273 gratificando
1086 1228 1294 1273 hujusmodi
1317 1228 1465 1261 abusus.

261 1297 339 1329 19⁰⁸.
368 1297 455 1329 Item
479 1302 514 1328 et
534 1295 633 1340 quod
654 1296 690 1328 in
715 1300 749 1328 xn
776 1295 856 1340 (leg.
885 1297 929 1339 4⁸>
954 1295 1147 1328 audicione
1170 1295 1254 1327 dicti
1282 1295 1365 1327 anni
1393 1295 1544 1328 secundi
1572 1296 1715 1328 fuerunt
1747 1297 1802 1340 xxj
1830 1296 2034 1328 baccallarii

170 1362 299 1404 vocati,
324 1362 385 1407 qui
407 1363 459 1395 sic
484 1363 612 1400 vocati,
635 1362 826 1395 audientes
853 1362 949 1406 quod
976 1362 1216 1407 precedentes
1237 1362 1449 1394 audiciones
1477 1363 1640 1395 fecerunt
1662 1362 1846 1402 collectas,
1873 1362 2036 1395 fecerunt

171 1429 275 1462 etiam
310 1441 413 1462 unam
445 1429 633 1462 collectam
664 1441 891 1461 communem
920 1429 1176 1461 ascendentem
1214 1428 1257 1461 ad
1295 1440 1467 1461 sommam
1497 1428 1701 1473 quindecim
1736 1429 1953 1469 francorum,
1991 1429 2034 1461 de

171 1495 304 1541 quibus
333 1496 457 1528 decem
478 1496 626 1529 fuerunt
647 1496 718 1528 dati
748 1496 884 1541 Sygero
916 1495 1049 1528 Bahert
1078 1502 1113 1528 et
1142 1495 1340 1528 Guillelmo
1370 1495 1495 1527 Rolins
1523 1495 1760 1528 familiaribus
1790 1495 1874 1528 dicti
1896 1495 2036 1528 cancel-

171 1562 263 1603 larii,
287 1575 358 1607 quo
380 1574 489 1607 supra
511 1563 657 1595 nomine
685 1569 720 1595 et
750 1574 814 1607 pro
843 1563 937 1607 ipso,
967 1562 1010 1595 ad
1041 1562 1148 1594 finem
1178 1568 1216 1594 ut
1245 1562 1352 1594 citius
1381 1562 1653 1606 expedirentur,
1681 1562 1768 1595 alias
1794 1574 1867 1595 non
1895 1562 2035 1602 facturi,

171 1629 251 1674 ipso
273 1629 489 1662 cancellario
512 1629 650 1662 sciente
671 1635 706 1662 et
727 1636 842 1662 ratum
864 1629 1032 1662 habente.

258 1697 338 1729 20³⁵.
367 1697 453 1728 Item
482 1703 517 1729 et
544 1696 642 1741 quod
672 1696 766 1729 idem
796 1696 1034 1729 cancellarius
1062 1708 1156 1728 anno
1184 1695 1296 1728 tercio
1323 1694 1517 1727 nonnullas
1546 1695 1726 1728 ordinavit
1755 1695 1978 1735 audiciones,
2001 1695 2037 1727 in

169 1774 319 1807 quarum
342 1763 455 1807 prima
471 1762 587 1795 vocati
608 1763 757 1795 fuerunt
773 1763 966 1795 duodecim
984 1762 1202 1803 baccallarii,
1221 1762 1281 1807 qui
1302 1762 1467 1794 fecerunt
1483 1774 1588 1794 unam
1606 1762 1790 1794 collectam
1810 1774 2035 1794 communem

170 1829 214 1862 de
236 1829 428 1862 duodecim
450 1829 597 1870 francis,
625 1829 669 1862 de
691 1829 825 1874 quibus
853 1829 1045 1862 duodecim
1076 1829 1209 1862 francis
1240 1829 1360 1861 traditi
1390 1829 1537 1860 fuerunt
1563 1829 1699 1873 Sygero
1729 1828 1860 1861 Bahert
1881 1835 1915 1861 et
1936 1828 2038 1861 Guil-

170 1895 278 1928 lelmo
300 1896 427 1929 Rolins
448 1896 686 1929 familiaribus
716 1896 802 1929 dicti
833 1896 1039 1929 cancellarii
1066 1908 1137 1940 quo
1166 1907 1274 1941 supra
1304 1895 1450 1927 nomine
1477 1902 1511 1927 et
1539 1907 1603 1940 pro
1630 1896 1723 1940 ipso,
1745 1895 1825 1940 ipso
1847 1895 1983 1928 sciente
2005 1902 2040 1928 et

171 1969 285 1995 ratum
312 1962 481 2003 habente,
504 1975 567 1995 sex
587 1963 713 2000 franci,
737 1970 771 1995 et
792 1963 864 1995 duo
885 1963 998 1995 franci
1019 1963 1193 2008 predictis
1215 1961 1452 1995 familiaribus
1474 1974 1538 2007 pro
1561 1962 1739 2007 ipsismet,
1762 1962 1804 1994 ad
1828 1961 1935 1994 finem
1957 1961 2039 1994 bre-

171 2029 284 2062 vioris
306 2029 569 2074 expedicionis,
588 2029 675 2062 alias
697 2042 770 2062 non
791 2030 930 2063 facturi.

261 2097 341 2128 21⁸³.
370 2097 457 2128 Item
481 2103 515 2128 et
535 2096 632 2140 quod
654 2096 690 2128 in
712 2097 871 2129 secunda
894 2097 1086 2129 audicione
1107 2096 1190 2129 anni
1213 2096 1315 2128 tercii
1336 2097 1483 2128 fuerunt
1507 2096 1571 2127 xxti
1600 2095 1801 2127 baccallarii
1823 2095 1952 2136 vocati,
1978 2096 2038 2140 qui

172 2162 310 2195 inducti
341 2174 406 2207 per
432 2162 574 2207 aliquos
604 2163 647 2195 ad
677 2163 786 2195 finem
817 2162 997 2196 brevioris
1028 2162 1277 2207 expedicionis
1305 2169 1340 2195 et
1368 2169 1407 2195 ut
1434 2169 1558 2195 essent
1589 2162 1681 2206 grati
1709 2162 1779 2206 ipsi
1809 2161 2038 2202 cancellario,

171 2228 259 2262 alias
280 2241 354 2261 non
374 2229 515 2270 facturi,
538 2230 704 2262 fecerunt
724 2229 912 2262 collectam
935 2230 978 2262 de
999 2230 1063 2262 xxti
1084 2229 1230 2267 francis,
1258 2229 1302 2261 de
1324 2228 1456 2273 quibus
1478 2229 1603 2261 decem
1630 2228 1702 2260 dati
1728 2229 1876 2260 suerunt
1901 2228 2040 2260 cancel-

172 2295 274 2328 lario.
293 2296 511 2340 Quo[d]que,
530 2308 609 2328 cum
628 2296 771 2341 quidam
791 2297 835 2329 de
853 2296 964 2329 sociis
986 2296 1080 2328 dicte
1097 2296 1286 2328 audiencie
1308 2296 1343 2327 in
1365 2302 1443 2327 orto
1461 2295 1546 2327 dicti
1568 2294 1772 2327 cancellarii
1794 2307 1898 2327 unam
1922 2306 2037 2327 rosam

172 2362 331 2407 cepisset
357 2369 394 2395 ut
416 2362 617 2405 dicebatur,
640 2370 674 2396 et
699 2363 777 2408 ipse
806 2363 975 2395 dominus
1003 2362 1254 2403 cancellarius,
1287 2368 1394 2407 prout
1423 2362 1475 2394 eis
1506 2361 1741 2402 referebatur,
1774 2361 1818 2393 de
1848 2361 1915 2393 hoc
1943 2368 2041 2394 esset

174 2428 323 2461 multum
344 2429 471 2470 iratus,
489 2430 580 2462 socii
603 2430 697 2462 dicte
715 2429 918 2462 audicionis
935 2430 1100 2462 fecerunt
1121 2429 1189 2461 emi
1211 2429 1282 2461 duo
1300 2435 1394 2460 serta
1413 2440 1573 2460 rosarum
1592 2427 1695 2460 valde
1717 2427 1840 2472 pulcra
1858 2427 1901 2460 de
1918 2427 2039 2460 valore

174 2495 281 2528 unius
310 2496 436 2537 franci,
460 2508 530 2540 que
557 2503 652 2529 serta
679 2497 826 2529 fuerunt
856 2503 1060 2541 presentata
1091 2496 1187 2528 dicto
1216 2494 1443 2535 cancellario⁷
1472 2494 1533 2539 qui
1560 2494 1797 2526 cancellarius
1825 2494 1917 2526 dicta
1945 2500 2038 2526 serta

173 2560 357 2606 gratanter
379 2563 527 2607 recepit.
552 2564 595 2595 Et
615 2563 767 2608 insuper
789 2563 874 2595 dicti
896 2563 985 2595 socii
1008 2562 1051 2594 de
1073 2562 1166 2594 dicta
1188 2561 1379 2594 audicione
1400 2561 1437 2593 in
1458 2561 1554 2593 exitu
1576 2572 1715 2593 camere
1741 2560 1919 2592 dederunt
1939 2560 2039 2592 fami-

174 2627 324 2661 liaribus
345 2628 431 2661 dicti
452 2629 658 2662 cancellarii
680 2642 745 2674 pro
767 2629 960 2674 ip[s]ismet
980 2629 1073 2661 duos
1094 2629 1237 2661 francos
1259 2628 1348 2668 auri,
1371 2627 1451 2672 ipso
1473 2627 1623 2660 sciente.

262 2696 342 2727 22⁸⁸.
372 2696 459 2728 Item
489 2702 523 2729 et
549 2696 645 2741 quod
674 2697 710 2728 in
738 2697 848 2729 tercia
869 2695 1060 2728 audicione
1088 2695 1197 2739 hujus
1225 2694 1308 2727 anni
1330 2694 1432 2727 tercii
1452 2694 1600 2726 fuerunt
1623 2694 1739 2726 vocati
1767 2706 1810 2726 xx
1836 2693 2037 2725 baccallarii

174 2760 396 2803 licentiandi,
420 2762 481 2806 qui
512 2763 650 2796 inducti
678 2775 742 2808 per
763 2763 943 2808 quendam
969 2762 1167 2795 Arnaldum
1191 2762 1234 2794 de
1256 2762 1434 2805 Trajecto,
1461 2766 1740 2793 commorantem
1771 2772 1847 2792 cum
1876 2758 2037 2791 ,Iohanne

177 2827 362 2869 Hokelem,
396 2829 638 2862 examinatore
666 2842 730 2874 pro
762 2830 913 2862 nacione
944 2829 1088 2873 Anglie,
1113 2835 1147 2861 et
1176 2827 1374 2860 nonnullos
1403 2826 1493 2859 alios
1524 2826 1707 2858 societatis
1738 2838 1814 2865 sue,
1847 2832 1885 2857 ut
1914 2825 2040 2856 darent

175 2892 311 2938 aliquid
333 2895 549 2928 cancellario
566 2896 609 2928 ad
630 2896 739 2929 finem
761 2896 941 2929 brevioris
960 2894 1214 2939 expeditionis,
1234 2901 1272 2926 ut
1288 2892 1412 2926 essent
1432 2893 1523 2937 grati
1546 2892 1615 2937 ipsi
1632 2891 1859 2928 cancellario,
1877 2892 2040 2923 fecerunt

300 2955 344 2971 *ἕ*
369 2953 463 2976 chart.
486 2953 564 2977 Um'v.
583 2954 675 2978 Paris.
694 2954 738 2977 111.
1886 2949 1915 2970 45
