2488 3386
468 341 531 373 614
1042 346 1363 370 CHARTULARIUM
1399 345 1589 367 UN1VERS.
1627 345 1757 366 Panis.
2233 332 2333 370 [1394

469 423 646 456 versalem
675 422 879 463 ecclesiam,
910 428 1028 454 utrum
1062 421 1179 466 primo
1208 420 1346 453 electus
1373 420 1435 464 jus
1465 418 1665 452 habuisset.
1698 418 1942 453 Confirmatur
1969 419 2013 452 de
2044 418 2244 460 Bonisacio,
2272 420 2332 464 qui

468 490 607 522 viderat
627 489 728 534 prius
749 488 884 521 tamdiu
902 489 975 533 jam
999 488 1130 521 scisma
1151 488 1294 526 durare,
1314 492 1349 518 et
1369 492 1486 518 tamen
1508 485 1696 518 consensit
1716 485 1887 519 electioni
1908 485 2037 531 ipsius.

557 557 646 588 Item
668 555 831 600 ejusdem
854 555 1035 588 scismatis
1055 555 1203 587 fuerunt
1223 560 1258 586 et
1278 559 1363 586 sunt
1384 552 1595 593 nutritores,
1614 552 1727 597 igitur
1748 552 1943 586 scismatici
1962 564 1968 585 :
1992 563 2081 597 ergo
2102 552 2242 585 cedant.

558 623 644 654 Item
663 634 735 654 non
752 621 857 654 fieret
873 621 1036 666 partibus
1052 621 1236 660 violentia,
1254 626 1289 652 et
1305 619 1423 652 omnis
1439 619 1604 663 viasacti
1618 618 1808 652 tolleretur
1825 631 1989 664 prorsus,
2003 631 2107 664 quam
2125 623 2199 660 [ms.
2214 623 2332 664 quem]

467 688 716 722 verisimiliter
743 688 895 733 aggredi
923 688 1010 720 alias
1040 687 1181 720 tandem
1211 685 1411 731 oportebit,
1441 686 1631 731 presertim
1660 685 1721 718 ubi
1752 698 1816 731 per
1837 686 2014 731 judicium
2044 686 2256 731 inquisitum
2288 686 2332 719 de

466 755 615 788 veritate
636 754 847 799 hujusmodi
868 766 974 787 cause
996 760 1162 787 constare
1184 765 1256 786 non
1278 758 1414 797 posset.

555 823 642 868 Item
664 821 748 854 facit
767 821 856 854 mala
879 820 1104 866 presumptio
1126 820 1203 853 sive
1223 819 1378 864 suspitio
1395 826 1520 852 contra
1537 826 1731 864 utrumque
1748 819 2060 862 contendentium,
2078 820 2140 865 qui
2160 826 2200 853 ut
2218 820 2332 853 fertur

466 888 603 921 faciunt
627 889 751 933 jurare
779 888 938 933 prelatos
960 899 1052 932 quos
1080 893 1307 932 promovent,
1337 886 1434 931 quod
1462 892 1599 931 partem
1621 898 1719 919 suam
1741 886 1928 928 fovebunt,
1951 887 2054 932 quasi
2084 887 2128 920 de
2153 888 2236 932 jure
2264 899 2330 921 suo

466 955 675 988 diffidentes
695 967 701 987 :
725 967 812 1000 ergo
834 954 975 987 cedant.

558 1023 645 1054 Item
667 1021 750 1054 facit
770 1020 997 1053 renunciatio
1018 1020 1196 1054 Celestini
1217 1026 1252 1052 et
1272 1019 1531 1052 Marcellini....

555 1089 623 1121 Pro
644 1087 896 1132 compulsione
926 1087 956 1120 si
981 1087 1056 1132 juri
1082 1094 1177 1120 stare
1205 1086 1357 1127 nollent,
1385 1099 1450 1119 nec
1476 1087 1607 1120 cedere
1634 1086 1898 1120 monitionibus
1927 1087 2118 1132 premissis
2145 1087 2331 1121 instantis-

465 1155 580 1195 simis,
600 1160 850 1187 convenerunt
871 1154 907 1186 in
929 1153 996 1187 hoc
1019 1153 1288 1199 quamplurimi,
1306 1153 1387 1186 aliis
1408 1165 1482 1186 non
1502 1153 1808 1199 discrepantibus,
1826 1153 1917 1199 quod
1936 1155 2078 1200 utrique
2096 1154 2331 1189 subtrahatur

463 1221 660 1255 omnimode
675 1220 886 1261 obedientia,
906 1227 940 1254 et
960 1221 1225 1254 administratio
1247 1220 1422 1265 quelibet,
1441 1227 1476 1253 et
1496 1221 1730 1254 conferantur
1745 1220 1920 1254 beneficia
1941 1233 2006 1266 per
2022 1221 2240 1255 ordinarios.

553 1289 639 1320 Item
664 1287 777 1320 nullos
790 1288 998 1332 percipiant
1011 1292 1207 1332 proventus
1223 1287 1490 1328 ecclesiasticos,
1510 1287 1796 1333 sequestrandos
1816 1299 1928 1333 penes
1948 1288 1992 1321 ad
2013 1287 2081 1321 hoc
2102 1288 2330 1333 deputandos

464 1354 659 1399 episcopos
680 1353 737 1387 vel
758 1353 849 1387 alios
871 1353 1030 1398 prelatos
1051 1353 1200 1398 probos,
1224 1354 1285 1398 qui
1307 1354 1492 1399 predictos
1512 1354 1653 1387 fructus
1672 1355 1794 1387 futuro
1816 1354 2074 1388 reservabunt⁹
2099 1354 2274 1400 pontifici,
2296 1361 2332 1388 et

464 1421 516 1453 sic
538 1420 899 1465 proportionabiliter
919 1420 978 1453 fiat
1005 1433 1090 1466 erga
1112 1420 1316 1453 cardinales
1337 1421 1542 1466 utriusque.
1566 1422 1609 1454 Et
1634 1421 1706 1454 hiis
1725 1421 1829 1454 factis
1854 1421 1957 1454 multi
1984 1428 2131 1466 sperant
2151 1421 2239 1455 satis
2259 1422 2330 1455 cito

464 1487 589 1520 haberi
611 1499 720 1532 posse
742 1487 927 1520 unionem.

554 1597 776 1630 Reffellenda
798 1604 852 1630 est
868 1598 926 1631 via
939 1599 1068 1641 facti¹⁰
1086 1610 1151 1643 pro
1173 1610 1282 1640 nunc,
1305 1599 1451 1632 attentis
1469 1598 1655 1632 coloribus
1677 1599 1868 1644 utriusque
1886 1599 1997 1644 partis
2019 1605 2053 1632 et
2073 1598 2329 1632 inconvenien-

465 1664 561 1697 tibus
582 1676 652 1709 que
673 1664 757 1697 inde
778 1671 857 1697 nata
879 1672 1004 1698 essent
1025 1665 1171 1698 evenire
1193 1666 1230 1698 in
1251 1665 1525 1699 christianitate.

553 1731 759 1765 Avisandus
781 1738 836 1764 est
856 1743 919 1764 rex
939 1732 1035 1777 quod
1058 1732 1192 1765 scribat
1212 1732 1350 1765 alteri¹¹
1374 1733 1590 1778 responsive
1612 1733 1655 1766 ad
1677 1732 1816 1766 litteras
1837 1732 1907 1766 sibi
1929 1733 2210 1767 transmissas¹¹.

641 1843 770 1876 Prima
789 1843 846 1876 via
867 1854 929 1888 que
949 1848 1000 1876 est
1020 1842 1062 1876 de
1083 1843 1245 1877 Consilio
1262 1844 1428 1889 generali
1445 1844 1715 1890 diversificatur
1728 1856 1834 1889 penes
1854 1843 1974 1878 modos
1991 1843 2152 1878 diversos

1100 1910 1191 1943 illud
1213 1911 1412 1944 Consilium
1433 1910 1690 1957 congregandi.

554 2015 696 2048 Primus
726 2016 856 2048 modus
891 2016 1001 2057 [dicit]
1037 2017 1134 2061 quod
1165 2024 1357 2050 vocaretur
1385 2018 1584 2051 secundum
1617 2019 1767 2051 sormam
1795 2018 1905 2063 juris,
1936 2024 1971 2051 et
1999 2017 2199 2051 secundum
2231 2017 2327 2051 illam

465 2081 614 2114 formam
636 2094 708 2115 non
730 2083 952 2127 presumitur
973 2083 1070 2128 quod
1092 2090 1268 2125 errarent,
1291 2091 1612 2130 quantumcunque
1634 2091 1759 2118 essent
1779 2097 1844 2130 per
1864 2091 1983 2130 partes
2005 2084 2197 2130 promoti¹³
2218 2083 2329 2130 aliqui

466 2147 515 2179 ibi
537 2155 738 2192 presentes.

554 2216 600 2246 2¹¹⁵
622 2215 750 2248 modus
776 2216 862 2249 dicit
886 2217 982 2261 quod
1004 2217 1207 2250 Consilium
1235 2218 1407 2263 generale
1433 2219 1669 2251 constitutum
1698 2218 1948 2263 principaliter
1973 2230 2015 2251 ex
2040 2217 2188 2263 prelatis
2209 2217 2326 2251 solum

467 2292 538 2312 non
567 2281 751 2325 expediret
785 2290 932 2328 propter
960 2284 1076 2316 varias
1104 2296 1228 2316 eorum
1257 2285 1487 2326 affectiones,
1517 2297 1668 2330 quarum
1699 2285 1810 2318 multe
1840 2291 2010 2330 suspecte
2040 2283 2175 2317 debent
2202 2283 2328 2317 haberi

468 2347 657 2379 occasione
688 2349 970 2392 promotionum,
999 2351 1228 2383 affectionum
1261 2351 1497 2384 cardinalium
1526 2359 1586 2385 aut
1613 2352 1780 2392 aliorum,
1803 2358 1838 2384 et
1867 2351 1935 2384 sub
1963 2351 2033 2384 isto
2059 2352 2093 2383 2⁰
2115 2350 2222 2384 modo
2243 2357 2329 2384 sunt

467 2412 683 2446 avisamenta
705 2426 773 2458 que
795 2423 982 2460 sequntur.

556 2480 605 2510 P¹¹¹
627 2486 741 2512 autem
765 2482 861 2525 quod
888 2483 1014 2527 prelati
1044 2484 1198 2528 promoti
1229 2497 1293 2529 per
1318 2492 1439 2529 partes
1469 2497 1541 2517 non
1572 2485 1793 2518 interessent
1822 2484 2074 2530 personaliter,
2102 2484 2167 2517 sed
2192 2496 2258 2529 pro
2288 2495 2327 2518 se

467 2544 558 2577 alios
580 2545 774 2587 mitterent,
802 2547 993 2592 eligendos
1024 2562 1087 2594 per
1117 2551 1218 2595 ipsos
1244 2563 1324 2583 cum
1351 2551 1509 2596 capitulo
1531 2563 1596 2584 sue
1621 2551 1775 2584 ecclesie
1797 2547 2026 2591 cathedralis,
2049 2550 2110 2583 ubi
2132 2550 2327 2596 episcopus

469 2610 601 2643 nullam
625 2613 793 2655 majorem
815 2626 938 2646 vocem
960 2615 1109 2649 haberet
1131 2629 1233 2661 quam
1257 2617 1293 2649 in
1314 2617 1395 2651 aliis
1417 2617 1527 2651 rebus
1548 2617 1814 2651 communibus.

556 2678 599 2709 2¹¹¹
621 2678 718 2721 quod
740 2678 783 2711 de
805 2680 964 2723 qualibet
985 2682 1122 2715 diocesi
1142 2683 1269 2716 famata
1290 2684 1326 2716 in
1348 2683 1537 2717 latitudine
1560 2684 1677 2729 plebis
1700 2684 1927 2717 mitterentur
1944 2690 2030 2726 tres,
2048 2695 2142 2717 unus
2163 2695 2206 2717 ex
2227 2689 2327 2728 parte

468 2742 724 2787 religiosorum
754 2745 847 2778 dicte
877 2746 1052 2788 diocesis,
1086 2749 1178 2782 alius
1206 2762 1249 2783 ex
1279 2757 1378 2795 parte
1408 2750 1555 2796 capituli
1582 2750 1798 2784 cathedralis
1827 2757 1861 2783 et
1892 2750 2039 2783 aliarum
2068 2750 2326 2795 colegiatarum

468 2809 719 2851 ecclesiarum3
742 2812 789 2844 3¹¹s
808 2823 850 2844 ex
871 2820 969 2857 parte
991 2814 1152 2860 episcopi
1174 2829 1253 2849 cum
1276 2817 1425 2850 residuo
1447 2829 1512 2850 sue
1533 2817 1664 2862 plebis·

556 2877 599 2908 3³¹
618 2877 715 2921 quod
730 2878 831 2921 juxta
848 2891 1037 2912 numerum
1056 2881 1273 2925 prelatorum
1292 2884 1352 2928 qui
1370 2883 1504 2917 ibidem
1528 2884 1760 2917 extimaretur
1780 2884 1972 2926 interesse,
1996 2896 2060 2929 per
2081 2883 2199 2917 studia
2219 2894 2326 2928 gene-
