2488 3386
187 345 282 382 1359]
595 359 641 380 AB
676 359 781 382 ANNo
817 359 948 382 MCCCL
981 360 1115 389 USQUE
1151 362 1200 383 AD
1237 362 1504 385 BENEDJCTUM
1540 365 1629 388 X111.
2002 359 2043 392 67

271 433 386 465 XXX.
413 434 500 465 Item
513 432 537 450 ¹⁸
555 440 587 466 et
605 433 702 478 quod
722 433 807 466 licet
827 434 1016 478 presertim
1035 434 1234 467 secundum
1257 436 1414 480 prefatos
1432 449 1551 470 mores
1568 438 1609 470 ad
1627 439 1809 482 juniorem
1831 441 2040 485 magistrum

185 498 222 531 in
243 498 425 544 theologia
447 506 481 532 et
507 499 550 532 ad
580 506 834 545 procuratores
856 507 1009 545 quatuor
1029 501 1214 534 nationum
1242 502 1421 535 facultatis
1442 504 1570 536 artium
1592 511 1626 537 et
1652 505 1695 537 ad
1725 505 1890 539 bedellos
1911 508 2045 551 princi-

186 565 285 610 pales
314 565 567 610 theologorum
594 573 629 599 et
657 567 799 608 artium,
826 579 969 600 necnon
996 567 1039 600 ad
1070 567 1162 600 duos
1192 567 1397 613 burgenses
1427 570 1653 603 Parisienses
1683 572 1782 604 solos
1813 579 1848 605 et
1876 573 2046 606 duntaxat

186 631 343 677 pertinet
368 638 404 665 et
432 632 614 676 pertinere
639 633 829 666 consuevit
849 645 867 666 a
888 640 986 666 tanto
1013 640 1189 678 tempore,
1214 634 1258 666 de
1288 635 1392 679 cujus
1413 637 1593 669 contrario
1616 638 1786 670 memoria
1814 650 1886 670 non
1912 639 2043 679 existit,

186 698 343 731 visitatio
370 698 558 731 domorum
588 699 808 732 studentium
841 700 1098 732 Parisiensium
1129 706 1164 732 et
1190 701 1319 733 taxatio
1346 701 1559 734 salariorum
1586 704 1783 736 eorundem
1810 716 1816 736 :
1843 712 2046 750 verumpta-

187 776 270 797 men
301 776 418 810 nuper
445 771 480 798 et
509 765 553 798 de
583 777 678 798 novo
707 765 802 798 idem
834 772 954 799 rector
982 766 1194 799 auctoritate
1226 768 1371 812 propria
1401 768 1484 801 huic
1511 769 1708 802 visitationi
1739 782 1777 803 ac
1810 772 1978 804 taxationi
2009 784 2047 805 se

185 830 366 864 inmittere
387 831 490 864 nisus
511 838 578 864 est.

277 895 432 932 [XXXI].
466 899 589 931 lte1n¹⁹
620 906 655 932 et
684 899 781 944 quod
813 899 898 932 dicti
931 906 1051 933 rector
1080 907 1115 933 et
1144 900 1309 945 magistri
1336 901 1514 934 facultatis
1543 902 1670 935 artium
1697 903 1754 935 vel
1781 903 1873 936 alius
1899 915 1963 936 seu
1989 905 2049 937 alii

189 964 334 997 nomine
354 964 516 1009 ipsorum
538 965 629 1009 ipsis
650 964 718 998 hoc
738 973 878 1010 gratum
896 965 1115 999 habentibus
1132 967 1302 1000 dixerunt,
1317 979 1382 1000 seu
1400 967 1489 1000 dixit
1508 975 1644 1001 temere
1661 970 1913 1002 comminando
1935 970 2047 1015 palam

189 1037 225 1064 et
241 1030 384 1075 publice
402 1031 505 1064 etiam
528 1031 565 1063 in
586 1032 870 1077 congregatione
891 1033 1066 1078 generali,
1086 1045 1125 1066 se
1145 1033 1366 1066 inhibituros
1388 1040 1423 1066 et
1443 1046 1482 1067 se
1503 1034 1669 1067 inhibere
1688 1036 1859 1070 facturos.
1877 1048 1922 1069 ne
1940 1037 2050 1082 aliqui

190 1097 350 1130 scolares
371 1109 435 1130 seu
457 1097 646 1131 studentes
673 1098 717 1130 ad
744 1098 920 1132 lec-tiones
948 1100 1203 1144 magistrorum
1230 1100 1267 1132 in
1289 1100 1471 1145 theologia
1493 1107 1528 1133 et
1548 1113 1737 1134 sermones
1759 1103 1919 1147 ipsorum
1942 1104 2052 1137 intra-

192 1170 273 1196 rent
293 1163 360 1196 sub
382 1176 472 1209 pena
494 1164 742 1209 resegacionis
764 1165 836 1208 (sic)
855 1172 888 1198 et
909 1166 1122 1210 privationis
1144 1178 1161 1199 a
1178 1167 1370 1199 consoreio
1389 1167 1482 1200 dicte
1503 1168 1681 1201 facultatis
1702 1169 1829 1201 artium
1848 1177 1880 1202 et
1899 1171 2052 1203 Univer—

192 1230 308 1263 sitatis
329 1230 503 1275 predicte,
526 1231 622 1275 quod
644 1231 775 1263 nedum
798 1232 909 1264 cessit
935 1239 968 1265 et
997 1233 1093 1265 cedit
1120 1233 1156 1265 in
1177 1233 1394 1278 vituperium
1419 1233 1596 1266 dictorum
1619 1236 1872 1279 magistrorum
1895 1237 1931 1269 in
1952 1237 2053 1270 theo-

191 1296 299 1342 logia,
322 1296 484 1341 quinimo
515 1297 551 1329 in
573 1298 748 1341 jacturam
775 1297 860 1330 fidei
887 1298 1062 1331 catholice
1084 1306 1119 1331 et
1138 1300 1294 1332 favorem
1318 1299 1476 1332 heretice
1503 1301 1699 1345 pravitatis,
1718 1314 1796 1334 011111
1821 1309 1888 1335 tam
1910 1303 1954 1335 de
1970 1305 2053 1347 jure

193 1363 328 1409 scripto
349 1375 453 1408 quam
481 1363 585 1396 etiam
612 1363 656 1396 de
688 1364 825 1397 ratione
855 1365 1156 1398 excommunicati
1182 1372 1216 1398 et
1241 1366 1345 1399 etiam
1369 1366 1536 1399 infideles
1558 1368 1700 1412 possint
1720 1369 1857 1401 admitti
1886 1370 1922 1402 in
1943 1371 2053 1403 scolis

193 1430 356 1463 doctrine
377 1429 462 1462 fidei
483 1436 517 1463 et
538 1430 770 1464 sermonibus
790 1431 936 1464 divinis.

280 1494 452 1531 [XXX11].
473 1497 560 1529 Item
579 1496 664 1529 dicti
686 1504 805 1530 rector
826 1505 860 1530 et
881 1498 1043 1543 magistri
1061 1499 1189 1531 artium
1207 1499 1386 1532 facultatis
1403 1511 1465 1532 seu
1489 1500 1580 1533 alius
1602 1501 1748 1533 nomine
1769 1502 1945 1546 ipsorum,
1966 1503 2056 1548 ipsis

195 1562 263 1596 hoc
282 1570 420 1608 gratum
441 1562 673 1604 habentibus,
692 1563 909 1597 diffamando
931 1564 1048 1597 dictos
1069 1565 1264 1610 magistros
1285 1565 1484 1610 theologie,
1502 1566 1615 1611 palam
1635 1574 1667 1600 et
1688 1567 1831 1612 publice
1852 1569 1888 1600 in
1910 1569 2055 1613 publico

192 1641 359 1663 sermone
380 1641 493 1674 penes
514 1629 763 1663 Predicatores
784 1631 944 1663 Parisius
965 1631 1133 1672 asseruit,
1160 1632 1262 1677 ipsos
1291 1632 1486 1677 magistros
1515 1633 1708 1678 theologos
1733 1635 1809 1666 fore
1835 1637 2001 1679 perjuros
2023 1643 2058 1669 et

192 1696 533 1736 excommunicatos,
550 1696 633 1729 licet
654 1696 744 1729 falso
766 1703 801 1730 et
820 1697 994 1731 mandose
1014 1698 1098 1742 (sic).

281 1761 473 1797 [XXXltl].
497 1764 583 1796 litem
607 1763 692 1796 licet
713 1763 756 1796 de
774 1775 841 1796 usu
860 1770 892 1796 et
911 1763 1140 1797 observantia
1157 1764 1402 1798 laudabilibus
1420 1765 1513 1798 dicte
1530 1766 1786 1800 Universitatis
1803 1768 1942 1809 existat,
1961 1769 2058 1813 quod

194 1829 526 1875 quocienscumque
553 1829 589 1861 in
614 1829 692 1874 ipsa
718 1830 961 1863 Universitate
989 1831 1099 1864 missa
1121 1831 1338 1873 celebratur,
1359 1833 1596 1877 congregatio
1625 1833 1808 1877 generalis
1835 1841 1917 1878 post
1944 1835 2056 1879 ipsam

194 1896 339 1929 missam
367 1895 475 1929 habet
499 1903 532 1929 et
560 1896 750 1929 consuevit
770 1896 861 1937 fieri,
889 1897 935 1929 ita
957 1897 1054 1941 quod
1076 1909 1221 1943 semper
1243 1898 1402 1931 divinum
1427 1899 1582 1932 officium
1605 1900 1836 1945 anteponitur
1859 1912 1865 1933 z
1891 1913 2059 1946 verump-

195 1969 312 1996 tamen
333 1962 506 2007 magister
520 1962 704 1995 Johannes
722 1962 765 1995 de
787 1963 957 2003 Marchia,
977 1970 1060 1996 tunc
1082 1964 1249 2005 rector’0,
1268 1965 1396 1997 ordine
1418 1973 1631 2010 prepostero
1649 1973 1684 1998 et
1705 1966 1811 1999 nimis
1833 1974 2057 2011 prepostere,

196 2029 279 2062 dum
308 2028 417 2061 missa
447 2028 630 2074 generalis
658 2029 912 2062 Universitatis
946 2029 1123 2063 celebrari
1152 2030 1304 2064 deberet
1332 2031 1426 2076 apud
1457 2033 1600 2065 Fratres
1634 2033 1794 2065 Minores
1823 2033 1934 2065 Paris.
1965 2045 2059 2066 anno

197 2095 341 2128 Domini
362 2094 556 2127 millesimo
577 2095 682 2128 CCC⁰
695 2096 837 2135 LV1110,
860 2095 918 2128 die
939 2096 1062 2140 quinta
1083 2097 1221 2130 mensis
1243 2097 1427 2139 Octobris,
1445 2098 1557 2143 ipsam
1581 2098 1726 2131 missam
1749 2100 1955 2144 postposuit
1975 2112 2061 2132 con-

197 2162 445 2207 gregationem
476 2161 590 2206 ipsam
617 2162 868 2206 preponendo,
894 2169 933 2194 ut
959 2162 1061 2207 ipsos
1083 2163 1276 2208 magistros
1298 2163 1491 2209 theologos
1512 2164 1549 2197 in
1570 2165 1778 2210 receptione
1798 2165 2058 2210 apostolorum,

198 2240 289 2273 quos
306 2228 342 2260 in
362 2228 439 2272 ipsa
460 2227 744 2272 congregatione
761 2227 941 2260 habebant
956 2229 1133 2273 recipere,
1152 2230 1353 2262 secundum
1376 2230 1566 2263 terminum
1586 2231 1639 2263 eis
1656 2232 1830 2276 prefixum
1853 2244 1963 2277 super
1979 2244 2060 2277 pro-

196 2294 384 2328 vocatione
419 2305 483 2326 seu
517 2293 760 2338 appellatione
790 2294 833 2327 ad
861 2301 1018 2327 sanctam
1047 2295 1171 2328 sedem
1199 2296 1447 2341 apostolicam,
1478 2296 1522 2329 ab
1548 2297 1639 2342 ipsis
1669 2298 1853 2342 magistris
1879 2298 2061 2343 theologis

196 2361 396 2405 interjecta,
413 2360 694 2393 circumveniret
715 2367 750 2393 et
770 2360 1011 2394 defraudaret.

286 2425 483 2461 [XXXIIII.
507 2427 594 2459 Item
616 2426 748 2468 licet]²¹
771 2427 935 2472 magistri
957 2427 1118 2473 theologi
1140 2440 1288 2461 suorum
1306 2429 1644 2474 commagistrorum
1662 2430 1891 2462 morientium
1909 2442 2061 2463 consue-

197 2493 316 2527 verint
335 2505 487 2538 corpora
503 2493 546 2526 ad
564 2493 785 2538 sepulturam
804 2494 976 2535 defferre,
994 2501 1267 2539 verumptamen
1285 2496 1369 2528 dum
1387 2496 1561 2541 magister
1577 2496 1783 2538 Oudar[dus
1800 2497 1843 2529 de
1861 2497 2060 2537 G]annis²²,

198 2559 359 2605 ipsorum
382 2559 635 2604 theologorum
658 2560 869 2602 condoctor,
896 2561 990 2593 foret
1010 2568 1189 2603 mortuus,
1211 2562 1354 2607 ipsique
1375 2563 1539 2607 magistri
1564 2563 1793 2596 attenderent
1819 2570 1854 2596 et
1883 2575 2062 2608 propone-

200 2632 279 2659 rent
294 2626 394 2670 juxta
415 2625 549 2658 dictum
570 2637 677 2658 usum
698 2632 766 2659 tam
788 2626 1015 2667 lauda[bilem
1039 2634 1074 2660 et
1088 2628 1255 2672 ju]stu1n,
1276 2628 1392 2672 ipsius
1413 2640 1546 2673 corpus
1567 2629 1721 2661 defferre
1741 2641 1747 2661 :
1772 2641 1836 2673 pro
1857 2636 1955 2674 parte
1978 2629 2062 2661 dicti

200 2691 352 2724 rectoris
379 2698 415 2724 et
442 2691 698 2737 magistrorum
720 2692 899 2725 facultatis
920 2693 1048 2726 artium
1070 2694 1137 2726 fuit
1165 2694 1256 2738 ipsis
1284 2695 1469 2739 magistris
1492 2694 1672 2740 theologis
1694 2695 1958 2735 eom1ninat[um
1983 2698 2061 2734 ....],

201 2758 298 2803 quod
322 2758 353 2791 si
380 2757 424 2790 ad
454 2758 740 2803 deportationem
772 2758 857 2791 dicti
883 2759 1048 2804 corporis
1075 2772 1219 2792 manum
1247 2767 1483 2805 apponerent,
1514 2761 1630 2801 ic[t]us
1661 2768 1693 2793 et
1721 2761 1871 2794 verbera
1900 2761 1953 2793 eis
1982 2760 2063 2793 dicti

201 2830 321 2858 rector
350 2830 386 2857 et
415 2824 580 2869 magistri
609 2824 734 2857 artiste
763 2824 952 2866 inferrent,
984 2831 1019 2858 et
1047 2830 1219 2871 pro[pter]
1250 2827 1557 2859 comminatoriam
1588 2827 1754 2870 injuriam
1786 2826 1871 2858 dicti
1901 2826 2063 2870 magistri

202 2889 382 2935 theologi,
412 2901 458 2922 ne
492 2889 606 2923 dictas
632 2890 831 2923 violencias
865 2903 883 2923 a
914 2891 1020 2924 dictis
1054 2891 1204 2932 artistis,
1234 2892 1295 2936 qui
1330 2891 1419 2924 tales
1453 2892 1568 2924 minas
1599 2903 1682 2924 suas
1712 2892 1852 2923 effectui
1883 2891 2064 2933 [mandare
