2488 3386
189 351 286 388 1364]
604 362 651 384 ΑΒ
685 362 790 384 ΑΝΝΟ
825 361 957 384 MCCCL
993 362 1124 390 USQUE
1160 363 1208 384 AD
1244 363 1508 386 BENEDtCTUM
1542 366 1633 387 x111.
1994 356 2053 391 1'17

276 451 292 468 «
316 436 520 470 Reverendi
554 435 717 481 magistri
752 435 823 467 mei
856 441 890 467 et
920 435 1072 476 domini,
1100 435 1183 479 quia
1217 435 1335 480 aliqua
1370 436 1443 469 dixi
1470 437 1506 469 in
1535 438 1713 482 principio
1744 451 1823 471 meo
1855 441 2056 474 Sententia-

187 515 280 545 rum,
299 515 368 548 que
389 503 426 536 in
447 502 596 536 auribus
617 501 874 535 nonnullorum
897 501 991 534 male
1013 508 1246 543 sonaverunt,
1266 508 1302 534 et
1321 514 1363 535 ex
1384 515 1507 543 causa,
1527 515 1608 548 ego,
1627 505 1776 537 veritate
1797 513 1941 539 coactus
1959 515 1993 540 et
2014 520 2055 541 ex

188 570 416 603 ordinatione
442 568 633 602 reverendi
662 568 772 613 patris
794 568 931 600 domini
960 567 1179 609 cancellarii,
1206 580 1245 600 ac
1270 568 1449 602 facultatis
1479 569 1661 614 theologie
1690 571 1957 615 magistrorum,
1982 580 2057 606 tan-

188 648 292 681 quam
320 635 474 669 ecclesie
500 642 536 668 et
562 635 656 668 dicte
682 634 861 667 facultatis
887 633 1072 679 theologie
1099 633 1247 667 humilis
1274 634 1383 676 filius,
1415 635 1493 680 ipsa
1523 636 1615 668 dicta
1643 637 1679 668 in
1710 638 1846 681 prefato
1876 639 2056 684 principio

188 714 268 735 meo
290 702 380 735 male
402 702 519 747 posita
539 701 684 747 corrigo
706 700 774 734 sub
795 700 860 733 hac
880 700 994 733 forma
1013 712 1020 732 ε

276 783 300 814 α,
315 769 405 812 Quia
426 768 535 801 tercia
556 767 744 800 conclusio
766 767 882 812 quarti
907 766 1050 799 articuli
1076 767 1146 799 mei
1168 767 1247 809 suit,
1272 767 1369 812 quod
1395 767 1461 800 hec
1488 767 1691 810 benedicta,
1713 771 1814 814 ymo⁵
1837 771 2056 816 superbene—

186 835 279 868 dicta
300 835 357 868 lex
378 841 412 868 et
433 834 657 875 dulcissima,
680 833 852 867 videlicet
876 833 934 866 lex
954 833 1102 875 amoris,
1126 833 1169 866 de
1191 845 1259 878 qua
1281 833 1470 878 loquebar,
1493 846 1634 867 omnem
1659 836 1775 868 aufert
1800 838 2053 882 proprietatem

185 908 221 934 et
246 901 463 942 dominium
492 899 656 946 probavi,
682 900 765 945 quia
794 912 868 932 non
894 900 1015 944 querit
1038 899 1247 940 vindictam,
1275 900 1358 944 quia
1387 915 1401 931 α
1429 901 1569 945 patiens
1596 908 1651 934 est
1677 916 1706 942 n,
1731 903 1850 946 prime
1873 904 2054 945 Corinth„

184 972 264 1000 xnl⁰
286 972 330 1009 [v.
349 969 398 1009 4];
421 979 494 1000 non
522 967 737 1012 grossiciem
765 966 900 1008 cordis,
929 966 1010 1011 quia
1038 966 1186 1011 paciens
1208 973 1264 999 est
1288 966 1415 999 dolore
1441 967 1612 1012 proximi,
1640 968 1738 1008 item,
1765 981 1837 1001 non
1864 977 1919 1002 est
1943 971 2055 1003 ambi-

186 1034 277 1067 tiosa
298 1041 470 1079 quantum
490 1034 535 1067 ad
559 1033 736 1074 honores;
759 1044 833 1065 non
854 1033 974 1078 querit
993 1045 1063 1077 que
1085 1045 1149 1065 sua
1171 1039 1267 1074 sunt,
1291 1040 1463 1077 quantum
1485 1034 1528 1066 ad
1554 1034 1782 1079 temporalia,
1806 1036 1902 1068 unde
1924 1036 2026 1081 glosa
2046 1049 2052 1070 :

187 1115 203 1131 «
226 1102 306 1134 Non
325 1100 515 1141 emulatur,
539 1100 576 1133 id
601 1106 668 1141 est,
695 1111 768 1132 non
793 1099 943 1141 invidet,
967 1099 1050 1144 quia
1071 1111 1144 1132 non
1172 1111 1248 1132 eam
1270 1099 1386 1132 aliena
1406 1100 1597 1133 contristat
1623 1101 1796 1142 felicitas3
1820 1102 1885 1135 sed
1906 1103 2054 1136 alterius

186 1181 202 1198 a
225 1166 360 1200 bonum
387 1166 507 1212 diligit
532 1173 572 1199 ut
596 1178 700 1199 suum
724 1180 740 1197 »
765 1177 771 1198 :
795 1166 992 1211 predictam
1022 1166 1250 1210 questionem
1276 1177 1407 1199 revoco
1436 1173 1604 1211 tanquam
1631 1167 1769 1209 salsam,
1801 1180 1989 1202 erroneam
2020 1177 2055 1202 et

183 1232 392 1274 hereticam,
424 1233 507 1278 quia
536 1232 705 1266 Christus
736 1239 770 1265 et
799 1232 967 1277 Apostoli
997 1232 1093 1265 illam
1124 1232 1244 1277 legem
1276 1233 1542 1277 perfectissime
1570 1240 1776 1275 tenuerunt,
1800 1241 1835 1267 et
1861 1235 1963 1268 multi
1993 1236 2053 1268 alii

183 1305 338 1332 statuum
357 1299 585 1333 diversorum
606 1299 725 1344 legem
742 1298 832 1331 hanc
849 1299 982 1331 amoris
1003 1298 1337 1332 benedictissimam
1355 1299 1459 1331 etiam
1482 1300 1641 1344 perfecte
1658 1307 1864 1342 tenuerunt,
1884 1308 1918 1334 et
1937 1302 2053 1335 adhuc

183 1365 286 1398 multi
318 1372 460 1407 tenent,
491 1371 527 1398 et
559 1377 624 1410 per
653 1366 719 1398 Dei
754 1365 903 1410 gratiam
934 1365 1123 1406 tenebunt,
1155 1365 1216 1410 qui
1252 1366 1509 1410 proprietatem
1540 1373 1575 1398 et
1605 1366 1804 1399 dominium
1835 1367 2052 1409 habuerunt,

182 1430 317 1465 habent
336 1432 440 1465 etiam
463 1438 498 1465 et
523 1431 720 1464 habebunt.
748 1432 837 1464 Dico
861 1432 980 1472 etiam,
1006 1431 1104 1476 quod
1129 1432 1323 1464 auctoritas
1351 1431 1506 1477 apostoli
1534 1439 1569 1465 et
1593 1433 1709 1477 glosa,
1732 1445 1796 1478 per
1817 1446 1906 1478 quas
1928 1435 2053 1479 proba-

182 1497 277 1539 bam,
299 1510 372 1531 non
393 1497 547 1543 probant
567 1498 763 1543 predictam
786 1497 1073 1539 conclusionem,
1097 1509 1215 1542 neque
1238 1504 1323 1531 sunt
1342 1498 1385 1531 ad
1412 1499 1652 1543 propositum,
1675 1506 1709 1531 ut
1731 1507 1878 1544 apparet
1898 1501 2051 1533 intuenti

181 1570 317 1597 textum
339 1571 374 1597 et
393 1564 517 1610 glosas
538 1565 758 1598 auctenticas
779 1576 890 1609 super
910 1564 986 1597 illo.

272 1645 288 1662 «
312 1632 363 1664 Ex
383 1631 476 1664 dicta
497 1631 734 1664 conclusione
755 1631 861 1664 intuli
881 1631 1117 1664 correlarium
1139 1631 1308 1676 primum,
1327 1631 1425 1676 quod
1446 1631 1512 1664 hec
1534 1631 1591 1664 lex
1612 1632 1810 1677 desponsat
1831 1633 1902 1666 duo
1924 1645 2053 1678 prono-

181 1697 278 1730 mina
298 1698 520 1742 possessiva,
542 1697 713 1731 videlicet
739 1710 857 1730 meum
883 1704 918 1730 et.
943 1704 1054 1730 tuum.
1083 1697 1249 1739 Probavi,
1278 1698 1360 1742 quia
1386 1698 1453 1730 ista
1479 1698 1550 1730 duo
1572 1710 1682 1730 unum
1704 1699 1800 1739 facit,
1827 1699 1919 1731 imo6
1948 1700 2051 1732 etiam

183 1764 302 1797 omnia
318 1764 355 1796 in
372 1776 483 1797 unum
500 1771 710 1810 congregat,
729 1764 824 1797 sicut
844 1764 1032 1797 Dionisius
1048 1764 1090 1798 de
1106 1764 1240 1798 Celesti
1254 1765 1452 1805 Ierarclzia,
1471 1765 1628 1809 capitulo
1646 1766 1775 1810 primo,
1794 1766 1830 1798 in
1847 1766 2025 1811 principio
2045 1778 2051 1799 x

183 1845 199 1861 a
222 1829 339 1863 Omne
359 1830 479 1863 datum
501 1830 637 1863 bonum
658 1837 693 1863 et
713 1842 819 1863 omne
841 1831 975 1863 donum
998 1831 1197 1876 perfectum
1220 1831 1416 1863 desursum
1439 1837 1508 1872 est,
1530 1831 1761 1864 descendens
1782 1844 1799 1864 a
1826 1833 1927 1864 Patre
1949 1832 2055 1864 lumi-

183 1910 199 1927 «
222 1897 340 1929 num⁷.
372 1897 443 1930 Sed
464 1903 498 1930 et
518 1903 670 1930 cunctus
691 1909 709 1930 a
730 1898 833 1930 Patre
854 1897 942 1930 moti
963 1897 1112 1930 luminis
1133 1897 1372 1942 apparitionis
1395 1909 1591 1942 processus
1612 1898 1656 1930 ad
1677 1910 1744 1930 nos
1764 1898 1935 1931 bonitatis
1958 1899 2054 1931 dono

183 1977 199 1994 «
220 1963 386 2005 veniens,
408 1975 537 1997 rursus
558 1964 652 1996 sicut
672 1976 781 1996 unum
804 1964 940 1997 faciens
961 1964 1077 1997 virtus
1103 1964 1340 1997 suscitatione
1366 1975 1433 1996 nos
1454 1964 1627 2009 adimplet
1653 1971 1685 1997 et
1707 1965 1886 1997 convertit
1905 1965 1948 1998 ad
1968 1977 2054 1998 con-

183 2043 200 2060 «
221 2029 409 2074 gregantis
429 2030 545 2063 Patris
572 2030 744 2063 unitatem
774 2037 808 2063 et
835 2030 998 2063 deificam
1025 2030 1307 2075 simplicitatem.
1339 2031 1451 2063 Amor
1479 2030 1573 2063 enim
1605 2031 1724 2063 onmia
1750 2043 1859 2064 unum
1886 2038 1921 2064 et
1945 2032 2052 2064 unius

185 2109 201 2126 ι(
222 2095 319 2137 facit,
338 2096 478 2129 scilieet
497 2097 576 2137 Dei,
595 2097 677 2141 quia
698 2109 771 2129 non
792 2097 912 2141 querit
932 2109 1001 2141 quc
1024 2109 1087 2129 sua
1109 2103 1208 2138 sunt,
1226 2096 1292 2129 sed
1312 2108 1382 2141 que
1403 2096 1515 2129 Jhesu
1532 2096 1681 2130 Christi.
1702 2111 1717 2127 »

271 2176 288 2193 «
311 2163 412 2204 Item,
435 2162 541 2195 intuli
564 2163 763 2196 secundum
786 2163 1034 2203 correlarium,
1061 2163 1158 2208 quod
1184 2175 1257 2195 non
1279 2163 1400 2196 minus
1425 2163 1509 2196 facit
1531 2164 1651 2196 omnia
1672 2164 1875 2196 communia
1897 2164 2052 2208 perfecta

182 2228 324 2270 caritas,
343 2241 447 2273 quam
469 2236 626 2262 extrema
647 2230 859 2263 necessitas.
883 2229 1048 2270 Probavi,
1068 2230 1150 2274 quia
1171 2241 1283 2262 unum
1301 2229 1340 2262 fit
1357 2241 1399 2262 ex
1416 2241 1536 2262 amore
1557 2230 1626 2271 sui,
1646 2236 1681 2262 et
1699 2229 1849 2262 alterum
1869 2242 1911 2263 ex
1931 2242 2052 2263 amore

182 2294 268 2334 Dei;
292 2295 357 2328 sed
378 2295 519 2328 affectio
535 2296 626 2340 justi
647 2302 703 2329 est
722 2296 896 2329 intentior
912 2303 947 2329 et
970 2295 1169 2341 eligibilior
1190 2307 1294 2340 quam
1317 2296 1511 2336 commodi,
1535 2307 1600 2340 per
1620 2295 1836 2328 bacalarium
1858 2296 1902 2329 de
1925 2297 2052 2329 Sancto

183 2361 403 2403 Bernardo⁸,
430 2362 467 2394 in
493 2362 654 2395 secundo
676 2362 872 2395 correlario
895 2369 1020 2407 quarte
1047 2362 1299 2395 conclusionis
1320 2362 1426 2406 primi
1453 2362 1595 2394 articuli
1619 2374 1625 2394 :
1649 2362 1761 2407 igitur
1785 2366 1887 2403 [etc.].
1916 2362 2052 2395 Confir-

183 2427 349 2471 mavique
370 2439 436 2472 per
457 2428 717 2473 Augustinum,
744 2429 780 2461 in
802 2429 956 2474 prologo
978 2429 1118 2462 Contra
1144 2429 1292 2473 quinque
1314 2428 1448 2461 hereses
1473 2428 1666 2468 dicentem,
1692 2428 1789 2472 quod
1815 2428 1896 2473 plus
1917 2428 2054 2473 obligat

182 2493 312 2526 caritas
333 2505 438 2538 quam
471 2495 684 2528 necessitas.
710 2515 754 2520 ——
779 2495 867 2528 Dico
895 2507 991 2527 nunc
1019 2494 1117 2539 quod
1146 2495 1214 2527 ista
1236 2494 1307 2526 duo
1329 2493 1535 2535 correlaria,
1563 2500 1603 2526 ut
1628 2501 1801 2527 secuntur
1822 2506 1864 2527 ex
1894 2494 2052 2539 predicta

184 2559 434 2602 conclusione,
452 2567 537 2594 sunt
556 2561 656 2594 salsa.
680 2562 793 2594 Etiam
814 2562 896 2594 dico
918 2561 1015 2606 quod
1036 2561 1270 2594 auctoritates
1290 2560 1365 2601 ille,
1385 2572 1473 2604 quas
1494 2560 1640 2600 adduxi,
1662 2572 1735 2593 non
1757 2567 1842 2593 sunt
1861 2561 1903 2593 ad
1926 2572 2052 2605 propo-

183 2625 304 2658 situm.

273 2706 289 2723 «
313 2693 414 2734 Item,
444 2705 486 2725 ex
507 2693 630 2726 eadem
661 2694 822 2739 predicta
851 2695 1088 2727 conclusione
1116 2693 1222 2726 intuli
1251 2692 1350 2725 aliud
1376 2692 1625 2733 correlarium,
1652 2692 1749 2736 quod
1778 2693 1845 2724 fuit
1872 2699 2049 2736 quartum,

184 2758 281 2802 quod
310 2758 400 2792 hanc
428 2759 546 2804 legem
578 2760 678 2793 dedit
704 2760 873 2794 Christus
901 2761 1092 2805 discipulis
1123 2760 1200 2793 suis
1230 2758 1480 2804 principaliter
1507 2758 1549 2790 ad
1578 2758 1764 2791 actualiter
1789 2758 2047 2802 exequendam,

184 2835 258 2857 non
278 2824 396 2857 solum
416 2825 657 2859 habitualiter.
680 2827 846 2869 Probavi,
870 2828 952 2872 quia
973 2827 1061 2860 dixit
1086 2838 1092 2859 ι
1117 2841 1132 2857 «
1158 2827 1232 2858 Hoc
1254 2825 1385 2858 mando
1406 2824 1523 2865 vobis,
1546 2831 1584 2857 ut
1605 2824 1765 2868 diligatis
1787 2824 1959 2864 invicem;
1982 2823 2049 2855 hoc

185 2904 202 2921 «
224 2897 280 2923 est
299 2898 522 2936 preceptum,
539 2899 578 2925 ut
598 2893 758 2938 diligatis
779 2894 948 2935 invicem,
966 2893 1059 2926 sicut
1080 2892 1190 2925 dilexi
1211 2903 1288 2925 vos.
1310 2905 1324 2921 »
1341 2891 1461 2929 ιῙοαη.,
1478 2894 1539 2922 xv⁰
1553 2893 1600 2931 [v.
1618 2891 1663 2929 9].
1682 2890 1782 2922 Istud
1802 2889 2048 2929 correlarium,
