2488 3386
435 343 501 375 446
1015 347 1334 372 cultarum-mum
1369 346 1559 368 uuivizns.
1597 344 1724 366 mnis.
2204 330 2302 368 [1387

525 427 611 458 Item
634 425 693 457 fiat
714 436 783 457 una
803 423 901 456 bulla
922 435 987 468 pro
1011 422 1180 456 omnibus
1201 421 1363 454 articulis
1385 421 1421 453 in
1446 420 1527 453 aliis
1549 417 1724 464 predictis
1745 416 1876 450 rotulis
1896 417 2085 450 concessis
2107 423 2141 450 et
2168 417 2206 449 in
2232 417 2303 450 isto

436 493 540 526 etiam
563 490 822 524 concedendis.

525 559 611 591 Item
630 556 798 590 omnibus
816 563 850 589 et
871 556 1027 601 singulis
1048 555 1232 600 magistris
1249 560 1284 586 et
1304 552 1508 586 scolaribus
1525 551 1620 584 dicte
1637 550 1907 591 Universitatis,
1926 550 2177 595 cujuscunque
2194 550 2299 584 etiam

435 625 531 658 licite
552 623 743 664 facultatis,
766 623 965 668 dignemini
994 622 1165 662 decimas,
1193 620 1356 653 subsidia
1377 626 1412 651 et
1433 630 1543 652 onera
1569 619 1799 663 quecunque,
1821 617 1852 649 si
1874 628 1963 662 quas
1992 628 2057 649 seu
2084 628 2153 662 que
2174 629 2192 650 a
2213 616 2301 650 sede

435 690 631 736 apostolica
659 690 695 722 in
722 690 879 722 futurum
911 700 975 733 pro
1002 700 1141 721 camera
1171 686 1368 731 apostolica
1395 692 1430 718 et
1457 697 1500 717 ex
1529 684 1596 717 alia
1626 695 1733 717 causa
1764 695 1830 717 seu
1858 683 2051 716 occasione
2083 695 2300 728 quacunque

435 757 572 802 imponi
592 756 797 801 contigerit,
823 755 1006 788 remittere
1028 760 1202 799 perpetuo
1225 759 1259 785 et
1286 752 1454 796 quittare,
1477 751 1520 783 ad
1541 753 1655 784 instar
1675 749 1957 783 christianorum
1983 761 2111 794 regum
2134 749 2298 790 Francie,

436 824 497 869 qui
518 823 676 856 decimas
697 822 833 855 eisdem
862 833 879 854 a
907 821 999 853 dicta
1030 819 1116 853 sede
1145 829 1339 852 concessas
1368 817 1475 850 dictis
1505 817 1691 862 magistris
1720 823 1755 849 et
1785 815 1989 849 scolaribus
2020 816 2241 850 remiserunt
2267 822 2302 849 et

436 891 634 935 quittarunt
653 888 852 921 liberaliter
871 900 910 920 ac
932 887 1036 920 etiam
1058 886 1280 931 graciose...

524 958 610 989 Item
629 955 726 1000 quod
742 954 876 1000 gradus
893 961 1054 998 tempore
1072 952 1291 998 signationis
1308 951 1418 985 rotuli
1434 950 1492 984 vel
1514 950 1821 995 supplicationum
1839 949 1882 982 ad
1900 956 2035 994 partem
2053 949 2175 994 adepti
2192 949 2300 982 utiles

436 1023 508 1056 sint
527 1022 709 1067 magistris
727 1028 761 1054 et
780 1020 931 1065 perinde
947 1019 1101 1060 valeant,
1119 1031 1157 1052 ac
1175 1019 1205 1052 si
1222 1018 1379 1052 fuissent
1394 1017 1515 1062 adepti
1537 1029 1602 1062 pro
1620 1023 1784 1062 tempore
1802 1016 1883 1049 date
1900 1016 2022 1061 gracie
2043 1015 2135 1061 ipsis
2151 1016 2298 1049 facte....

524 1091 610 1121 ltem
632 1095 666 1121 et
686 1087 782 1133 quod
803 1086 985 1132 aliquibus
1006 1085 1228 1131 pauperibus
1252 1085 1451 1130 magistris,
1473 1084 1535 1129 qui
1557 1095 1630 1116 non
1651 1089 1847 1128 potuerunt
1874 1083 2037 1129 incipere
2058 1082 2094 1115 in
2115 1081 2299 1128 theologia

434 1156 489 1189 vel
514 1156 550 1187 in
570 1156 653 1200 jure
674 1154 847 1187 canonico
869 1160 1031 1198 tempore
1052 1152 1301 1185 conclusionis
1323 1151 1431 1184 rotuli
1460 1150 1656 1196 presentis,
1679 1149 1870 1183 intitulatis
1898 1149 1936 1183 in
1961 1149 2038 1182 suis
2065 1148 2300 1194 supplicatio-

433 1221 539 1254 nibus
563 1220 688 1254 bacall.
715 1220 752 1253 in
782 1219 964 1264 theologia
986 1219 1043 1253 vel
1069 1218 1239 1260 decretis,
1262 1230 1336 1251 non
1365 1217 1580 1263 prejudicet,
1604 1216 1801 1249 dummodo
1831 1216 1968 1251 suerint
1994 1215 2192 1257 hacallarii,
2214 1222 2298 1258 etc.,

432 1289 522 1321 infra
543 1294 685 1332 tempus
706 1286 988 1332 presentationis
1011 1286 1138 1331 prefati
1163 1285 1271 1318 rotuli
1291 1291 1412 1318 vestre
1434 1284 1643 1317 beatissime
1666 1283 1846 1318 sanctitati
1867 1283 2078 1328 presentati.

524 1386 546 1409 1.
565 1385 623 1409 Vid.
638 1393 718 1416 supra
734 1393 760 1416 p.
776 1385 830 1412 148,
845 1387 897 1408 not.
917 1385 954 1407 16.

433 1491 573 1528 1538.
597 1509 611 1525 α(
627 1500 745 1526 Botulus
761 1499 961 1534 magistrorum
978 1500 1134 1534 regentium
1147 1498 1301 1533 facultatis
1318 1498 1489 1533 theologiae.
1508 1508 1521 1522 »

516 1595 726 1641 Apostolice
748 1595 925 1628 sanctitati
946 1601 1066 1627 vestre
1166 1593 1373 1639 supplicant
1402 1593 1589 1626 humiliter
1607 1592 1720 1626 vestri
1749 1591 1871 1625 devoti
1893 1597 2056 1624 oratores
2077 1589 2242 1636 magistri
2262 1596 2297 1622 et

429 1662 597 1695 doctores
618 1662 654 1694 in
675 1674 775 1695 sacra
795 1661 978 1707 theologia
1006 1668 1085 1694 actu
1112 1667 1283 1706 regentes
1306 1660 1480 1702 Parisius,
1508 1666 1687 1706 quatenus
1715 1671 1758 1692 ex
1783 1658 1889 1691 solita
1908 1664 2029 1691 vestre
2059 1656 2296 1702 benignitatis

429 1728 625 1761 clemencia
655 1729 791 1761 eisdem
822 1728 975 1761 inferius
1003 1728 1196 1761 nominatis
1223 1727 1418 1772 specialem
1448 1727 1598 1772 gratiam
1631 1726 1806 1759 facientes
1835 1725 1879 1758 de
1907 1724 2097 1757 beneficiis
2127 1723 2214 1757 eccl.

430 1795 714 1828 misericorditer
734 1795 935 1840 dignemini
963 1795 1211 1840 providere...
1235 1796 1395 1835 Attento,
1424 1800 1526 1840 pater
1546 1792 1770 1834 beatissime,
1793 1791 1892 1837 quod
1921 1790 2089 1836 pluribus
2116 1802 2159 1823 ex
2184 1790 2298 1835 magi-

429 1861 514 1894 stris
535 1861 719 1906 theologie
739 1861 917 1894 facultatis
945 1861 981 1893 in
1007 1860 1196 1894 beneficiis
1217 1860 1477 1895 ecclesiasticis
1505 1866 1560 1893 est
1591 1859 1808 1893 tenuissime
1837 1858 2038 1904 provisum,
2068 1856 2239 1903 quodque
2260 1856 2297 1889 in

429 1927 595 1973 pluribus
616 1928 814 1973 provinciis
834 1934 869 1961 et
890 1927 1100 1961 diocesibus
1122 1927 1221 1960 orbis
1247 1927 1416 1960 catholici
1444 1927 1548 1972 pauci
1569 1926 1734 1972 magistri
1755 1926 1792 1958 in
1813 1925 1998 1970 theologia
2020 1930 2105 1957 sunt
2124 1923 2161 1956 in
2181 1922 2298 1957 eccle-

429 1994 493 2027 siis
515 1994 781 2027 cathedralibus
808 1994 1033 2039 prebendati,
1061 1994 1151 2027 adeo
1172 2001 1211 2027 ut
1232 1995 1306 2040 jam
1335 2000 1484 2040 propter
1505 1994 1699 2027 deffectum
1728 1992 1953 2038 provisionis
1980 1991 2165 2036 theologis
2193 1990 2297 2036 pauci
2346 1990 2349 1993 ’

430 2060 588 2094 scolares
610 2072 711 2094 sacre
732 2061 911 2106 scripture
932 2061 1053 2094 studio
1079 2068 1164 2094 sunt
1183 2061 1326 2103 intenti,
1350 2068 1386 2094 et
1406 2061 1509 2106 quasi
1536 2060 1627 2093 nulli
1658 2060 1702 2093 ad
1729 2059 1880 2105 gradum
1905 2059 2114 2092 doctoratus
2141 2057 2178 2090 in
2203 2057 2297 2090 dicta

428 2127 594 2160 facultate
619 2127 831 2161 hanelantes
857 2128 944 2172 (sic),
972 2127 1070 2173 quod
1096 2128 1291 2173 plurimum
1313 2128 1444 2161 cedere
1466 2134 1587 2173 potest
1613 2127 1650 2160 in
1670 2127 1755 2159 fidei
1784 2133 1819 2159 et
1844 2125 1999 2159 ecclesie
2026 2124 2294 2158 detrimentum.

431 2194 640 2238 Eapropter,
671 2193 880 2227 beatissime
912 2201 1025 2239 pater,
1054 2194 1225 2240 dignetur
1255 2195 1426 2228 sanctitas
1453 2200 1574 2227 vestra
1605 2193 1892 2239 supplicationes
1927 2191 2080 2225 inferius
2109 2196 2297 2224 annotatas

430 2260 574 2304 signare
596 2272 638 2293 eo
660 2260 782 2302 modo,
800 2272 870 2305 quo
892 2267 978 2293 sunt
997 2261 1034 2293 in
1055 2261 1202 2306 scriptis
1222 2261 1379 2294 redacte.

517 2358 551 2383 Et
566 2358 660 2391 primo
675 2359 829 2392 Radulpho
845 2359 1008 2389 Glachardi,
1025 2360 1117 2393 presb.
1136 2360 1321 2386 Ambianens.
1345 2360 1431 2390 dioc..
1453 2368 1468 2386 a
1488 2360 1571 2393 xxxvj
1587 2359 1672 2385 annis
1692 2359 1764 2385 citra
1786 2365 1862 2384 sacre
1885 2357 2028 2391 scripture
2049 2355 2171 2385 doctori,
2188 2355 2298 2381 decano

430 2406 572 2431 facultatis
586 2407 730 2440 theologie
746 2408 877 2437 Parisius,
893 2409 975 2434 etatis
988 2402 1134 2442 oetdginta
1150 2410 1278 2442 quatuor
1292 2417 1441 2435 annorum
1454 2409 1499 2435 vel
1513 2409 1597 2438 circa.
1614 2410 1643 2434 et
1662 2409 1782 2441 propter
1799 2406 1915 2433 senium
1937 2405 2020 2439 quasi
2035 2405 2144 2430 viribus
2159 2411 2297 2438 corpora-

430 2454 505 2480 libus
520 2455 665 2484 destituto,
682 2456 908 2483 consideratione
923 2457 1131 2490 premissorum
1147 2458 1244 2484 divina
1256 2458 1452 2484 misericordia
1470 2458 1532 2487 sibi.
1552 2458 1584 2483 in
1601 2457 1729 2483 maxima
1749 2456 1920 2489 paupertate
1932 2456 1960 2481 et
1975 2453 2137 2487 indigentia
2152 2452 2296 2482 existenti.

431 2503 466 2529 de
481 2503 576 2536 aliqua
590 2504 734 2536 prebenda
749 2512 797 2530 seu
813 2505 952 2531 beneficio
967 2506 998 2531 in
1013 2506 1110 2539 aliqua
1124 2507 1159 2533 de
1174 2507 1272 2533 vestris
1287 2507 1409 2533 ecclesiis
1423 2507 1454 2532 in
1469 2506 1602 2540 partibus
1616 2506 1765 2539 gallicanis
1779 2505 1815 2530 ad
1828 2511 1944 2538 presens
1957 2503 2126 2530 vacantibus
2199 2501 2297 2535 digne-

432 2551 506 2577 mini
521 2551 678 2584 providere.

521 2600 593 2625 Item
609 2599 755 2633 Stephano
769 2601 804 2627 de
817 2601 1013 2632 Calvomonte,
1030 2604 1136 2636 presb..
1153 2604 1257 2630 rectori
1271 2603 1543 2639 (archipresbytero)
1556 2603 1623 2630 eccl.
1641 2603 1773 2637 parroch.
1793 2602 1819 2628 S.
1838 2601 1966 2628 Severini
1987 2600 2086 2630 Paris..
2101 2607 2179 2633 mag.
2195 2599 2227 2625 in
2242 2600 2295 2625 art.

433 2649 461 2675 et
475 2648 506 2674 in
519 2648 607 2674 theol.
624 2650 690 2674 actu
704 2650 824 2682 regenti.

521 2697 593 2722 Item
609 2697 750 2723 Galerano
765 2698 800 2724 de
815 2699 944 2729 Pendrel',
960 2700 1064 2733 presb,
1079 2709 1156 2734 mag.
1173 2702 1204 2727 in
1219 2703 1286 2732 a1·t.‚
1302 2702 1333 2728 in
1349 2702 1426 2728 med.
1444 2702 1516 2728 etin
1531 2701 1621 2728 theol.
1635 2702 1703 2727 actu
1718 2700 1840 2734 regenti,
1856 2707 1919 2726 can.
1934 2697 2122 2725 Narbonensi.

521 2746 594 2771 Item
609 2745 736 2771 Johanni
750 2746 786 2772 de
799 2747 914 2777 Trelon,
930 2756 1007 2782 mag.
1024 2749 1055 2774 in
1070 2752 1123 2776 art.
1138 2752 1166 2776 et
1180 2750 1211 2776 in
1227 2751 1316 2777 theol.

521 2794 594 2820 Item
609 2794 692 2820 Petro
705 2794 740 2821 de
754 2795 890 2828 Aylliaco.
905 2797 1010 2830 presb,
1027 2805 1104 2831 mag.
1122 2799 1152 2824 in
1167 2799 1256 2825 theol.
1271 2801 1300 2825 et
1314 2800 1344 2825 in
1360 2801 1426 2829 art.‚
1443 2799 1567 2833 gratiam
1587 2799 1640 2825 sibi
1660 2800 1732 2824 tunc
1751 2797 1927 2824 bachallario
1942 2797 2068 2822 formato
2083 2796 2114 2821 in
2129 2794 2219 2821 theol.
2235 2793 2296 2820 exi-

432 2842 520 2868 stenti
535 2843 639 2868 factam
654 2851 705 2876 per
719 2844 954 2871 nominacionem
969 2845 1103 2872 illustrimi
1118 2848 1192 2880 regis
1206 2848 1385 2874 Francorum
1399 2848 1495 2874 Karoli
1508 2848 1615 2874 ultimo
1630 2847 1761 2873 defuncti
1778 2847 1814 2872 de
1831 2846 2004 2872 canonicatu
2017 2845 2085 2871 eccl.
2101 2844 2127 2870 S.
2141 2842 2298 2870 Clementis

434 2892 469 2917 de
483 2891 663 2924 Compendio
679 2892 871 2918 Suessionens.
889 2893 961 2920 dioc.
979 2894 1014 2920 de
1029 2895 1094 2921 data
1109 2896 1153 2929 xvj
1170 2896 1227 2922 kal.
1244 2896 1304 2931 (sic)
1319 2898 1389 2923 anni
1405 2897 1503 2931 primi,
1519 2897 1551 2923 in
1565 2897 1653 2922 allam
1669 2896 1793 2930 gratiam
1808 2893 1993 2921 resormare⁴.
