2488 3386
183 344 279 380 1372]
599 357 645 379 AB
681 357 786 379 ANNo
822 357 952 380 mcch
985 357 1116 385 USQUE
1153 357 1200 377 AD
1236 357 1498 378 BENEDICTUM
1535 358 1624 378 tht.
1979 350 2042 381 203

181 437 266 463 sunt
285 437 319 463 et
340 437 445 463 erunt
472 442 537 475 pro
558 437 733 475 tempore,
757 443 860 475 quam
884 431 988 464 etiam
1011 431 1103 463 circa
1125 441 1234 462 voces
1265 430 1425 474 ipsorum
1456 431 1492 462 in
1522 431 1698 475 Capitulis
1731 432 1964 475 generalibus
1985 433 2041 465 vel

181 497 464 542 provincialibus
486 497 648 541 ejusdem
671 497 758 530 Ord.
781 496 966 530 habendas
992 497 1053 529 ille
1080 508 1157 528 mos
1185 503 1220 528 et
1244 496 1374 528 modus
1401 503 1577 535 servetur,
1601 498 1660 541 qui
1687 510 1750 541 per
1771 498 1923 531 dilectos
1947 499 2041 531 filios

180 564 449 596 Predicatorum
467 570 502 596 et
522 564 701 596 Minorum
719 575 758 596 ac
774 564 1047 597 Carmelitarum
1066 563 1242 596 Ordinum
1261 563 1389 595 sratres
1409 563 1444 594 in
1463 563 1586 595 eadem
1610 563 1791 608 theologia
1813 566 2041 609 magistrates

180 630 316 662 servari
341 630 531 663 consuevit
558 636 592 662 et
618 636 782 663 servatur
802 630 844 662 ad
871 641 1037 674 presens,
1060 629 1229 662 videlicet
1255 629 1352 673 quod
1382 629 1505 662 nullus
1535 629 1742 673 hujusmodi
1772 631 2039 675 magistrorum,

180 696 250 728 nisi
271 702 350 728 actu
372 695 500 741 legens
522 696 661 736 existat,
680 696 816 740 aliquid
839 696 920 740 plus
941 696 984 728 ab
1005 696 1142 729 Ordine
1165 707 1230 728 suo
1253 696 1400 739 recipiat
1423 708 1526 739 quam
1549 696 1607 728 alii
1630 697 1757 728 fratres
1779 697 1927 730 Ordinis
1948 705 2041 730 ante-

179 762 279 801 dicti,
302 774 367 795 nec
388 762 520 807 aliquis
541 763 701 807 ipsorum
729 763 766 794 in
793 762 1029 807 generalibus
1049 762 1106 795 vel
1137 761 1421 806 provincialibus
1442 762 1609 806 capitulis
1640 769 1801 806 pretextu
1834 763 2041 807 hujusmodi

179 829 378 873 magisterii
405 840 528 861 vocem
563 828 691 861 habeat
720 841 786 861 nec
813 829 856 861 ad
886 829 963 873 ipsa
993 828 1146 873 capitula
1177 828 1394 865 admittatur,
1424 829 1492 860 nisi
1524 841 1588 873 pro
1617 829 1776 873 ipsorum
1803 830 2040 874 capitulorum

179 895 394 928 officialibus
415 895 458 928 ad
480 895 547 927 hoc
569 895 775 940 specialiter
796 895 901 928 electi
923 896 1178 928 extiterintw²
1202 896 1278 927 Dat.
1298 895 1476 927 Avinione
1498 895 1566 927 kal.
1591 896 1685 932 Maii,
1708 908 1801 928 anno
1823 897 1996 929 secundo.

272 1002 334 1032 Reg.
351 1002 408 1024 Vat.
424 1002 502 1024 Aven.
519 1001 640 1032 Gregorii
656 1002 696 1029 XI,
714 1003 766 1026 vol.
783 1003 850 1031 xm,
868 1003 914 1025 sol.
927 1002 998 1026 27111.

271 1094 294 1117 1.
310 1094 422 1118 Guidoni
436 1095 467 1117 de
482 1095 695 1126 Belloreguardo,
707 1095 740 1118 ab
755 1103 796 1120 an.
815 1096 882 1124 1371,
898 1096 958 1118 Maii
975 1097 1014 1126 25,
1029 1096 1060 1118 de
1076 1104 1126 1126 quo
1142 1095 1196 1126 jam
1214 1103 1294 1126 supra
1311 1099 1338 1117 n⁰
1355 1095 1440 1120 12482,
1458 1098 1509 1118 not.
1524 1096 1548 1118 [ι.
1559 1109 1587 1112 -
1604 1096 1625 1119 2.
1644 1096 1767 1118 Summus
1783 1097 1899 1127 pontifex
1914 1097 2043 1128 praecipit

178 1141 206 1162 ut
223 1138 296 1170 prior
312 1139 443 1170 generalis
462 1139 530 1162 hunc
546 1147 644 1163 morem
660 1140 801 1163 observare
820 1141 906 1163 faciat.

182 1336 322 1373 1379.
346 1347 432 1372 Natio
448 1346 610 1380 Anglicana
627 1347 743 1382 opponit
756 1355 786 1372 se
803 1346 975 1381 quibusdam
991 1347 1123 1372 articulis
1139 1347 1179 1372 ad
1197 1348 1359 1381 Gregorium
1376 1349 1417 1372 Xl
1429 1347 1582 1373 mittendis.

1395 1453 1471 1481 7372.
1487 1453 1574 1478 Martii
1589 1453 1625 1481 77,
1642 1453 1756 1479 Parisiis.

268 1553 308 1585 In
330 1553 475 1585 nomine
497 1553 655 1591 Domini,
677 1565 792 1586 amen.
816 1554 991 1586 Noverint
1017 1554 1179 1587 universi
1206 1566 1358 1598 presens
1385 1554 1567 1598 publicum
1597 1554 1875 1586 instrumentum
1902 1555 2045 1599 inspec-

178 1619 263 1660 turi,
295 1619 391 1663 quod
421 1631 515 1652 anno
546 1620 709 1664 ejusdem
738 1620 931 1653 millesimo
960 1621 1216 1653 trecentesimo
1245 1621 1516 1665 septuagesimo
1548 1621 1676 1665 primo,
1710 1621 1907 1653 secundum
1941 1633 2044 1654 usum

178 1685 333 1719 ecclesie
358 1686 556 1727 Gallicane,
585 1687 643 1719 die
670 1687 808 1719 decima
834 1688 986 1732 septima
1012 1687 1149 1720 mensis
1175 1687 1306 1728 Martii,
1336 1688 1565 1732 pontificatus
1596 1688 1815 1720 sanctissimi
1844 1688 1879 1720 in
1900 1688 2045 1721 Christo

177 1753 290 1798 patris
310 1765 349 1785 ac
371 1753 509 1786 domini
530 1754 646 1786 nostri
671 1754 808 1786 domini
830 1754 1001 1799 Gregorii
1029 1754 1148 1787 divina
1176 1754 1408 1798 providencia
1435 1767 1524 1799 pape
1552 1755 1733 1786 undecimi
1755 1767 1848 1787 anno
1870 1755 2045 1796 secundo,

179 1820 274 1864 apud
310 1820 478 1853 Sanctum
514 1821 731 1853 Maturinum
769 1821 942 1862 Parisius,
974 1820 1246 1854 venerabilibus
1277 1828 1311 1853 et
1345 1821 1620 1866 circumspectis
1650 1821 1738 1854 viris
1769 1821 1980 1854 doctoribus
2013 1829 2047 1854 et

178 1886 362 1931 magistris
385 1887 544 1919 Parisius
565 1894 645 1920 actu
668 1887 896 1932 regentibus,
913 1887 1083 1920 videlicet
1105 1888 1142 1920 in
1160 1887 1356 1932 theologie,
1381 1888 1624 1929 decretorum,
1647 1888 1838 1929 medicine,
1857 1895 1891 1920 et
1912 1889 2044 1921 arcium

177 1953 424 1994 facultatibus,
441 1954 484 1986 ad
506 1954 833 1999 congregacionem
852 1954 1073 1999 generalem,
1093 1961 1200 1999 prout
1220 1955 1333 1987 moris
1354 1961 1421 1995 est,
1440 1954 1574 1987 ibidem
1596 1954 1863 1995 celebrandam,
1881 1967 1923 1987 ex
1939 1956 2045 1999 jussu

178 2019 401 2053 venerabilis
429 2027 464 2053 et
490 2020 743 2065 circumspecti
766 2021 846 2062 viri,
869 2021 1032 2066 magistri
1062 2021 1194 2054 Mathei
1225 2021 1268 2053 de
1300 2021 1468 2061 Ilersino,
1502 2021 1584 2054 tunc
1614 2022 1764 2054 rectoris
1794 2022 2045 2054 Universitatis

178 2086 409 2127 Parisiensis,
432 2087 640 2120 convocatis
662 2087 884 2120 sufficienter
906 2094 940 2120 et
960 2088 1208 2132 congregatis,
1229 2089 1418 2132 proposuit
1441 2088 1559 2121 dictus
1582 2095 1700 2120 rector
1721 2095 1837 2120 utrum
1860 2089 2047 2133 expediret

180 2153 322 2186 mittere
343 2153 517 2198 quosdam
540 2153 733 2187 articulos¹
756 2154 937 2199 sigillatos
957 2154 1053 2187 dicto
1076 2154 1222 2187 domino
1245 2161 1370 2187 nostro
1392 2166 1533 2187 summo
1555 2155 1734 2199 pontifici,
1759 2155 1890 2187 deinde
1913 2167 2045 2199 propo-

179 2220 252 2253 suit
271 2220 366 2252 idem
389 2227 507 2253 rector
529 2220 693 2253 ultimum
716 2220 906 2253 articulum
929 2232 1012 2253 esse
1034 2232 1144 2265 super
1165 2221 1500 2265 supplicacionibus
1522 2228 1557 2253 et
1577 2222 1733 2265 injuriis.
1753 2221 1894 2263 Quibus
1916 2234 2046 2266 propo—

179 2286 271 2327 sitis,
290 2287 447 2319 surrexit
462 2286 683 2320 venerabilis
700 2294 735 2319 et
752 2287 933 2320 discretus
950 2288 1004 2320 vir
1022 2287 1194 2332 magister
1211 2287 1404 2320 Marcelius
1422 2288 1465 2320 de
1483 2288 1636 2332 lnghen,
1654 2289 1824 2332 magister
1841 2289 1876 2320 in
1893 2288 2044 2329 artibus,

178 2365 248 2385 una
275 2365 355 2386 cum
387 2353 552 2398 pluribus
579 2354 762 2399 magistris
793 2354 956 2387 nacionis
982 2354 1197 2398 Anglicane,
1227 2361 1261 2386 et
1291 2354 1436 2386 nomine
1466 2354 1582 2399 ipsius
1614 2355 1776 2387 nacionis
1809 2356 2044 2399 proponendo

179 2419 393 2464 supplicavit
414 2427 449 2453 et
470 2421 661 2465 requisivit
680 2421 716 2452 in
738 2420 844 2465 plena
864 2421 1168 2466 congregacione,
1188 2421 1357 2465 quatinus
1379 2421 1531 2465 predicti
1553 2421 1694 2453 articuli
1715 2422 1758 2453 ad
1781 2422 1912 2454 dictum
1937 2422 2046 2454 domi-

179 2498 263 2519 num
286 2493 449 2520 nostrum
472 2499 651 2520 summum
674 2487 896 2532 pontificem,
918 2494 1025 2532 prout
1046 2494 1148 2520 erant
1177 2487 1254 2520 sive
1280 2494 1365 2520 sunt
1389 2487 1527 2532 scripti,
1551 2500 1623 2520 non
1649 2488 1888 2529 mitterentur,
1912 2489 2044 2533 specia-

179 2552 262 2586 liter
282 2553 401 2598 quoad
420 2553 521 2586 illum
543 2554 733 2586 articulum
756 2554 1016 2594 continentem,
1040 2554 1137 2598 quod
1163 2554 1199 2586 in
1222 2553 1391 2586 omnibus
1417 2554 1506 2586 ordo
1535 2554 1641 2586 rotuli
1668 2554 1883 2587 observetur
1904 2555 1939 2587 in
1961 2567 2045 2587 con-

179 2620 380 2653 currenciis
402 2621 672 2665 magistrorum,
695 2621 725 2653 si
751 2621 812 2665 qui
837 2627 1071 2661 concurrant,
1095 2621 1253 2653 offerens
1276 2621 1510 2654 Universitati
1540 2621 1702 2665 predicte
1728 2634 1802 2654 eam
1826 2622 2045 2654 sufficienter

180 2686 389 2728 informare,
418 2687 517 2732 quod
548 2687 610 2720 ille
641 2687 828 2728 articulus,
850 2687 1022 2721 videlicet
1049 2702 1065 2718 «
1094 2687 1190 2732 quod
1218 2688 1255 2719 in
1284 2687 1467 2727 omnibus,
1490 2694 1556 2720 etc.
1586 2702 1601 2718 »
1631 2694 1686 2720 est
1715 2695 1837 2720 contra
1868 2689 1979 2720 Deum
2011 2695 2046 2720 et,

175 2753 358 2797 justiciam
380 2760 415 2786 et
442 2754 478 2786 in
506 2754 697 2786 maximum
725 2766 790 2786 sue
821 2754 984 2787 nacionis
1014 2754 1252 2799 prejudicium
1275 2761 1306 2786 et
1337 2766 1542 2798 gravamen.
1572 2755 1626 2786 Ad
1655 2755 1751 2798 quod
1780 2755 2044 2787 ostendendum

181 2819 301 2864 peciit,
325 2820 361 2852 in
384 2820 452 2852 mei
474 2820 610 2864 publici
632 2820 762 2853 notarii
783 2827 818 2853 et
838 2821 983 2853 testium
1009 2820 1299 2865 subscriptorum
1322 2821 1520 2864 presencia,
1544 2821 1637 2852 idem
1662 2821 1833 2865 magister
1854 2821 2044 2853 Marcelius

182 2886 326 2918 nomine
358 2887 521 2919 nacionis
551 2886 726 2931 predicte,
749 2886 819 2919 sibi
848 2887 924 2919 dari
955 2887 1146 2931 deputatos
1178 2886 1221 2919 ab
1249 2887 1490 2919 Universitate
1522 2887 1693 2931 predicta,
1717 2894 1748 2918 et
1776 2887 1835 2930 qui
1858 2887 2043 2919 naciouem
