2488 3386
170 467 232 490 1619

173 613 233 636 1620

173 675 231 698 1621

173 733 233 756 1622

174 835 235 858 1623

175 937 235 959 1624

176 1039 236 1062 1625

176 1097 237 1120 1626

178 1199 237 1222 1627

178 1301 238 1324 1628

179 1492 240 1515 1629

180 1594 240 1617 1630

180 1696 239 1719 1631

181 1798 241 1822 1632

182 1945 242 1968 1633

182 2003 242 2026 1634

183 2150 242 2173 1635

184 2295 244 2318 1636

185 2443 244 2466 1637

186 2544 246 2567 1638

187 2691 248 2714 1639

306 465 373 491 1379
473 465 592 489 Januarii
611 465 636 487 8-

466 531 468 533 ·
503 496 564 519 Maii
579 496 606 519 21

329 626 356 630 —
483 611 624 635 Januario-

449 643 601 668 Februario.
610 646 658 666 etc.

328 688 360 692 —
509 674 570 698 Maii
588 674 600 697 7

328 745 359 750 -
463 733 527 756 Ante
541 731 602 755 Maii
618 732 647 754 24

329 847 361 852 -
504 835 565 859 Maii
581 835 608 857 21

330 949 359 954 --
520 950 550 955 —
568 937 607 966 22,
623 937 652 959 210.

332 1051 362 1056 —
520 1052 551 1056 —
582 1039 611 1061 24

331 1109 363 1113 —
521 1109 552 1114 —
570 1096 607 1123 25,
624 1097 653 1118 ‘26

332 1211 363 1215 —
522 1212 554 1216 —
585 1199 615 1221 30

336 1313 364 1318 —
524 1314 555 1318 —
584 1301 631 1323 30?

334 1504 365 1509 .-
524 1504 555 1508 -
583 1492 605 1519 7,
624 1491 654 1513 24

334 1607 366 1611 -
507 1592 572 1616 Julii
587 1593 617 1615 26

337 1709 365 1713 --
502 1696 621 1727 Augusto

338 1958 367 1963 —-
510 1943 618 1967 Octobri

316 2001 384 2027 1380
530 2001 598 2025 Maio

319 2148 382 2173 1381
460 2165 670 2172 .........

339 2309 368 2313 -
507 2294 593 2317 Martii
612 2295 624 2317 7

339 2456 371 2461 --
514 2441 576 2464 Maii
589 2442 619 2463 20

340 2558 371 2562 ——
515 2543 587 2567 Junii
604 2544 618 2566 6

189 2833 249 2856 1640
282 2830 431 2857 1381-1382
508 2831 581 2855 Junii
597 2832 636 2855 15-

501 2864 646 2887 Februario

1024 347 1194 368 TABULA.
1975 337 2040 371 689

688 465 752 488 Tres
769 465 905 488 facultates
923 465 1107 488 Universitutis
1123 466 1207 488 Paris.
1221 469 1246 488 et
1260 465 1377 488 nationes
1394 466 1528 489 Gallicana
1544 469 1569 489 ct
1584 467 1802 493 Normnnnorum,
1818 466 1950 497 quaelibet

720 509 863 540 separatim
875 513 899 532 et
912 510 1023 533 diversis
1035 510 1208 541 temporibus,
1219 510 1245 532 in
1257 509 1311 532 suis
1322 510 1571 540 congregationibus
1583 511 1757 534 determinant
1768 510 1893 534 Clementi
1905 511 1949 533 ΥΠ

719 554 915 577 adhaerendum
928 562 985 577 esse
998 557 1124 585 tanquam
1137 562 1198 577 vero
1214 562 1298 585 papae
1301 571 1948 579 ..........................
1994 556 2039 578 562

690 612 717 634 In
733 611 910 635 Universitate
926 611 1010 635 Paris.
1027 611 1058 634 de
1071 612 1157 634 rotulo
1174 599 1299 634 Πιίῑῑέηάο
1315 611 1347 634 ad
1363 612 1521 634 Clementem
1535 612 1580 635 ΥΠ
1596 612 1683 641 agitur
1687 630 1847 636 .......
1867 633 1871 637 ,
1892 630 1898 635 .
1918 629 1923 635 .
1944 631 1948 635 .
1996 613 2040 636 563

690 673 807 697 Tertium
822 673 962 696 concilium
978 673 1081 704 regium
1093 690 1950 698 ..................................
1997 675 2041 697 563

690 731 765 755 Natio
779 731 916 755 Gallicana
932 734 956 754 et
970 731 1048 762 plura
1064 731 1203 762 supposita
1220 731 1351 754 facultatis
1368 731 1511 754 medicinae
1529 732 1643 753 rotulum
1663 739 1825 754 communem
1839 732 1872 754 ad
1894 731 1952 754 Cle-

724 779 837 799 mentem
853 776 898 798 ΥΠ
911 783 958 806 per
975 776 1081 798 Petrum
1097 775 1127 798 de
1142 775 1261 804 Ailliaco,
1275 775 1394 798 nuntium
1411 784 1496 804 suum,
1513 776 1619 798 mittunt
1622 793 1951 800 ..............
1997 777 2042 799 563

691 834 801 857 Carolus
812 834 841 859 Υ,
858 841 903 856 rex
917 833 1087 862 Francorum,
1101 833 1305 856 Universitatem
1319 833 1402 856 Paris.
1419 833 1522 862 invitat,
1540 836 1567 856 ut
1582 833 1607 856 in
1623 833 1736 864 quadam
1752 833 1953 864 congregatione

723 877 880 908 suffragium
896 885 1033 900 commune
1045 885 1094 908 pro
1110 877 1241 900 Clemente
1257 878 1301 900 ΥΠ
1318 878 1389 900 velut
1403 885 1464 900 vero
1480 885 1550 908 papa
1561 877 1662 900 emittat
1665 894 1951 901 ............
1998 878 2043 901 564

693 935 839 958 Declaratio
855 935 1041 958 Universitatis
1057 935 1138 958 studii
1150 935 1234 958 Paris.
1248 936 1315 958 sacta
1326 943 1373 966 pro
1385 934 1489 957 domino
1503 938 1592 958 nostro
1606 935 1736 958 Clemente
1750 943 1820 966 papa
1833 935 1953 966 septimo,

723 979 896 1002 renitentibus
913 979 1063 1002 nationibus
1076 979 1179 1002 Picard.
1196 982 1221 1002 et
1235 979 1378 1010 Anglicann
1383 996 1954 1003 .......................
2000 980 2044 1002 565

694 1037 841 1060 Declaratio
858 1037 990 1060 facultatis
1004 1037 1148 1060 medicinae
1163 1045 1212 1068 pro
1228 1037 1358 1060 Clemente
1374 1037 1419 1060 vll
1423 1054 1955 1062 ......................
2000 1037 2045 1060 572

695 1094 816 1126 Deputati
832 1094 1019 1118 Universitatis
1032 1094 1116 1118 Paris.
1133 1094 1216 1122 electi,
1229 1094 1273 1126 qui
1287 1094 1489 1117 declarationem
1505 1094 1691 1118 Universitatis
1706 1103 1754 1126 pro
1765 1095 1896 1118 Clemente
1911 1095 1956 1117 Vll

726 1139 858 1171 deputatis
872 1139 969 1168 Caroli,
987 1139 1057 1170 regis
1074 1139 1243 1166 Francorum,
1260 1139 1446 1162 denuntiarent.
1460 1156 1956 1163 ....................
2002 1139 2047 1162 573

695 1197 842 1220 Declaratio
859 1197 939 1220 studii
955 1197 1112 1220 Parisiensis
1129 1197 1222 1220 Corolo
1238 1197 1266 1226 v,
1288 1197 1344 1227 regi
1359 1197 1529 1223 Francorum,
1549 1205 1596 1227 per
1611 1197 1749 1227 deputatos
1772 1197 1957 1220 Universitatis

726 1244 893 1272 praesentata
898 1257 1957 1265 ..........................................
2004 1242 2048 1264 575

697 1299 813 1322 Ecclesia
838 1299 984 1327 Gallicana,
1009 1298 1193 1329 praesentibus
1212 1302 1325 1329 quatuor
1346 1298 1535 1325 cardinalibus,
1558 1307 1645 1321 coram
1670 1299 1768 1330 populo
1791 1299 1914 1322 universo
1934 1299 1959 1321 in

728 1343 839 1366 ecclesia
857 1343 941 1366 Paris.
956 1346 1126 1374 congregata,
1142 1344 1263 1374 professa
1279 1346 1327 1372 est,
1344 1342 1503 1365 Clementem
1518 1343 1562 1365 Vll
1578 1351 1626 1374 pro
1642 1351 1703 1365 vero
1723 1351 1874 1366 successore
1892 1343 1959 1366 Petri

728 1388 869 1411 tenendum
883 1388 932 1410 sub
947 1395 1031 1418 poena
1047 1387 1225 1410 schismatica.
1242 1387 1340 1410 Amelio
1354 1387 1384 1409 de
1400 1387 1488 1410 Brolio
1499 1387 1663 1417 prohibetur,
1681 1387 1820 1418 quominus
1836 1387 1861 1410 in
1878 1388 1957 1410 facul-

729 1436 781 1455 tate
795 1433 891 1455 decret.
907 1432 992 1455 Paris.
1011 1432 1042 1454 de
1057 1432 1105 1454 hac
1121 1431 1231 1454 materia
1245 1434 1346 1462 repetat
1359 1448 1960 1455 ........................
2007 1433 2050 1455 577

698 1490 825 1513 Henricus
839 1490 870 1513 de
886 1489 989 1517 Hassin,
1007 1498 1077 1520 mag.
1094 1489 1173 1512 theol.
1191 1489 1284 1518 Paris..
1301 1497 1376 1511 sunm
1391 1489 1548 1519 Epistulam
1559 1488 1640 1519 pacis
1656 1497 1704 1520 pro
1723 1489 1829 1512 Urbano
1845 1490 1877 1512 Vl
1896 1489 1962 1512 scri-

729 1535 768 1558 bit
771 1550 1962 1558 ...............................................
2009 1535 2052 1557 577

698 1593 817 1616 Clemens
835 1593 881 1615 ΥΠ
896 1591 991 1615 rectori
1007 1595 1032 1614 et
1045 1591 1163 1614 facultati
1179 1591 1275 1614 artium
1291 1591 1390 1622 gratias
1405 1591 1460 1621 agit
1472 1591 1503 1613 de
1519 1599 1646 1622 responso
1660 1592 1715 1622 regi
1729 1592 1888 1614 Francorum
1901 1600 1964 1622 por-

730 1640 794 1665 tato,
810 1637 983 1667 hortaturque
998 1636 1086 1667 ipsum
1103 1639 1131 1659 ut
1146 1636 1287 1659 adhaereat
1290 1652 1963 1659 ...........................
2010 1637 2054 1659 578

699 1695 806 1718 Factum
827 1694 926 1717 domini
945 1693 1072 1718 ,Iohannis
1091 1694 1122 1716 de
1138 1693 1255 1724 Lignano
1275 1701 1354 1724 super
1375 1693 1499 1716 electione
1519 1693 1713 1716 Bartholomaei
1729 1693 1836 1716 Barens.
1855 1693 1964 1716 missum

731 1738 903 1762 Universitati
919 1738 1003 1762 Paris.
1029 1754 1964 1762 .....................................
2010 1739 2056 1761 579

699 1797 831 1820 Johnnnes
846 1796 934 1825 Fabri,
951 1796 1041 1819 doctor
1058 1796 1155 1818 decret.
1171 1796 1265 1823 Paris.,
1282 1795 1364 1818 abhas
1382 1795 1408 1818 S.
1428 1794 1542 1822 Vedasti,
1563 1795 1656 1818 scribit
1670 1795 1696 1818 in
1713 1797 1829 1818 savorem
1845 1795 1965 1818 Clemen-

730 1842 764 1864 tis
782 1841 827 1864 VII
842 1844 933 1864 contra
948 1840 1095 1864 Consilium
1109 1840 1237 1863 ,Iohannis
1253 1840 1284 1862 dc
1300 1839 1417 1870 Lignano
1436 1842 1576 1862 tractatum
1597 1848 1673 1862 suum
1693 1840 1724 1862 de
1741 1840 1865 1864 Planccu
1882 1840 1964 1864 bono-

730 1893 797 1910 rum
802 1901 1963 1909 ..............................................
2010 1885 2055 1907 580

701 1944 809 1967 Rotulus
822 1943 924 1974 primus
942 1942 1128 1965 Universitatis
1144 1942 1229 1965 Paris.
1246 1942 1278 1964 ad
1293 1941 1451 1964 Clementem
1467 1941 1511 1964 VII
1529 1941 1642 1964 mittitur
1646 1958 1963 1964 .............
2009 1943 2054 1965 580

701 2001 837 2025 Conradus
851 2001 883 2023 de
898 2000 1074 2027 Gelnhausen,
1092 2000 1183 2022 doctor
1199 2000 1296 2022 decret.
1313 2002 1338 2022 et
1353 1999 1440 2023 licent.
1457 1999 1482 2021 in
1499 2002 1548 2022 art.
1564 1999 1659 2025 Paris..
1671 1999 1838 2029 praepositus
1851 2000 1965 2022 Worma-

730 2045 832 2073 densis,
849 2053 924 2068 suam
940 2045 1097 2074 Epistolam
1115 2044 1284 2068 Concordiae
1304 2044 1335 2066 nd
1354 2052 1442 2074 regem
1459 2044 1551 2066 Franc.
1570 2044 1693 2066 Carolum
1707 2044 1727 2066 V
1746 2043 1838 2074 dirigit
1852 2044 1883 2066 de
1901 2044 1964 2067 Con-

732 2090 792 2113 cilio
808 2089 925 2121 generali
941 2089 1108 2111 convocando
1112 2105 1289 2111 ........
1309 2108 1313 2112 .
1334 2105 1962 2112 .........................
2008 2088 2051 2110 581

701 2148 811 2171 Carolus
829 2147 871 2176 VI,
887 2155 931 2169 rex
950 2147 1120 2174 Francorum,
1141 2146 1205 2173 suis,
1227 2145 1357 2176 imprimis
1380 2144 1583 2173 Parisiensibus,
1607 2144 1793 2168 Univcrsitatis
1818 2145 1962 2176 suppositis

731 2200 782 2215 non
795 2191 918 2222 exceptis,
935 2190 1023 2213 tallias
1038 2190 1158 2221 imponit,
1175 2193 1200 2212 et
1217 2189 1343 2212 Clementi
1360 2190 1403 2211 Vll
1425 2189 1552 2219 permittit
1567 2189 1592 2211 in
1608 2197 1688 2220 regno
1707 2189 1831 2212 Franciae
1849 2189 1962 2212 decimas

731 2236 834 2267 exigere
842 2250 1755 2259 ....................................
1777 2254 1780 2258 ,
1801 2251 1962 2257 .......
2009 2233 2051 2256 581

702 2293 860 2317 Deliberatio
885 2292 964 2315 trium
986 2292 1140 2314 facultatum
1163 2291 1284 2315 Univers.
1310 2290 1404 2317 Puris„
1425 2299 1456 2313 ne
1480 2290 1654 2313 instrumenta
1675 2291 1705 2313 dc
1725 2291 1962 2322 permutationibus

732 2337 928 2363 beneficiorum,
945 2336 970 2359 in
986 2336 1082 2367 quibus
1098 2336 1267 2366 pontificatus
1287 2335 1428 2358 Clementis
1444 2335 1489 2357 ΥΠ
1505 2335 1621 2362 affertur,
1638 2343 1734 2365 niagno
1751 2335 1840 2366 sigillo
1854 2335 1964 2359 Univer-

733 2382 819 2406 sitatis
835 2381 1018 2412 sigillarentur
1030 2396 1963 2404 .....................................

703 2440 867 2464 Universitas
891 2439 973 2462 Paris.
992 2438 1156 2465 determinat,
1178 2438 1247 2460 viam
1268 2437 1376 2460 Concilii
1401 2437 1531 2467 generalis
1556 2445 1613 2460 esse
1631 2437 1769 2460 tenendam
1792 2438 1824 2460 ad
1845 2438 1964 2460 Schisma

734 2484 878 2508 tollendum
883 2498 1603 2507 .............................
1624 2501 1626 2503 .
1648 2498 1963 2505 .............

704 2544 822 2567 Clemens
840 2542 886 2565 ΥΙΙ
906 2540 1035 2572 permittit
1054 2539 1192 2567 Aimerico,
1210 2539 1290 2570 episc.
1307 2539 1401 2567 Paris,
1422 2542 1450 2561 ut
1469 2539 1595 2561 beneficia
1617 2539 1719 2568 eccles,
1736 2539 1831 2570 quihus
1853 2540 1964 2562 Univer-

735 2587 821 2610 sitatis
834 2586 918 2609 Puris.
933 2585 1073 2616 supposita
1087 2584 1288 2607 Bal-tholomaeo
1304 2583 1472 2606 adhaerentia
1488 2583 1584 2613 privat,
1603 2583 1661 2606 aliis
1675 2583 1763 2614 dignis
1780 2584 1964 2606 Universitatis

736 2633 853 2655 conserat
857 2644 1964 2653 ............................................
2011 2628 2056 2651 582

705 2689 828 2718 Quaestio
844 2688 870 2711 in
886 2686 1064 2711 Universitate
1079 2685 1173 2713 Paris„
1190 2688 1278 2708 utrum
1294 2688 1378 2708 stante
1391 2685 1579 2713 controversia,
1596 2693 1662 2716 quae
1676 2693 1745 2707 nunc
1762 2685 1839 2708 estin
1857 2685 1965 2708 ecclesia

736 2734 782 2758 Dei
800 2734 831 2756 dc
854 2736 963 2764 papatu,
977 2731 1136 2754 haereticum
1159 2730 1193 2753 sit
1212 2738 1257 2752 seu
1278 2729 1484 2753 schismaticum.
1503 2729 1617 2760 aliquem
1637 2730 1778 2752 electorum
1796 2738 1892 2760 negare
1910 2738 1966 2752 esse

736 2786 832 2810 papam
838 2790 1964 2801 .............................................

707 2831 853 2856 Ludovicus
870 2831 921 2853 dux
939 2828 1135 2860 Andegavensis
1151 2831 1240 2850 contra
1256 2826 1459 2850 Universitatem
1478 2826 1572 2855 Paris.,
1589 2834 1655 2857 quae
1674 2826 1743 2849 viam
1764 2826 1873 2849 Concilii
1887 2835 1968 2856 gene-

2013 2774 2057 2796 583

738 2877 801 2900 ralis
820 2874 968 2907 proposuit.
982 2874 1073 2897 Plures
1092 2871 1277 2896 Universitatis
1294 2870 1414 2902 magistri
1431 2871 1538 2894 Romam
1554 2870 1669 2902 alibique
1686 2870 1790 2901 fugiunt
1808 2887 1967 2895 .......
2014 2871 2059 2894 583

315 2955 364 2972 Η*
382 2953 478 2977 Chare.
501 2953 578 2977 Um'v.
597 2954 693 2978 Paris.
714 2953 759 2976 111.
1904 2946 1933 2968 87
