2488 3386
426 351 492 383 350
1005 357 1320 380 CHARTULARIUM
1355 356 1543 378 UN1VEns.
1580 355 1708 377 PARIS.
2191 342 2290 378 [1385

515 434 573 466 3³⁵.
601 434 687 465 Item
711 432 807 476 quod
835 433 871 464 in
897 432 1050 477 quodam
1073 431 1265 476 privilegio
1287 443 1351 463 seu
1378 430 1528 474 quadam
1556 429 1823 462 constitucione
1844 429 2030 473 cujusdam
2060 428 2169 473 legati
2190 428 2290 462 sedis

426 499 636 544 apostolice,
660 499 756 543 quod
785 511 848 531 seu
871 511 939 543 que
967 498 1094 543 incipit
1117 510 1123 529 z
1147 498 1278 531 Servus
1304 497 1433 537 crucis,
1457 503 1539 535 etc,
1566 496 1774 528 continetur
1794 495 1955 528 clausula
1984 494 2167 540 generalis
2189 495 2287 540 quod

428 580 443 597 «
463 565 584 598 nullus
606 565 800 610 incipiat»,
821 570 885 598 etc.
910 570 948 598 ut
970 576 1079 609 supra
1100 569 1137 596 n⁰
1157 565 1252 596 1491.

514 633 572 665 4““.
602 633 688 664 Item
711 638 745 664 et
765 632 861 676 quod
883 632 977 664 inter
998 631 1090 663 dicta
1117 630 1305 675 privilegia
1336 641 1399 661 scu
1431 629 1545 661 dictas
1573 628 1854 661 constitutiones
1882 634 1938 661 est
1963 628 2195 674 privilegium
2224 640 2288 661 seu

426 698 642 731 constitucio
664 698 709 730 fe.
728 710 778 730 re.
797 698 933 730 domini
953 697 1087 730 Urbani
1109 709 1198 741 pape
1216 696 1344 741 quinti,
1363 696 1398 727 in
1416 707 1487 740 quo
1505 707 1568 727 seu
1587 707 1654 739 qua
1672 695 1716 727 de
1737 695 1874 728 artistis
1895 694 2101 740 specialiter
2122 695 2290 728 statuitur

427 765 523 809 quod
546 779 561 796 «
585 764 784 809 utjusticia
805 764 920 809 magis
941 770 1105 796 servetur
1127 770 1161 796 et
1182 762 1381 807 paupertati
1404 761 1596 795 scolarium
1620 768 1865 802 succurratur,
1889 761 2062 794 licentiati
2090 762 2126 794 in
2151 761 2289 794 artibus

427 831 537 864 nichil
559 831 645 863 dent
664 830 719 864 vel
741 842 779 863 se
802 831 950 863 daturos
972 830 1182 874 promittant
1204 844 1233 865 n,
1251 834 1315 862 etc.
1334 834 1372 862 ut
1391 840 1502 872 supra
1519 832 1556 860 n⁰
1576 829 1658 861 1491
1680 834 1714 862 et
1735 840 1769 873 p.
1799 829 1873 862 146.

515 900 571 931 5¹¹⁸.
600 899 687 930 Item
705 903 739 930 et
755 897 851 941 quod
868 897 962 929 inter
979 896 1173 941 dignitates
1191 907 1255 928 seu
1273 895 1387 928 officia
1405 895 1441 927 in
1458 894 1612 928 ecclesia
1629 895 1826 927 Parisiensi
1843 895 2059 928 constitutas
2076 906 2140 928 seu
2157 895 2290 928 consti-

425 970 497 997 tuta
519 970 574 997 est
598 964 748 1008 quedam
773 963 929 1008 dignitas
956 975 1020 995 seu
1042 962 1222 1007 quoddam
1250 961 1420 1002 officium,
1444 973 1513 1006 que
1537 961 1594 994 vel
1620 961 1718 1006 quod
1744 968 1892 994 vocatur
1913 961 2139 1003 cancellaria,
2165 962 2199 995 in
2221 973 2291 1006 qua

424 1036 693 1063 consueverunt
714 1029 853 1062 institui
873 1029 961 1062 certi
982 1028 1200 1069 cancellarii,
1226 1028 1286 1073 qui
1308 1040 1373 1073 pro
1402 1034 1564 1073 tempore
1593 1039 1660 1060 suo
1685 1027 1890 1060 habuerunt
1912 1034 1946 1060 et
1966 1027 2101 1060 hahent
2121 1039 2290 1060 exercere

426 1096 579 1129 officium
599 1095 811 1128 cancellarie
829 1095 1027 1128 secundum
1051 1095 1167 1140 ipsius
1185 1095 1292 1127 officii
1314 1095 1530 1139 exigentiam
1549 1101 1581 1127 et
1604 1101 1711 1139 prout
1733 1101 1875 1139 tempus
1892 1094 2050 1127 occurrit
2071 1101 2106 1127 et
2125 1094 2290 1139 requirit,

425 1175 464 1196 ac
486 1163 537 1195 sic
554 1168 823 1195 consueverunt
843 1162 960 1194 facere
977 1161 1182 1194 cancellarii
1204 1161 1265 1206 qui
1287 1173 1352 1206 pro
1375 1168 1537 1206 tempore
1558 1161 1717 1200 suerunt,
1736 1161 1875 1206 fuitque
1897 1161 1943 1193 ita
1960 1167 2111 1202 tentum,
2129 1160 2289 1194 habitum

427 1236 462 1262 et
487 1235 701 1274 reputatum,
728 1235 882 1269 tenetur,
904 1228 1057 1261 habetur
1078 1234 1110 1261 et
1143 1234 1328 1273 reputatur
1354 1228 1389 1260 in
1418 1228 1525 1260 dictis
1552 1227 1695 1260 civitate
1717 1234 1752 1260 et
1772 1227 1909 1260 diocesi
1938 1227 2134 1260 Parisiensi
2156 1239 2174 1260 a
2195 1227 2291 1261 dicto

426 1303 588 1340 tempore
610 1302 645 1328 et
667 1307 729 1340 per
750 1295 883 1328 dictum
906 1302 1060 1340 tempus.

514 1363 572 1395 6²¹⁵.
599 1363 687 1394 Item
710 1368 745 1394 et
766 1362 863 1406 quod
879 1361 1085 1394 cancellarii
1106 1362 1143 1394 in
1160 1361 1256 1394 dicto
1274 1361 1391 1393 officio
1414 1361 1628 1394 cancellarie
1645 1361 1847 1402 constituti,
1865 1360 1926 1405 qui
1948 1360 2147 1405 vulgariter
2162 1372 2293 1393 vocan-

426 1435 483 1461 tur
499 1428 703 1460 cancellarii
724 1429 854 1461 Nostre
875 1428 1040 1469 Domine,
1059 1434 1329 1461 consueverunt
1350 1428 1495 1460 racione
1514 1434 1548 1460 et
1563 1427 1606 1460 ad
1624 1439 1767 1460 causam
1785 1427 1871 1460 dicti
1893 1427 2000 1460 officii
2022 1427 2078 1460 Sui
2099 1426 2293 1460 licenciare

427 1494 646 1528 baccalarios
668 1494 762 1527 dicte
788 1495 1042 1528 Universitatis
1064 1494 1305 1527 licentiandos
1327 1495 1363 1526 in
1384 1494 1501 1527 tribus
1523 1494 1767 1535 facultatibus,
1791 1493 1984 1534 medicine,
2007 1493 2235 1527 decretorum
2259 1499 2294 1526 et

427 1561 624 1606 theologie,
651 1573 689 1593 ac
717 1561 822 1594 etiam
851 1561 887 1593 in
916 1561 1082 1594 facultate
1103 1561 1245 1603 artium,
1272 1561 1459 1606 ex[c]eptis
1486 1561 1696 1594 baccalariis
1724 1561 1785 1606 qui
1814 1560 2053 1593 licenciantur
2072 1560 2110 1592 in
2130 1560 2293 1593 examine

429 1628 555 1660 Sancte
577 1627 762 1660 Genovese
784 1634 818 1660 et
838 1627 906 1660 suh
923 1628 1138 1660 cancellario
1159 1628 1322 1672 ejusdem
1347 1628 1569 1669 monasterii,
1590 1627 1730 1672 fuitque
1751 1627 1798 1660 ita
1820 1633 1969 1668 tentum,
1993 1626 2167 1668 habitum,
2186 1638 2293 1672 repu-

430 1701 537 1727 tatum
554 1701 589 1726 et
608 1693 837 1727 observatum
858 1707 875 1727 a
897 1694 991 1727 dicto
1014 1701 1189 1739 tempore,
1208 1701 1242 1727 et
1263 1707 1327 1739 per
1344 1695 1478 1727 dictum
1502 1701 1643 1739 tempus
1666 1701 1821 1735 tenetur,
1843 1693 2009 1735 habetur,
2029 1699 2228 1739 reputatur.
2252 1694 2294 1726 Et

429 1761 473 1793 de
494 1760 561 1793 hoc
581 1761 647 1793 fuit
668 1767 703 1793 et
723 1767 777 1793 est
797 1761 999 1794 communis
1020 1761 1187 1802 assertio,
1210 1761 1414 1794 communis
1435 1761 1599 1806 oppinio,
1621 1773 1812 1794 commune
1833 1760 1981 1802 dictum,
2005 1760 2149 1805 publica
2169 1772 2239 1794 vox
2259 1766 2295 1793 et

428 1828 518 1860 sama
541 1827 702 1872 vulgaris
723 1827 758 1859 in
781 1827 872 1860 dicta
894 1828 1035 1860 civitate
1062 1835 1096 1861 et
1123 1828 1260 1861 diocesi
1290 1835 1324 1860 et
1351 1828 1594 1861 Universitate
1615 1828 1813 1861 Parisiensi
1834 1839 1852 1860 a
1873 1827 1969 1860 dicto
1991 1834 2154 1872 tempore
2175 1833 2211 1860 et
2230 1838 2295 1872 per

429 1894 562 1926 dictum
585 1900 739 1938 tempus.

517 1962 574 1993 7⁰⁸.
603 1961 689 1993 Item
720 1967 755 1993 et
782 1960 878 2005 quod
907 1960 992 1993 dicti
1023 1961 1227 1994 cancellarii
1258 1963 1389 1994 Nostre
1418 1962 1583 2003 Domine,
1611 1962 1673 2006 qui
1702 1973 1767 2006 pro
1798 1968 1961 2006 tempore
1991 1960 2140 2002 fuerint,
2171 1960 2208 1993 in
2237 1960 2295 1993 sui

430 2026 637 2071 receptione
666 2026 710 2058 ad
742 2026 875 2059 dictum
907 2027 1061 2060 officium
1093 2028 1306 2060 cancellarie
1339 2028 1375 2060 in
1408 2028 1566 2073 capitulo
1597 2028 1692 2061 dicte
1722 2027 1877 2061 ecclesie
1910 2027 2129 2060 Parisiensis
2159 2026 2296 2060 decano

430 2093 546 2137 ipsius
567 2092 722 2125 ecclesie
744 2105 805 2125 seu
829 2093 932 2126 alteri
953 2106 1018 2138 pro
1040 2100 1202 2139 tempore
1224 2095 1259 2127 in
1281 2095 1377 2127 dicto
1399 2094 1557 2140 capitulo
1580 2094 1781 2139 presidenti
1807 2094 1851 2127 de
1872 2100 2005 2127 statuto
2027 2093 2122 2126 dicte
2143 2092 2297 2126 ecclesie

433 2171 495 2203 per
516 2159 745 2204 privilegium
768 2159 1005 2204 apostolicum
1029 2160 1197 2193 roborato
1219 2168 1490 2194 consueverunt
1511 2163 1635 2206 jurare
1657 2168 1692 2194 et
1710 2162 1927 2206 juraverunt
1947 2159 2101 2205 quilibet
2121 2171 2187 2205 pro
2209 2166 2299 2192 tem—

433 2237 518 2270 pore
541 2237 606 2258 suo
628 2238 844 2259 conservare
866 2233 1033 2259 contenta
1055 2227 1091 2259 in
1113 2227 1208 2260 dicto
1230 2234 1376 2269 statuto,
1399 2228 1435 2260 in
1457 2240 1528 2273 quo
1552 2235 1699 2261 cavetur
1719 2228 1814 2261 inter
1829 2234 1948 2261 cetera
1974 2226 2072 2272 quod
2093 2225 2299 2259 cancellarii

434 2291 544 2324 nichil
566 2291 700 2324 debent
720 2292 864 2337 exigere
887 2305 951 2337 per
972 2305 1011 2326 se
1036 2293 1093 2326 vel
1121 2306 1185 2339 per
1209 2294 1317 2327 alium
1346 2307 1411 2339 pro
1441 2294 1586 2327 licentia
1611 2295 1728 2327 danda
1754 2295 1791 2327 in
1819 2305 2035 2339 quacunque
2053 2292 2232 2326 facultate.
2257 2293 2300 2325 Et

434 2357 479 2390 ita
501 2358 566 2390 suit
586 2365 735 2399 tentum,
757 2358 931 2401 habitum,
955 2367 1156 2405 reputatum
1184 2367 1219 2393 et
1240 2361 1469 2394 observatum
1495 2374 1512 2393 a
1535 2361 1631 2394 dicto
1654 2368 1829 2406 tempore,
1855 2367 1891 2394 et
1914 2372 1980 2405 per
2000 2359 2134 2393 dictum
2155 2365 2299 2404 tempus

436 2429 589 2463 tenetur,
616 2423 779 2465 habetur,
802 2432 988 2470 reputatur
1012 2433 1046 2459 et
1066 2426 1281 2460 observatur
1301 2427 1337 2459 in
1359 2427 1453 2460 dicta
1474 2428 1628 2461 ecclesia
1651 2434 1686 2460 et
1705 2427 1862 2472 capitulo
1885 2427 2062 2472 ejusdem.

522 2490 581 2522 8¹¹⁵.
609 2491 695 2522 ltcm
723 2497 757 2523 et
787 2492 882 2535 quod
914 2492 1031 2525 dictus
1061 2493 1233 2538 magister
1264 2493 1448 2527 Johannes
1479 2494 1682 2535 Blancardi,
1714 2494 1913 2527 modernus
1940 2492 2179 2526 cancellarius
2205 2492 2299 2525 dicte

436 2555 590 2588 ecclesie
620 2557 848 2597 Parisiensis,
871 2558 965 2590 inter
992 2565 1110 2591 cetera
1126 2560 1342 2603 juramenta,
1366 2572 1435 2605 que
1457 2561 1554 2598 fecit,
1571 2561 1705 2605 juravit
1727 2560 1872 2605 publice
1899 2560 1936 2592 in
1958 2559 2121 2604 predicto
2142 2557 2300 2603 capitulo

437 2621 570 2654 dictum
593 2628 762 2655 statutum
794 2635 857 2655 seu
883 2625 1125 2668 juramentum
1155 2626 1198 2658 ad
1225 2633 1347 2659 sancta
1375 2627 1440 2659 Dei
1467 2626 1665 2672 ewangelia
1687 2626 1925 2672 corporaliter
1945 2637 2051 2658 manu
2073 2631 2176 2666 tacta,
2199 2624 2301 2657 vide-

436 2687 521 2720 licet
541 2688 637 2732 quod
660 2688 770 2721 nichil
787 2690 948 2734 exigeret
964 2703 1028 2735 per
1045 2703 1083 2724 se
1100 2691 1156 2724 vel
1177 2692 1285 2724 aliurn
1304 2705 1368 2737 pro
1386 2693 1538 2726 licencia
1555 2693 1672 2726 danda
1688 2694 1726 2726 in
1742 2704 1957 2738 quacunque
1979 2692 2159 2733 facultate,
2178 2697 2213 2724 et
2232 2690 2300 2724 hoc

437 2754 504 2786 suit
523 2753 696 2786 hactenus
720 2755 937 2788 inconcusse
961 2756 997 2788 in
1018 2757 1110 2790 dicta
1128 2758 1281 2791 ecclesia
1303 2759 1500 2792 Parisiensi
1521 2759 1766 2793 observatum.

526 2821 584 2852 9⁰⁸.
612 2821 698 2853 Item
722 2827 757 2853 et
777 2822 886 2865 quod,
904 2823 1047 2866 quando
1064 2824 1243 2869 contingit
1260 2826 1357 2869 quod
1377 2825 1488 2870 aliqui
1510 2826 1700 2859 baccalarii
1721 2826 1876 2870 alicujus
1892 2825 2071 2858 facultatis
2088 2830 2174 2857 sunt
2193 2823 2301 2856 licen-

440 2886 549 2918 tiandi
571 2886 627 2918 vel
657 2887 812 2931 prumpti
842 2888 912 2931 (sic)
941 2888 983 2920 ad
1014 2889 1284 2931 licentiandum,
1313 2892 1551 2925 cancellarius
1580 2893 1641 2937 qui
1670 2899 1723 2925 est
1754 2904 1818 2937 pro
1849 2899 2009 2937 tempore
2037 2897 2181 2924 tenetur
2201 2890 2302 2934 ipsos
