2488 3386
451 346 515 377 352
1024 355 1346 376 CHARTULARIUM
1382 353 1572 375 UNIVERS.
1610 353 1738 374 rmus.
2218 338 2318 375 [1385

453 429 619 462 nolentes
635 441 758 461 eorum
779 428 880 461 malis
897 428 1145 461 voluntatibus
1167 440 1326 461 annuere
1349 428 1494 472 penitus
1516 426 1658 459 refutati
1679 426 1736 459 vel
1758 425 1884 459 saltem
1902 425 2096 470 postpositi
2118 432 2153 458 et
2172 437 2190 458 a
2211 425 2315 466 locis,

451 496 487 528 in
518 495 650 540 quibus
679 495 788 539 digne
823 494 988 527 collocati
1014 495 1166 535 fuerant,
1197 494 1322 538 rejecti
1352 500 1387 526 et
1414 493 1624 537 transpositi
1656 492 1865 532 extiterunt,
1897 497 2021 524 contra
2046 492 2175 532 Deum,
2197 492 2259 536 jus
2283 498 2318 524 et

445 562 634 606 justitiam,
663 561 755 594 dicta
786 561 987 606 privilegia,
1020 561 1312 600 constitutiones,
1345 566 1488 600 statuta,
1519 558 1706 591 libertates
1737 565 1772 591 et
1798 557 2085 591 consuetudines
2115 557 2316 591 laudabiles

451 628 706 661 Universitatis
740 627 901 672 predicte
928 627 1118 659 temerarie
1149 627 1329 659 veniendo
1362 638 1401 658 ac
1432 625 1584 658 crimine
1616 624 1846 666 ambicionis,
1875 624 2041 665 avaricie,
2071 625 2317 669 corruptionis

452 702 486 728 et
519 694 655 728 abusus
685 706 724 727 ac
754 694 967 727 sententiam
1006 693 1389 726 excommunicationis
1419 705 1437 725 a
1470 692 1566 724 dicto
1598 691 1717 737 legato
1747 691 1852 724 latam
1884 690 2163 736 dampnabiliter
2195 691 2317 724 incur-

451 762 575 794 rendo.

540 830 617 861 11⁰³.
646 829 732 860 Item
756 834 790 859 et
811 827 907 871 quod
928 827 1202 871 prenominatus
1223 825 1461 858 cancellarius
1483 825 1519 857 in
1541 825 1657 870 primo
1683 825 1840 858 adventu
1862 837 1943 866 suo,
1965 824 2033 858 hoc
2055 831 2110 858 est
2136 824 2172 857 in
2199 824 2315 869 primo

449 896 577 935 anno²,
597 895 633 926 in
653 906 724 938 quo
745 894 811 925 fuit
831 892 1081 933 cancellarius,
1103 892 1197 925 circa
1219 904 1367 925 examen
1387 891 1566 924 facultatis
1586 891 1729 924 ARTmM
1751 891 1932 924 ordinavit
1951 898 2068 924 certas
2088 891 2313 932 audiciones,

450 968 555 1006 prout
583 967 638 993 est
667 960 744 993 fieri
774 966 1000 999 consuetum,
1030 971 1095 1004 pro
1117 971 1267 1003 quarum
1294 958 1564 991 examinacione
1592 958 1774 991 ordinavit
1804 964 1958 1003 quatuor
1984 964 2219 1003 temptatores
2250 969 2315 991 seu

450 1028 723 1067 examinatores,
748 1026 918 1059 videlicet
945 1025 989 1058 de
1014 1025 1175 1070 qualibet
1202 1026 1354 1058 nacione
1375 1037 1501 1066 unum,
1524 1037 1677 1070 quorum
1706 1024 1817 1069 aliqui
1848 1025 1970 1069 precio
1992 1024 2172 1069 apreciato
2198 1030 2315 1058 certas

449 1105 606 1127 summas
634 1093 886 1138 peccuniarum
917 1092 1080 1137 predicto
1109 1091 1325 1125 cancellario
1358 1104 1421 1137 pro
1450 1092 1546 1124 dicto
1575 1091 1693 1124 officio
1724 1091 1925 1132 solverunt,
1952 1090 2124 1124 videlicet
2143 1091 2317 1136 magister

447 1161 629 1194 Johannes
658 1160 702 1192 de
728 1160 854 1204 Augya
884 1159 1106 1191 examinator
1135 1158 1197 1191 illo
1229 1159 1345 1203 primo
1372 1171 1466 1191 anno
1498 1170 1563 1203 pro
1596 1159 1747 1191 nacione
1777 1158 1941 1191 Picardie
1969 1158 2078 1191 solvit
2104 1164 2140 1190 et
2169 1158 2316 1191 tradidit

448 1227 629 1260 sexdecim
651 1227 806 1259 francos.

537 1295 614 1326 12⁰⁸.
643 1295 729 1326 Item
748 1293 920 1337 magister
937 1292 1146 1338 Flamingus
1163 1293 1210 1325 du
1232 1294 1399 1338 Mattroy,
1418 1292 1504 1325 dicti
1525 1292 1689 1338 magistri
1711 1292 1755 1325 de
1776 1292 1902 1337 Augya
1923 1291 1960 1324 in
1981 1291 2077 1324 dicto
2098 1291 2216 1324 officio
2237 1303 2315 1324 suc-

446 1372 571 1394 cessor
591 1360 778 1400 examinis,
801 1359 917 1392 eidem
939 1359 1154 1392 cancellario
1176 1371 1241 1404 pro
1269 1359 1366 1392 dicto
1388 1359 1506 1392 officio
1535 1358 1683 1392 tradidit
1709 1359 1774 1391 xxti
1799 1359 1954 1391 francos.
1988 1359 2030 1391 Et
2058 1364 2097 1391 ut
2123 1358 2242 1391 dictus
2268 1357 2313 1391 de

445 1429 571 1472 Augya
598 1427 693 1459 dicto
721 1426 839 1459 officio
870 1426 1106 1466 renuntiaret,
1136 1426 1206 1459 sibi
1240 1412 1398 1458 reddidit
1428 1426 1612 1471 predictos
1643 1425 1826 1459 sexdecim
1853 1426 2010 1458 francos.
2044 1425 2086 1457 Et
2120 1424 2188 1457 hoc
2218 1424 2312 1457 idem

446 1495 601 1527 refertur
621 1494 664 1526 de
685 1493 765 1526 aliis
786 1492 1105 1534 examinatoribus,
1122 1500 1157 1526 et
1177 1493 1329 1525 maxime
1351 1493 1395 1525 de
1416 1493 1591 1538 magistro
1613 1492 1770 1537 Nycolao
1792 1492 1836 1525 de
1850 1492 2096 1527 Wadomonte
2117 1492 2154 1534 (i.
2177 1503 2205 1524 e.
2219 1492 2314 1525 Vau-

447 1561 626 1602 demonte)
652 1560 894 1593 examinatore
915 1571 980 1604 pro
1001 1560 1146 1592 natione
1168 1560 1330 1600 Francie,
1359 1559 1456 1604 quod
1478 1559 1580 1592 dedit
1600 1571 1665 1604 pro
1687 1559 1783 1592 dicto
1809 1559 1928 1591 officio
1954 1558 2119 1603 magistri
2140 1570 2313 1591 sommam

446 1627 611 1673 pecunie,
633 1626 801 1660 videlicet
824 1627 1085 1672 quinquaginta
1106 1627 1250 1659 francos
1270 1626 1327 1659 vel
1349 1626 1574 1671 equivalens.

536 1695 614 1727 13¹¹⁸.
643 1695 729 1726 Item
751 1694 786 1726 in
809 1694 921 1738 prima
943 1693 1126 1726 auditione
1145 1693 1228 1726 dicti
1251 1693 1356 1738 primi
1378 1693 1461 1726 anni
1483 1694 1630 1732 fuerunt
1645 1693 1761 1726 vocati
1782 1693 1827 1725 ad
1847 1692 2106 1725 licentiandum
2123 1692 2221 1736 xijcim
2236 1690 2316 1724 bac-

446 1761 595 1801 callarii,
617 1761 677 1805 qui
699 1760 844 1805 quidem
866 1760 1003 1793 inducti
1031 1772 1094 1805 per
1115 1761 1293 1805 quendam
1319 1760 1571 1793 baccallarium
1594 1760 1758 1805 ejusdem
1780 1759 1984 1792 audicionis
1999 1765 2164 1792 vocatum
2185 1757 2314 1791 Johan-

446 1840 527 1861 nem
549 1827 593 1860 de
615 1827 823 1872 Burgondia
840 1834 1120 1859 commorantem
1143 1839 1222 1859 cum
1246 1827 1535 1860 subcancellario
1556 1828 1722 1860 fecerunt
1740 1826 1927 1859 collectam
1944 1837 2173 1859 communem
2191 1836 2313 1858 ascen-

446 1895 587 1927 dentem
617 1894 661 1927 ad
688 1905 751 1927 sex
779 1894 935 1934 francos,
960 1893 1005 1926 de
1027 1893 1159 1938 quibus
1180 1894 1410 1927 tradiderunt
1436 1906 1546 1926 unum
1568 1894 1729 1926 francum
1758 1892 1924 1926 familiari
1952 1892 2069 1937 ipsius
2092 1891 2311 1933 cancellarii,

444 1968 482 1994 ut
501 1961 608 1994 citius
629 1960 899 2005 expedirentur,
921 1967 955 1993 et
978 1961 1146 1993 residuos
1168 1961 1329 2005 quinque
1350 1961 1493 1994 francos
1515 1960 1815 1993 subcancellario.

534 2029 611 2060 14³⁸.
639 2028 726 2060 Item
751 2033 786 2060 et
806 2027 903 2071 quod
924 2027 960 2059 in
981 2027 1140 2060 secunda
1162 2027 1353 2060 audicione
1375 2027 1461 2060 dicti
1482 2028 1580 2068 anni,
1604 2027 1641 2060 in
1663 2039 1734 2072 quo
1755 2028 1903 2059 fuerunt
1925 2026 2051 2059 decem
2072 2032 2107 2059 et
2126 2032 2208 2058 octo
2229 2024 2313 2058 bac-

444 2094 578 2127 callarii
599 2094 714 2127 vocati
735 2094 771 2125 in
792 2094 884 2126 dicta
906 2094 1110 2134 audicione,
1136 2094 1206 2138 ipsi
1228 2094 1280 2126 sic
1308 2094 1425 2127 vocati
1452 2095 1618 2127 fecerunt
1645 2094 1823 2139 quandam
1849 2092 2036 2126 collectam
2063 2092 2100 2124 in
2128 2091 2311 2125 communi

443 2161 698 2193 ascendentem
719 2160 762 2193 ad
781 2160 873 2192 duos
892 2161 1051 2201 francos,
1069 2172 1160 2205 quos
1177 2161 1405 2193 tradiderunt
1424 2160 1569 2194 famulis
1591 2160 1677 2193 dicti
1697 2160 1904 2193 cancellarii
1926 2159 2072 2192 nomine
2093 2158 2210 2203 ipsius
2227 2170 2311 2191 can-

443 2227 579 2260 cellarii
599 2234 634 2259 et
654 2239 718 2271 pro
739 2227 819 2271 ipso
840 2227 883 2259 ad
904 2226 1026 2268 finem,
1049 2233 1086 2259 ut
1106 2227 1213 2260 citius
1235 2227 1506 2272 expedirentur,
1529 2227 1617 2260 alias
1639 2239 1711 2259 non
1733 2227 1912 2260 tradituri.

533 2295 611 2326 15⁰⁵.
639 2294 725 2326 Item
749 2299 784 2326 et
803 2293 901 2338 quod
922 2293 958 2325 in
985 2294 1096 2326 tercia
1123 2294 1314 2326 audicione
1342 2293 1508 2338 ejusdem
1538 2294 1622 2326 anni
1651 2294 1800 2326 fuerunt
1827 2293 1892 2326 xxti
1917 2299 2072 2337 quatuor
2091 2291 2309 2332 baccallarii,

443 2360 504 2405 qui
524 2360 618 2393 inter
638 2372 677 2392 se
698 2361 862 2392 fecerunt
883 2372 986 2392 unam
1010 2372 1237 2393 communem
1258 2360 1446 2393 collectam
1468 2361 1725 2393 ascendentem
1747 2360 1791 2392 ad
1813 2366 1967 2404 quatuor
1986 2359 2143 2398 francos,
2167 2358 2211 2391 de
2232 2358 2311 2403 qui-

443 2426 510 2459 bus
538 2426 716 2459 dederunt
746 2426 983 2459 familiaribus
1011 2427 1097 2459 dicti
1127 2427 1333 2459 cancellarii
1361 2439 1432 2472 quo
1460 2439 1568 2472 supra
1597 2427 1743 2459 nomine
1771 2438 1880 2459 unum
1912 2426 2073 2458 francum
2097 2425 2141 2457 ad
2166 2436 2308 2457 causam

444 2493 651 2537 predictam,
675 2492 761 2525 alias
782 2505 855 2525 non
876 2493 1056 2526 tradituri.

532 2560 610 2592 16⁰⁵.
638 2560 723 2591 Item
747 2566 782 2592 et
802 2560 897 2603 quod
922 2560 958 2591 in
979 2567 1102 2604 quarta
1124 2561 1316 2593 audicione
1337 2561 1484 2593 fuerunt
1504 2561 1620 2593 vocati
1646 2560 1754 2604 xxvij,
1777 2559 1839 2604 qui
1858 2558 2097 2592 familiaribus
2118 2558 2205 2590 dicti
2226 2569 2309 2590 can-

442 2625 578 2658 cellarii
600 2625 779 2658 dederunt
799 2638 869 2670 quo
892 2638 1001 2671 supra
1022 2627 1167 2659 nomine
1189 2627 1428 2672 particulatim
1451 2627 1544 2660 duos
1566 2627 1706 2660 solidos
1734 2626 1940 2671 parisiens,
1964 2632 2002 2658 ut
2031 2624 2179 2658 brevius
2201 2636 2309 2669 expe-

442 2691 618 2732 direntur,
641 2691 728 2724 alias
750 2703 822 2724 non
843 2693 982 2724 facturi.

531 2759 609 2791 17¹¹³.
638 2759 724 2790 Item
748 2764 782 2790 et
805 2758 902 2802 quod
930 2759 1024 2791 idem
1047 2759 1285 2792 cancellarius
1306 2760 1343 2792 in
1364 2760 1526 2792 secundo
1547 2772 1641 2792 anno
1662 2759 1858 2792 nonnullas
1879 2758 2092 2791 audiciones
2113 2756 2305 2797 ordinavit,

441 2824 477 2856 in
498 2836 646 2868 quarum
670 2824 829 2857 secunda
849 2825 997 2857 fuerunt
1015 2826 1132 2858 vocati
1154 2826 1336 2859 sexdecim
1363 2826 1581 2867 baccallarii,
1605 2827 1666 2871 qui
1687 2826 1827 2859 inducti
1853 2837 1918 2870 per
1938 2824 2118 2870 quendam
2141 2829 2305 2856 vocatum

440 2890 551 2922 Adam
580 2890 801 2923 Scotrelman
822 2891 969 2923 insimul
997 2892 1161 2924 fecerunt
1181 2892 1367 2925 collectam
1390 2893 1646 2925 ascendentem
1675 2892 1718 2925 ad
1746 2904 1920 2925 sommam
1941 2890 2135 2924 duodecim
2164 2890 2307 2922 franco-
