2488 3386
445 340 509 371 286
1022 349 1342 371 CHARTULARIUM
1379 347 1567 369 UNIVERS.
1604 347 1732 368 rmus.
2206 332 2306 369 [1379

535 423 605 455 Fiat
634 435 697 467 pro
719 423 888 455 omnibus
909 423 1138 468 supradictis.
1162 423 1204 456 G.
1232 443 1275 446 ——
1301 422 1384 455 Sine
1412 421 1478 454 alia
1510 421 1677 453 lectione.
1704 441 1745 444 —
1767 420 1852 452 Fiat.
1876 421 1919 452 (1.
1945 440 1987 443 ——
2013 420 2137 451 Datum
2169 419 2305 452 Fundis

445 496 545 521 sexto
568 489 634 522 kal.
659 489 882 529 Decembris,
900 501 993 521 anno
1016 490 1143 534 primo.

538 578 599 608 Reg.
616 579 672 601 Vati
690 579 783 609 Suppl.
800 578 939 601 Clementis
957 579 1010 602 VH.
1029 586 1070 601 an.
1089 578 1109 606 1,
1126 587 1152 609 p.
1168 579 1190 605 2,
1210 578 1254 601 fol.
1270 578 1328 604 1-2;
1349 578 1401 600 2—11.

537 654 558 676 1.
575 654 680 676 Curiam
694 654 834 676 Romanum
850 654 930 676 secuti
944 657 1005 676 sunt
1018 654 1097 684 aliqui
1112 653 1276 684 sequentium
1293 653 1377 675 eundo
1391 660 1448 675 cum
1463 652 1594 675 Clemente
1605 652 1650 674 VH
1666 659 1680 674 a
1697 651 1794 674 Fundis
1806 659 1888 682 usque
1899 652 1931 674 ud
1947 650 2115 674 Avenionem.
2131 651 2169 674 Ad
2182 655 2232 673 num
2245 651 2306 674 1419

440 698 495 728 jam
513 698 590 720 verbu
606 698 712 721 fecimus
725 699 755 720 de
767 698 932 729 quibusdum,
951 698 994 728 qui
1008 706 1049 721 an.
1067 698 1126 721 1378
1140 706 1197 720 cum
1214 697 1272 720 aliis
1287 705 1411 727 magnum
1426 697 1540 719 rotulum
1556 696 1741 719 Universitutis
1755 695 1789 718 nd
1802 695 1938 719 Urbanum
1954 696 1987 719 VI
2002 696 2108 719 Rumam
2121 698 2304 728 portaverunt,

444 745 534 773 postca
552 746 645 770 tamen,
663 750 720 765 cum
743 746 830 773 partes
853 742 993 765 Clementis
1013 743 1058 765 VII
1080 742 1232 769 tenuissent,
1253 742 1412 765 Clementem
1431 741 1477 764 vll
1495 741 1577 764 secuti
1598 743 1667 763 sunt.
1692 741 1764 764 Unus
1788 740 1893 763 illorum
1915 739 2074 767 nominatur,
2095 740 2252 764 Guillelmus
2273 740 2304 763 de

444 786 613 815 Ocsterzeele,
639 786 745 809 nuntius
769 786 962 815 universitatis,
986 787 1030 817 qui
1052 786 1106 817 jum
1129 786 1212 809 medio
1235 794 1302 808 anno
1325 786 1384 808 1378
1405 786 1501 808 Romae
1526 785 1598 808 stetit
1617 786 1659 814 (cs.
1681 792 1762 815 supra
1788 788 1816 807 n⁰
1838 784 1907 809 1419.
1926 787 1978 807 not.
2000 785 2034 812 2).
2055 785 2107 807 Iste
2127 784 2238 813 rotulus,
2260 784 2303 815 qui

444 839 487 854 an.
507 831 566 853 1379
585 831 745 861 compositus
763 834 802 854 est
822 834 846 853 et
867 839 916 853 non
933 830 1056 853 confundi
1075 830 1152 853 debet
1169 839 1226 853 cum
1248 830 1333 853 rotulo
1353 838 1396 853 an.
1415 830 1474 852 1378
1490 830 1523 852 ad
1542 829 1677 852 Urbanum
1698 829 1730 852 VI
1748 829 1838 856 πιὶεεο,
1856 832 1925 852 certe
1941 829 2026 852 adhuc
2046 829 2173 856 an,1379‚
2193 830 2303 852 fortasse

447 875 577 898 Avenione
594 884 651 898 cum
669 875 792 906 temporis
811 878 871 898 notu
889 883 970 906 supra
988 875 1079 903 relato,
1097 875 1217 906 signatus
1233 878 1285 901 est;
1305 874 1409 905 quando
1425 874 1527 897 rotulus
1541 882 1652 904 mugnus
1671 881 1752 904 supra
1769 873 1855 896 editus
1874 873 1999 897 Clementi
2015 873 2060 896 VH
2078 876 2169 904 postea
2181 881 2304 904 praesen-

445 922 513 942 tatus
533 924 579 946 est,
597 919 751 943 Guillelmus
767 920 798 942 dc
814 919 973 943 Oesterzeele
990 927 1039 941 non
1057 918 1104 941 suit
1120 919 1225 942 nuntius
1244 920 1291 942 sac.
1309 918 1461 941 medicinae.
1478 932 1507 935 —
1522 919 1545 941 2.
1565 918 1696 941 Sententia
1714 918 1754 940 hic
1770 921 1794 941 et
1814 918 1839 940 in
1856 917 2025 949 sequentibus
2044 926 2103 940 cum
2120 926 2130 940 t(
2147 918 2271 949 quatinus
2291 927 2301 939 υ

448 964 616 986 construitur.
640 978 666 981 —
689 965 711 987 3.
735 964 801 986 Haec
821 963 946 994 temporis
971 967 1031 986 nota
1057 967 1148 994 postea
1171 963 1292 994 adjuncta
1313 966 1359 990 cst,
1384 966 1409 985 et
1429 963 1453 985 in
1475 962 1593 993 margine
1615 962 1761 985 scribitur:
1783 971 1793 984 α
1816 963 1867 985 Hec
1891 962 1952 985 data
1972 965 2012 985 est
2034 969 2157 986 concessa
2177 962 2303 993 predictis

444 1008 578 1038 magistris
596 1016 643 1038 per
661 1008 792 1030 dominum
815 1011 932 1030 nostrum
955 1011 979 1030 et
1001 1007 1042 1030 hic
1058 1008 1143 1038 positu
1164 1008 1194 1030 de
1211 1008 1332 1030 mandato
1349 1007 1447 1030 domini
1464 1007 1550 1037 Egidii
1568 1007 1605 1032 Β.,
1624 1006 1738 1037 regentis
1753 1006 1949 1029 cancellariam.
1969 1006 1999 1029 B.
2015 1007 2059 1030 ST.
2078 1015 2100 1030 n.
2116 1020 2144 1024 -
2157 1008 2181 1030 4.
2198 1007 2304 1030 Praeter

444 1052 491 1075 hos
506 1052 646 1083 magistros
662 1056 687 1075 et
706 1052 838 1075 scholares
855 1052 898 1075 alii
917 1052 994 1075 ctiam
1015 1052 1113 1074 curinm
1131 1052 1270 1075 Clementis
1289 1053 1333 1075 Vll
1352 1060 1394 1075 un.
1413 1053 1472 1074 1378
1493 1052 1573 1074 secuti
1597 1055 1665 1074 sunt.
1684 1051 1739 1076 Vid.
1757 1051 1826 1074 infra
1843 1054 1892 1074 rotv
1910 1059 1951 1074 nn.
1969 1052 2039 1081 1387,
2055 1051 2160 1080 Senum,
2179 1052 2302 1074 Not-man.

445 1213 584 1250 1438
611 1221 734 1246 Clemens
753 1222 804 1246 VII
813 1221 948 1255 (lohanni
963 1221 997 1246 de
1016 1221 1126 1252 Calore)
1139 1221 1313 1246 cancellario
1329 1222 1436 1251 Paris..
1454 1224 1484 1246 ut
1498 1220 1602 1246 Iacobo
1622 1219 1809 1252 Castillionis,
1829 1220 1894 1245 Ord.
1915 1222 1941 1246 S.
1959 1222 2031 1255 Aug.
2050 1221 2178 1254 Eremit.‚
2196 1221 2302 1247 bacca-

527 1271 605 1296 lareo
620 1272 743 1304 formato
760 1270 788 1295 in
804 1269 886 1295 theol.
905 1272 973 1304 fac„
994 1271 1043 1305 qui
1063 1270 1091 1295 in
1110 1270 1206 1295 studio
1225 1270 1387 1296 Parisiensi
1405 1271 1433 1295 in
1450 1273 1583 1295 conventu
1599 1272 1723 1303 fratrum
1738 1268 1966 1305 praedictorum⁴
1986 1270 2149 1295 Sententia-⁹
2165 1269 2236 1304 legit
2248 1279 2303 1306 per

528 1320 677 1345 triennium
695 1321 758 1354 jam
781 1322 966 1352 transactum,
989 1319 1015 1344 si
1035 1319 1063 1344 in
1083 1319 1185 1355 primis
1208 1319 1440 1354 expeditionibus
1462 1322 1580 1355 propter
1596 1318 1761 1344 brevitatem
1783 1319 1917 1353 temporis
1936 1318 2072 1343 instantis
2094 1318 2231 1345 interesse
2246 1327 2301 1345 non

529 1372 635 1404 posset,
663 1369 740 1402 infra
761 1368 832 1393 duos
858 1377 966 1393 menses
982 1377 999 1392 a
1020 1367 1067 1393 die
1084 1368 1331 1403 praesentationis
1350 1369 1547 1404 praesentium
1570 1371 1637 1403 post
1663 1367 1784 1401 rigorem
1808 1367 1959 1401 examinis,
1984 1366 2114 1397 docendi,
2140 1367 2254 1402 legendi
2274 1371 2302 1394 et

530 1417 645 1451 regendi
668 1417 771 1452 ubique
788 1417 815 1442 in
831 1419 888 1450 fac.
912 1416 1065 1452 praedicta
1080 1416 1195 1451 plenam
1215 1420 1241 1442 et
1262 1410 1381 1442 libe-ram
1403 1416 1546 1443 licentiam
1566 1415 1713 1452 publicam
1731 1415 1840 1441 tribuat
1859 1424 1965 1441 necnon
1981 1415 2113 1442 honorem
2130 1416 2298 1451 magisterii.

528 1467 591 1491 Dat.
610 1466 749 1492 Avinione
764 1473 799 1490 xv
814 1466 869 1491 kal.
886 1465 1059 1494 Decembris,
1074 1473 1152 1491 anuo
1165 1466 1300 1492 secundo.
1320 1476 1332 1487 «
1348 1466 1426 1492 Sedis
1441 1465 1604 1499 apostolice.
1622 1475 1636 1488 Ἰ)

1580 1551 1629 1576 137
1635 1551 1658 1578 9,
1674 1549 1819 1576 Novembris
1836 1550 1870 1578 17.
1886 1549 2015 1575 [remane.

535 1638 596 1667 Reg.
616 1638 672 1660 Vat.
689 1638 766 1660 Aveni
783 1637 906 1660 clement.
924 1637 978 1664 VH,
996 1637 1047 1660 vol.
1063 1638 1113 1666 XX,
1130 1638 1173 1660 sol.
1192 1637 1263 1660 30712.
1280 1651 1306 1654 —
1326 1638 1343 1660 E
1362 1637 1449 1662 Catal.
1466 1637 1556 1661 licent.
1574 1646 1615 1660 nn.
1634 1637 1693 1660 1380
1710 1638 1787 1667 (1381)
1803 1638 1934 1661 licentium
1953 1638 1978 1661 in
1994 1638 2074 1661 theol.
2086 1638 2208 1661 obtinuit.

534 1723 555 1744 1.
575 1723 623 1745 Ms.
642 1730 779 1752 perperam
796 1730 801 1744 ·.
820 1730 830 1744 (ι
850 1722 1045 1752 predicatorum
1057 1730 1078 1744 ».

445 1849 583 1885 1439.
608 1857 745 1883 Nicolaus
761 1857 796 1883 de
816 1857 1004 1883 Vaudemonte
1021 1857 1048 1882 in
1064 1861 1198 1883 rectorem
1215 1857 1337 1891 eligitur.

1597 1910 1672 1938 1³79.
1688 1909 1835 1935 Decembri&
1852 1910 1887 1939 18,
1900 1910 2012 1935 Pori-siis.

528 1993 632 2024 Auno
655 1992 798 2024 Domini
817 1993 912 2031 1379,
935 1992 992 2024 die
1016 1993 1056 2024 16
1077 1992 1212 2024 mensis
1234 1992 1458 2032 Decembris,
1481 1993 1546 2025 suit
1571 1992 1709 2025 electus
1730 1993 1784 2026 via
1807 1993 1962 2038 Spiritus
1984 1993 2103 2026 Sancti
2124 1993 2160 2025 in
2182 1999 2297 2026 recto·
2342 1996 2345 2000 '

441 2070 512 2090 rem
537 2071 628 2103 mag.
652 2058 830 2102 Nycolaus
852 2058 895 2090 de
919 2058 1200 2093 VVaudemonte.
1224 2059 1301 2100 Que
1323 2065 1396 2091 acta
1419 2065 1501 2091 sunt
1524 2059 1559 2090 in
1582 2060 1733 2092 rectoria
1756 2071 1831 2099 sua,
1855 2066 1976 2104 patent
1997 2060 2033 2091 in
2054 2059 2210 2104 registro
2232 2071 2295 2092 seu

442 2125 565 2169 papiro
588 2125 752 2157 rectorie.

532 2223 596 2245 Mus.
615 2222 731 2246 Britunn.
750 2231 797 2246 ms.
817 2222 876 2244 add.
901 2223 985 2251 17:304,
1006 2223 1049 2245 sol.
1069 2223 1122 2245 1145.
1138 2237 1168 2240 -
1185 2222 1281 2246 Eodem
1302 2226 1418 2254 tempore
1439 2223 1490 2246 duo
1512 2224 1628 2255 ejusdem
1649 2224 1771 2253 nominis,
1787 2224 1886 2247 Nicotni
1903 2224 1934 2247 de
1952 2224 2136 2251 Vaudemonte,
2158 2223 2184 2246 in
2200 2223 2295 2247 artium

438 2266 560 2289 facultate
576 2266 658 2289 Paris.
676 2266 810 2294 florebant,
830 2266 915 2289 senior
928 2269 952 2289 et
964 2266 1062 2297 junior.
1078 2266 1136 2290 Vid.
1154 2266 1222 2289 infra
1237 2271 1265 2289 n0
1281 2267 1348 2290 1518.

442 2397 581 2433 1440.
609 2406 732 2431 Clemens
753 2407 804 2432 VII
815 2406 949 2440 (Johanni
964 2406 999 2432 de
1018 2406 1128 2440 Calore)
1145 2407 1319 2433 cancellario
1335 2408 1440 2440 Par-is„
1456 2412 1485 2433 u!
1501 2408 1649 2433 Nicolaum
1669 2410 1757 2442 Coste,
1780 2409 1844 2435 Ord.
1865 2411 1900 2443 fr.
1921 2409 2033 2441 Minor.,
2050 2408 2250 2434 baccalmeum
2267 2408 2295 2434 in

527 2454 620 2487 theol„
635 2454 701 2480 olim
717 2456 745 2480 in
758 2455 888 2490 Capitulo
898 2455 1027 2489 generali
1044 2455 1108 2481 ord.
1123 2456 1163 2481 ad
1179 2456 1327 2490 legendum
1341 2456 1443 2482 librum
1457 2458 1580 2483 Sentent.
1597 2457 1625 2482 in
1639 2457 1735 2483 studio
1754 2458 1958 2492 Cantabrigiae
1970 2457 2076 2483 Etiens.
2095 2457 2183 2483 dioec.
2202 2457 2294 2493 depu—

526 2507 614 2528 tatum
627 2504 688 2538 (qui
699 2503 825 2529 eumdem
837 2503 947 2537 librum,
960 2506 1018 2536 jam
1029 2508 1095 2529 sunt
1106 2504 1161 2530 duo
1173 2505 1242 2530 anni
1254 2505 1295 2530 vel
1304 2505 1425 2539 circiter,
1440 2505 1544 2531 ibidem
1561 2506 1636 2540 legit,
1652 2510 1679 2532 et
1689 2507 1850 2541 magisterii
1863 2506 1994 2532 honorem
2009 2507 2037 2532 in
2047 2508 2104 2540 sac.
2123 2506 2206 2532 theol.
2223 2506 2296 2532 inibi

523 2552 667 2587 suscipere
682 2551 717 2577 de
727 2553 856 2587 protimo
868 2552 1063 2587 exspectabat,
1078 2562 1114 2578 ea:
1125 2553 1208 2578 certis
1223 2557 1317 2578 tumen
1328 2554 1425 2579 causis
1441 2553 1509 2579 illuc
1524 2554 1660 2580 accedere
1671 2555 1706 2580 de
1720 2555 1868 2590 praesenti
1881 2564 1935 2581 non
1949 2554 2081 2590 potest⁴),
2095 2554 2135 2580 ad
2145 2554 2293 2589 legendum

526 2600 627 2625 librum
642 2602 807 2635 praefatum
824 2601 851 2625 in
867 2601 962 2626 studio
973 2601 1134 2626 Parisiensi
1148 2602 1175 2626 in
1191 2605 1304 2627 aestate
1318 2603 1447 2637 proxime
1467 2607 1601 2628 secutura
1617 2603 1762 2638 admittat,
1776 2605 1858 2639 eique
1873 2604 1945 2630 libro
1958 2603 2109 2640 praedicto
2123 2603 2249 2639 perlecto
2264 2604 2293 2629 in
2330 2629 2333 2631 ,

523 2651 580 2682 fine
596 2649 717 2674 aestatis
730 2649 899 2684 praedictae
913 2653 939 2674 et
953 2650 1118 2675 ezaminato
1130 2659 1184 2685 per
1200 2654 1256 2675 tres
1269 2650 1308 2676 vel
1320 2654 1443 2685 quatuor
1458 2652 1628 2685 magistros-²
1647 2653 1808 2686 magisterii
1822 2652 1953 2678 honorem
1970 2656 1997 2679 et
2012 2652 2133 2678 docendi
2147 2652 2292 2678 licentiam

525 2697 669 2723 concedat.
687 2698 750 2723 Dat.
768 2698 907 2724 Avinione
923 2699 947 2731 vj
964 2699 1021 2724 kal.
1040 2698 1178 2726 Januarii.
1195 2699 1382 2732 pontificatus
1397 2700 1488 2725 nostri
1501 2708 1579 2725 anno
1594 2701 1730 2727 secundo.
1750 2712 1762 2723 a
1779 2702 1836 2727 Viri
1853 2710 1938 2728 sacre.
1955 2712 1968 2726 »

1561 2785 1635 2813 1379,
1652 2786 1798 2812 Decembris
1813 2787 1858 2815 27,
1875 2786 2005 2812 hetilone.

530 2817 590 2847 ch.
610 2817 667 2839 Vat.
683 2817 760 2839 Aven,
781 2816 920 2839 Clementis
937 2817 992 2845 Vll,
1010 2817 1060 2839 vol.
1076 2817 1126 2846 XX,
1144 2817 1188 2840 sol.
1207 2818 1261 2840 313.

531 2901 549 2923 1.
569 2900 624 2923 Vid.
642 2904 690 2922 η’Χιῃ
706 2901 774 2923 1442.
792 2915 819 2918 —
836 2902 857 2924 2.
877 2901 904 2923 In
921 2902 962 2923 550
981 2901 1091 2924 articulo
1109 2901 1294 2926 accusationis
1310 2904 1401 2924 contra
1416 2901 1602 2924 cancellarium
1618 2902 1677 2925 Joh.
1698 2903 1839 2927 Blanchart
1856 2905 1934 2934 (infru
1951 2909 1979 2927 n⁰
1995 2905 2074 2935 1511),
2091 2907 2115 2927 et
2131 2912 2145 2926 a
2163 2904 2204 2926 71⁰
2224 2906 2290 2926 teste
