2488 3386
167 307 262 344 1354]
583 318 627 339 ΑΒ
662 317 766 338 ANNO
802 317 933 339 mecei.
967 317 1097 345 USQUE
1133 318 1180 338 An
1215 317 1481 338 BENEDICTUM
1515 318 1606 338 xni.
1985 307 2026 340 23

165 400 221 427 est
250 393 320 426 sibi
347 393 481 425 inesse.
514 391 597 424 Ex¹⁵
627 391 695 423 hoc
723 390 828 423 intuli
849 391 886 422 in
915 390 1042 423 eodem
1072 390 1221 434 scripto}
1245 390 1341 434 quod
1362 390 1398 422 in
1421 390 1518 422 omni
1546 402 1588 422 eo
1611 390 1708 434 quod
1739 402 1811 422 non
1839 397 1893 422 est
1914 392 2025 425 Deus.

166 458 398 493 essentialius
424 465 479 491 est
504 469 694 498 non-esse,
716 469 820 502 quam
847 457 965 502 ipsum
995 468 1089 489 esse.
1122 457 1193 489 Has
1224 462 1350 500 reputo
1379 456 1501 497 salsas,
1531 456 1625 488 fatue
1656 456 1805 500 positas⁷
1839 457 2027 488 manifeste

165 537 348 558 erroneas.

252 593 284 624 9.
312 591 392 624 Dixi
414 597 448 624 et
469 590 599 635 scripsi
620 589 717 634 quod
738 589 874 634 aliquid
895 595 1015 634 potest
1035 600 1117 622 esse
1138 588 1216 621 sine
1238 595 1400 632 tempore
1421 588 1458 620 in
1479 588 1607 620 merito
1629 594 1663 620 et
1690 594 1847 632 peccato.
1876 589 1919 620 Et
1945 600 2028 632 pro-

166 658 246 691 bavi
267 657 364 702 quod
393 656 570 702 possibile
597 662 652 688 est
681 655 817 700 aliquid
847 667 929 688 esse
959 655 995 687 in
1025 654 1174 687 instanti
1202 654 1403 686 eternitatis
1429 654 1465 686 in
1486 654 1628 691 merito,
1652 660 1685 686 et
1706 660 1973 697 consequenter
1992 654 2028 685 in

166 724 313 756 instanti
334 723 508 768 temporis
529 723 564 754 in
592 728 751 767 peccato,
775 728 810 754 et
834 721 961 754 iterato
983 721 1020 753 in
1041 720 1190 753 instanti
1211 720 1412 752 eternitatis
1439 720 1475 752 in
1504 720 1644 752 merito.
1668 721 1765 752 Hanc
1792 731 1923 752 revoco
1949 731 2028 751 cum

166 802 229 823 sua
250 789 463 834 probatione
485 795 651 833 tanquam
673 787 811 828 falsam,
833 788 929 820 salue
951 787 1103 832 positam
1126 793 1161 819 et
1180 786 1503 830 inintelligibilem.

259 886 326 909 Bibl.
346 886 488 909 Autissiod.
506 893 555 908 ms.
574 886 619 908 2113
638 887 722 914 (antea
740 886 803 914 206),
823 885 867 908 fol.
889 886 927 908 85.
950 885 1018 907 Bibl.
1038 884 1169 915 Amplon.,
1193 884 1218 906 in
1238 884 1291 906 Fol.
1312 888 1340 906 n⁰
1358 884 1411 910 179,
1430 884 1446 906 f.
1467 883 1530 906 ‘1151
1550 892 1559 904 (ι
1576 883 1713 906 Revocatio
1733 885 1799 906 sacta
1825 884 1941 906 Parisius
1964 892 2031 906 anno

166 930 269 954 Domini
284 931 307 953 M
317 930 377 954 CCC
390 931 435 953 540
451 939 472 952 n.
489 930 527 952 Ad
540 929 638 952 calcem
649 929 711 952 edit.
725 929 848 952 Sentent.
866 929 934 952 Petri
948 928 1098 955 Lombardi,
1111 937 1136 951 v.
1148 937 1174 959 g.
1191 936 1231 952 an.
1246 928 1306 951 1516
1318 935 1322 950 ;
1337 936 1348 949 ι(
1360 928 1453 950 Forma
1465 930 1490 949 et
1505 927 1597 949 modus
1609 927 1782 950 revocationis
1796 929 1863 950 facta
1874 928 2032 958 Parrhysius

165 982 213 1005 per
230 975 336 997 fratrem
353 974 498 997 Guidonem
517 973 582 997 ord.
601 973 725 997 Heremit.
747 973 773 996 S.
791 974 856 1003 Aug.
874 976 933 995 actu
949 973 1060 1003 legentis
1076 973 1236 1003 Parrhysius
1254 971 1402 994 Sententias
1418 971 1443 993 in
1458 971 1554 993 scholis
1571 971 1633 994 dicti
1652 971 1758 994 Ordinis
1782 980 1823 994 an.
1843 972 1866 994 M
1880 972 1940 995 CCC
1953 973 2033 1000 LIHI,

166 1018 206 1049 xvj
223 1018 264 1041 die
284 1018 381 1041 mensis
397 1017 457 1040 Maii
474 1026 496 1040 i).
513 1017 554 1040 Sic
569 1021 594 1040 et
614 1017 640 1040 in
655 1017 728 1041 Bibl.
744 1024 820 1040 max.
838 1021 922 1047 patr„
939 1017 1023 1043 XXVI,
1042 1018 1088 1039 [186
1104 1017 1142 1046 (15
1164 1016 1244 1044 Maii),
1263 1024 1276 1039 e
1295 1024 1346 1047 qua
1365 1024 1411 1038 seu
1431 1015 1518 1046 potius
1536 1015 1608 1039 Bibl.
1622 1022 1729 1045 may'na
1743 1020 1831 1045 patr„
1851 1016 1891 1043 lv,
1908 1016 2031 1043 Bulaeus,

166 1063 208 1091 IV,
233 1063 287 1091 329,
315 1062 360 1085 uhi
382 1065 469 1085 tamen
487 1065 572 1084 textus
595 1062 696 1084 mendis
715 1064 806 1085 scatet.
826 1062 921 1084 Textus
943 1061 1100 1092 castigatior
1115 1060 1186 1091 apud
1204 1060 1370 1091 D’Argentre‚
1393 1060 1459 1083 Coll.
1475 1060 1552 1088 jud„
1576 1060 1596 1085 Ι,
1615 1060 1668 1082 373.
1690 1073 1719 1076 -
1737 1059 1863 1086 Quisnam
1885 1060 1962 1082 fuerit
1983 1060 2032 1083 iste

166 1106 260 1135 Guido,
278 1106 419 1129 noscimus.
438 1106 467 1128 In
482 1106 559 1128 catal.
580 1105 717 1128 doctorum
734 1105 840 1128 Eremit.
860 1105 885 1128 S.
903 1106 968 1136 Aug.
988 1104 1096 1128 Parisiis
1111 1104 1197 1134 (Arch.
1214 1107 1268 1127 nat.
1286 1104 1370 1127 Paris.
1388 1104 1414 1127 S.
1430 1105 1498 1132 3640,
1520 1104 1563 1126 sol.
1580 1104 1629 1132 49),
1647 1106 1778 1126 caeterum
1796 1103 1963 1134 incompleto,
1981 1112 2032 1127 non

166 1153 277 1182 apparet
296 1158 389 1173 nomen
409 1150 546 1179 Guidonis,
566 1149 654 1180 utique
669 1153 755 1172 tamen
770 1149 871 1180 Aegidii
887 1149 918 1172 de
934 1149 1064 1172 Medonta.
1081 1148 1265 1172 Verisimiliter
1280 1158 1292 1170 «
1309 1148 1393 1172 Guido
1410 1157 1423 1168 n
1440 1151 1480 1170 est
1497 1156 1570 1170 error
1588 1147 1724 1178 scriptoris
1741 1148 1781 1170 vel
1798 1148 1959 1179 typographi
1977 1149 2033 1171 Ioco

166 1203 190 1219 v.
209 1203 220 1218 <i
239 1194 332 1225 Egidio
348 1203 370 1222 i),
390 1202 426 1217 sc.
448 1194 479 1216 de
497 1194 626 1223 Medonta,
643 1194 707 1217 Ord.
727 1193 844 1222 Eremit.‚
860 1194 892 1216 dn
907 1202 958 1224 quo
979 1201 1060 1224 supra
1078 1193 1111 1216 ad
1129 1201 1171 1216 an.
1189 1193 1258 1222 1352,
1274 1192 1334 1215 Maii
1348 1193 1385 1220 13,
1408 1196 1436 1215 n⁰
1452 1193 1521 1216 1207.
1540 1192 1594 1214 Hae
1611 1191 1805 1223 propositiones
1822 1200 1836 1214 a
1852 1192 1969 1216 Guidone
1988 1201 2033 1215 seu

166 1238 275 1270 Aegidio
291 1238 397 1261 minime
412 1241 549 1261 revocatae
563 1239 667 1261 suerunt
683 1238 745 1260 dum
762 1237 909 1261 Sententias
926 1237 1031 1268 legebat
1043 1239 1093 1266 (an.
1112 1238 1181 1266 1353,
1194 1237 1220 1260 in
1233 1237 1436 1266 vacationibus),
1454 1237 1498 1259 sed
1507 1236 1609 1259 lectura
1625 1236 1756 1265 absoluta,
1767 1245 1826 1259 cum
1837 1236 1954 1267 ejusdem
1967 1237 2035 1260 liber

167 1282 362 1313 manuscriptus
387 1282 441 1313 jam
461 1282 486 1304 in
510 1282 631 1304 manibus
655 1282 842 1312 magistrorum
866 1285 995 1312 repertus,
1020 1281 1129 1312 ipseque
1154 1284 1182 1304 ut
1203 1281 1374 1304 baccalareus
1400 1281 1527 1303 formatus
1554 1280 1580 1302 in
1603 1280 1826 1311 disputationibus
1852 1281 2035 1311 respondendo

165 1330 309 1358 occupatus
322 1330 400 1355 esset,
411 1335 478 1349 anno
492 1326 592 1349 scilicet
608 1327 677 1349 135¹».

261 1411 283 1433 1.
299 1410 371 1437 Quae
386 1413 531 1441 sequuntur
547 1418 630 1440 usque
646 1419 658 1431 α
677 1410 847 1440 pertinaciter
863 1418 885 1439 J),
902 1409 997 1432 desunt
1011 1409 1037 1431 in
1049 1409 1147 1432 Autiss.
1163 1412 1188 1432 et
1203 1409 1323 1439 Amplou
1340 1422 1370 1425 ——
1387 1410 1410 1432 2.
1428 1408 1525 1432 Autiss.
1543 1416 1548 1430 2
1569 1417 1579 1430 α
1597 1409 1681 1431 solum
1697 1417 1717 1430 i).
1734 1423 1763 1426 —
1777 1410 1798 1431 3.
1819 1409 1915 1432 Autiss.
1934 1410 2032 1437 Fideli,

167 1454 228 1477 edit.
247 1462 252 1476 ·.
271 1464 284 1475 «
301 1454 423 1477 Fideliter
441 1462 462 1476 ι).
482 1455 511 1477 In
528 1462 550 1476 c.
566 1454 641 1477 Fidei
658 1454 746 1484 agitur
763 1454 841 1476 etiam
857 1454 888 1476 de
906 1453 998 1476 effectu
1014 1453 1149 1484 baptismi.
1166 1467 1195 1470 —
1208 1454 1230 1475 [st.
1247 1462 1260 1474 α
1276 1456 1300 1475 et
1353 1452 1494 1476 Gratianus
1511 1462 1524 1473 »
1538 1461 1589 1476 om.
1605 1453 1726 1483 Amplon.
1741 1466 1771 1469 ——
1789 1455 1811 1476 5.
1828 1453 1924 1476 Autiss.
1943 1454 2031 1476 addit:

169 1507 180 1521 «
203 1498 289 1521 dicere
308 1507 328 1521 n.
349 1513 379 1515 —
396 1499 420 1521 6.
438 1498 496 1521 Vid.
519 1498 688 1521 auctoritates
707 1498 777 1529 apud
799 1498 955 1522 Gratianum
977 1497 1003 1520 in
1025 1498 1141 1524 Decreto,
1161 1498 1202 1521 De
1222 1498 1338 1527 poenit.r
1363 1497 1388 1520 d.
1407 1498 1430 1520 2.
1454 1505 1475 1519 c.
1495 1497 1563 1519 2-111.
1586 1511 1614 1514 -
1633 1498 1654 1520 7.
1673 1497 1769 1520 Autiss.
1788 1505 1792 1520 ς
1811 1506 1822 1520 <‹
1839 1497 1948 1520 veritate
1965 1506 1985 1521 ».
2003 1512 2035 1515 —

168 1543 192 1566 8.
206 1542 319 1566 Autiss.:
339 1553 352 1563 «
375 1543 479 1565 stellam
502 1551 523 1565 n.
550 1556 576 1559 —
594 1544 618 1566 9.
635 1542 769 1565 Editiones
788 1545 813 1565 et
827 1543 913 1573 Ampl.
930 1542 1046 1564 addunt:
1068 1550 1079 1564 (t
1097 1542 1129 1564 Et
1153 1541 1248 1572 scripsi
1273 1542 1342 1572 quod
1365 1541 1432 1564 Deus
1458 1542 1555 1564 faceret
1572 1541 1695 1572 injuriam
1713 1542 1763 1564 sibi
1783 1550 1803 1564 n.
1821 1555 1852 1559 -
1874 1543 1911 1565 10.
1936 1542 2033 1566 Autiss.

167 1586 260 1610 inserit
276 1595 289 1609 e
306 1588 320 1609 6
335 1595 423 1610 errore
441 1594 447 1609 ⁴.
465 1595 476 1609 «
494 1587 561 1609 Deus
580 1587 736 1618 quandoque
756 1586 791 1609 ita
807 1586 968 1617 prevenit....
980 1586 1142 1609 meritorium
1160 1594 1181 1608 ».
1193 1599 1224 1603 —
1236 1586 1273 1608 11.
1290 1585 1388 1608 Autiss.
1406 1593 1410 1607 z
1429 1595 1441 1606 (ι
1457 1589 1497 1608 est
1511 1594 1531 1608 ι).
1544 1599 1575 1602 -
1587 1586 1623 1609 12.
1641 1585 1736 1608 Omnes
1752 1586 1814 1609 edit.
1830 1586 1871 1608 hic
1887 1586 2033 1610 dissonant.

169 1645 198 1649 —-
211 1631 249 1654 13.
265 1631 341 1653 Falso
357 1631 419 1654 edit.
435 1634 460 1653 et
475 1631 632 1661 D‘Argentre
647 1638 651 1653 :
669 1641 681 1651 (ι
698 1634 799 1653 tantum
818 1630 903 1653 meriti
919 1634 959 1653 est
974 1638 1003 1653 ex
1025 1633 1122 1661 quanto
1137 1629 1306 1660 beneplaciti,
1322 1629 1413 1652 intenti
1431 1633 1455 1652 et
1471 1630 1553 1658 veliti,
1570 1638 1620 1652 non
1635 1638 1663 1652 ex
1675 1633 1772 1661 quanto
1790 1639 1810 1653 ι».
1822 1644 1852 1647 —
1868 1631 1904 1653 lli.
1918 1631 2013 1654 Autiss.
2027 1640 2032 1654 τ

169 1685 182 1697 ι(
197 1675 353 1706 simpliciter
371 1684 392 1698 υ.
409 1688 440 1692 -
457 1675 495 1698 15.
508 1675 592 1706 Ampl.
607 1683 613 1699 z
631 1685 643 1696 ι(
658 1676 689 1698 Et
705 1685 727 1698 n.

173 1781 314 1817 1219.
340 1789 506 1816 Guilletmus
532 1791 681 1823 Farinerii,
713 1790 843 1815 minister
864 1790 1010 1824 generalis
1037 1790 1102 1816 ord.
1128 1792 1196 1824 frat.
1222 1791 1371 1824 Minoram,
1398 1791 1426 1815 in
1452 1789 1583 1825 Casitulo
1610 1789 1740 1823 generali
1761 1789 1868 1815 Assisii
1892 1790 2034 1815 celebrato

258 1842 369 1864 statuta
382 1838 548 1875 promulgat
563 1838 598 1864 de
612 1839 718 1864 studiis
735 1839 763 1864 in
783 1839 887 1864 Ordine
902 1839 982 1872 Min.‚
999 1840 1170 1875 praesertim
1186 1839 1318 1872 Parisiis,
1337 1838 1513 1873 regulandis.

1444 1911 1522 1940 1354,
1538 1911 1608 1936 dunis
1619 1911 1636 1939 1,
1652 1910 1748 1936 Assisii.

263 1985 330 2007 Bibl.
348 1985 448 2008 Massil.
464 1993 513 2008 ms.
530 1985 599 2014 1200,
615 1985 678 2007 olim
694 1986 722 2008 E.
735 1985 760 2007 b.
777 1985 822 2007 379
838 1985 917 2014 (circa
932 1993 974 2008 an.
987 1985 1066 2014 1398),
1080 1986 1124 2008 sol.
1141 1986 1180 2014 85,
1197 1985 1264 2007 inter
1280 1985 1483 2008 Coustitutiones
1500 1985 1635 2015 generales
1652 1985 1769 2015 ejusdem
1782 1984 1905 2013 ministri,
1923 1985 1966 2007 sol.
1984 1986 2012 2007 70
2026 1993 2031 2007 :

171 2037 182 2051 «
199 2029 330 2060 Incipiunt
342 2029 546 2052 Constitutiones
562 2029 697 2059 generales
771 2029 834 2052 Ord.
850 2030 909 2052 frat.
926 2029 985 2052 Min.
1004 2030 1074 2060 apud
1091 2029 1219 2052 Assisium
1235 2029 1261 2052 in
1273 2029 1394 2060 Capitulo
1410 2029 1525 2060 generali
1542 2029 1639 2051 ibidem
1655 2029 1756 2051 noviter
1771 2029 1901 2051 celebrato
1917 2037 1964 2059 per
1978 2037 2031 2052 rev.

170 2076 272 2104 patrem
289 2074 320 2096 fr.
342 2073 513 2097 Guillelmum
530 2073 648 2104 ejusdem
665 2073 727 2097 ord.
745 2074 894 2104 generalem
910 2073 1060 2096 ministrum
1078 2082 1119 2096 an.
1140 2074 1212 2097 Dom.
1229 2074 1293 2096 mill.
1311 2077 1432 2096 treseeut.
1449 2074 1622 2104 quinquages.
1643 2073 1690 2095 1111
1711 2082 1732 2096 )).
1750 2087 1780 2090 —
1793 2073 1946 2100 Florentiae,
1966 2073 2032 2096 Bibl.

169 2121 223 2140 nat.
239 2117 293 2145 484,
310 2117 341 2141 G.
356 2118 368 2140 7
387 2119 463 2146 (saec.
480 2121 543 2146 X1v);
560 2117 683 2146 oxoniae,
698 2117 772 2140 Bodl.
789 2117 886 2140 Canon.
906 2126 956 2141 ms.
972 2118 1016 2140 277
1033 2120 1084 2147 (an.
1101 2118 1180 2147 1381.);
1197 2118 1317 2141 Ambros.
1334 2118 1360 2141 Z.
1380 2119 1432 2143 195.
1450 2126 1518 2148 sup.;
1537 2117 1666 2148 Lugduni,
1683 2117 1750 2140 Bibl.
1767 2117 1816 2140 civ.
1833 2121 1861 2139 u⁰
1873 2118 1931 2143 6633
1949 2112 2032 2145 Senis}

169 2161 237 2185 Bibl.
254 2162 304 2184 civ.
322 2162 353 2184 U.
370 2162 412 2189 Vl,
429 2163 455 2189 2;
477 2161 540 2184 Cod.
557 2162 614 2185 vat.
635 2162 679 2184 lat.
701 2162 761 2184 7694
778 2162 843 2190 (Vnt.
860 2162 904 2185 lat.
923 2162 993 2190 9380,
1010 2162 1054 2185 fol.
1070 2162 1108 2190 81,
1126 2162 1240 2184 continet
1257 2162 1366 2185 Constit.
1386 2165 1445 2184 ante
1463 2170 1504 2186 an.
1524 2162 1592 2189 1316,
1612 2161 1732 2193 quamvis
1750 2161 1889 2184 Guillelmo
1907 2161 2034 2183 Farinerii

169 2205 319 2236 ascriptas).
334 2219 362 2223 ·—
378 2205 510 2230 chronol.
529 2205 626 2230 histor.
643 2206 724 2236 leyal.
742 2206 862 2235 Seraph.
881 2206 954 2233 ord„
971 2206 990 2234 Ι,
1007 2207 1037 2228 64
1051 2214 1108 2237 sqq.
1126 2207 1161 2237 (p.
1177 2207 1227 2236 71).
1243 2207 1276 2230 Dc
1292 2206 1460 2234 GubernatiS,
1480 2206 1558 2230 Orbis
1571 2207 1694 2235 seraph..
1708 2206 1754 2234 Ill,
1769 2206 1798 2228 48
1814 2214 1871 2236 sqq.
1891 2206 1926 2235 (p.
1940 2206 1987 2234 57).
2006 2219 2034 2222 —

168 2250 238 2273 Nihil
253 2250 313 2273 novi
330 2250 442 2273 afferunt
452 2250 515 2273 haec
527 2253 625 2273 statuta
636 2250 699 2279 (vid.
717 2250 854 2279 chartul„
872 2251 903 2278 ll,
918 2254 946 2272 n⁰
962 2251 1015 2278 580,
1030 2254 1055 2273 et
1070 2251 1101 2273 de
1118 2250 1258 2274 Guillelmo
1274 2250 1411 2279 Fax-inerit,
1428 2255 1456 2273 ηο
1473 2251 1552 2279 1083).

262 2294 397 2323 Notamus,
421 2294 588 2317 baccalareos
609 2294 756 2317 Sententias
779 2294 887 2317 Parisiis
906 2295 1019 2317 lecturos
1042 2294 1166 2317 debuisse
1186 2303 1253 2317 anno
1271 2295 1443 2325 praecedente
1461 2295 1599 2317 lectionem
1617 2302 1715 2319 eorum,
1733 2297 1871 2325 antequam
1888 2293 2033 2316 baccalarei

169 2338 214 2361 alii
236 2338 262 2361 in
279 2338 365 2361 studio
381 2338 508 2369 incipiant
523 2338 680 2367 Sententias,
697 2338 760 2361 illuc
776 2338 925 2368 advenisse,
943 2347 954 2359 a
978 2339 1013 2361 ila
1031 2339 1100 2370 quod
1116 2339 1142 2361 in
1158 2339 1279 2361 omnibus
1295 2339 1434 2369 principiis
1460 2338 1641 2369 incipientium
1663 2338 1810 2361 Sententias
1827 2338 1937 2361 debeant
1952 2337 2033 2360 inter-

169 2391 226 2405 esse
242 2390 264 2411 »,
281 2382 357 2405 aliter
372 2382 542 2412 baccalareis,
559 2383 603 2413 qui
618 2386 679 2413 post
694 2391 737 2406 eos
756 2383 852 2414 legent,
875 2386 1077 2414 postponantur.
1096 2397 1123 2400 —
1146 2383 1274 2414 Adjuncta
1298 2386 1359 2406 sunt
1378 2383 1555 2407 stlemorialitt
1579 2382 1711 2412 Capituli,
1734 2391 1800 2413 (luae
1820 2382 1872 2404 vid.
1896 2382 1921 2404 in
1946 2382 2032 2405 Anal-

169 2426 326 2455 Francisc.‚
347 2427 370 2449 11
391 2426 554 2457 (Quaracchi,
574 2427 653 2455 1887),
673 2435 699 2458 p.
721 2427 765 2450 187
786 2435 835 2458 sq.,
850 2427 893 2449 ubi
913 2427 1040 2458 quaedam
1066 2427 1144 2450 etiam
1166 2427 1197 2450 de
1217 2427 1321 2450 studiis.
1339 2440 1366 2444 ——
1384 2428 1411 2449 In
1433 2435 1482 2450 ms.
1498 2427 1609 2455 Massil.,
1627 2427 1671 2449 fol.
1694 2427 1809 2454 ’107-113,
1828 2426 2032 2449 Constitutiones

168 2470 344 2501 provinciales
357 2478 405 2501 per
420 2470 554 2493 Marchum
570 2471 686 2502 general.
704 2471 801 2494 minist.
818 2471 969 2500 (1359-1366)
983 2471 1139 2502 compilatae
1152 2474 1262 2501 exstant,
1278 2471 1323 2494 ubi
1338 2475 1425 2494 tamen
1442 2471 1506 2493 nihil
1520 2471 1551 2493 dc
1567 2471 1653 2493 studio
1670 2470 1752 2493 Puris.

175 2613 315 2650 1220.
340 2622 506 2658 Appellatio
523 2623 655 2657 magistri
669 2623 825 2658 Reginaldi
840 2623 874 2649 de
890 2625 1001 2658 Acyaco
1015 2623 1055 2649 ad
1069 2623 1164 2649 sedem
1181 2623 1369 2659 apostolicam
1386 2627 1484 2649 contra
1500 2627 1635 2649 rectorem
1651 2627 1678 2648 et
1691 2622 1840 2648 nonnullos
1856 2631 1870 2647 e
1886 2623 2030 2655 magistris

263 2671 461 2697 Univer-sitatis
476 2672 660 2698 Parisiensis.

1363 2709 1436 2737 7354,
1452 2708 1559 2740 Augusti
1569 2708 1613 2736 25.
1629 2707 1745 2733 Parisiis.

259 2782 385 2814 Datum
407 2793 471 2826 per
487 2781 625 2826 copiam
647 2782 714 2814 sub
736 2783 841 2827 signo
861 2783 929 2814 mei
949 2783 1078 2815 notarii
1102 2782 1236 2827 publici
1257 2782 1488 2826 infrascripti.
1512 2783 1551 2813 In
1571 2781 1716 2813 nomine
1737 2781 1893 2820 Domini,
1911 2791 2024 2812 amen.

170 2848 236 2879 Per
264 2847 331 2880 hoc
364 2859 515 2892 presens
545 2847 729 2892 publicum
760 2848 1039 2881 instrumentum
1070 2849 1210 2881 cunctis
1245 2855 1361 2892 pateat
1390 2848 1589 2888 evidenter⁷
1616 2847 1712 2891 quod
1743 2858 1835 2878 anno
1864 2845 2024 2889 ejusdem
