2488 3386
450 370 514 403 376
1035 375 1351 398 CHARTULARIUM
1387 373 1574 396 11111νο115.
1611 371 1739 393 Pilais.
2216 357 2315 394 [1385

450 455 483 479 ut
498 461 566 479 eum
582 453 699 479 haberet
716 451 1003 479 recommendatum:
1019 450 1101 476 nulla
1116 451 1214 475 tamen
1232 449 1286 474 fuit
1302 449 1373 474 facta
1388 448 1484 481 paccio
1499 448 1576 473 inter
1590 454 1646 472 005.
1663 446 1703 471 De
1718 453 1797 471 anno
1809 452 1876 470 vero
1892 444 2057 478 precedenti
2072 444 2186 470 dictum
2201 452 2316 470 annum

450 502 552 528 habuit
567 509 663 527 unum
679 502 771 527 alium
787 501 924 526 scolarem
941 501 1075 525 vocatum
1091 499 1127 524 ad
1142 498 1291 524 licenciam
1310 498 1339 522 in
1356 497 1442 522 tercia
1455 496 1618 523 audicione,
1633 495 1694 527 qui.
1713 495 1800 527 prout
1817 493 1912 519 eidem
1927 493 1980 527 qui
1995 493 2128 526 loquitur
2142 493 2237 519 dictus
2252 501 2315 519 sco-

450 551 515 577 laris
538 551 649 579 retulit,
663 550 781 576 dederat
801 549 969 575 cancellario
989 548 1142 573 dimidiam
1164 547 1268 572 libram
1289 546 1519 571 confeccionum.
1541 544 1641 569 Cetera
1662 543 1716 568 alia
1741 544 1879 568 contenta
1899 542 1931 568 in
1949 542 2027 568 dicto
2048 542 2172 568 articulo
2194 542 2267 568 dixit
2289 550 2317 568 se

451 600 592 633 ignorare,
610 599 675 624 licet
689 598 831 624 audiverit
845 597 900 623 dici
917 597 1001 630 plura
1016 597 1051 622 de
1066 595 1210 621 contentis
1225 595 1255 620 111
1269 603 1302 619 eo
1315 602 1330 619 a
1346 594 1480 627 pluribus
1495 592 1696 619 scolaribus...

537 647 614 674 xxix.
629 647 761 680 Magister
771 647 915 671 anmcus
926 646 1054 673 Cmco'rt,
1068 644 1204 677 magister
1218 644 1247 668 in
1259 643 1370 668 artibus
1381 643 1507 675 juratus,
1522 643 1588 669 etc..
1603 641 1799 673 interrogatus
1815 647 1902 673 super
1914 640 2038 669 decimo,
2052 639 2202 673 respondit
2214 647 2317 665 verum

450 705 508 723 csse
522 697 601 730 quod
615 696 673 729 ipse
689 696 740 728 qui
756 695 888 728 loquitur
902 694 980 720 dedit
996 694 1078 719 nullo
1093 693 1149 718 alio
1166 694 1296 725 presente
1311 699 1363 724 pro
1379 692 1462 716 Petro
1476 690 1511 716 de
1527 689 1663 718 Marvilla.
1684 690 1789 722 nepote
1806 688 1907 714 decani
1920 688 1956 714 de
1976 688 2140 721 Longuion,
2157 690 2317 721 antequam

539 795 611 820 Item
629 794 708 818 dedit
728 801 780 826 pro
795 793 927 817 Johanne
942 790 1105 816 Tabernarii
1120 790 1214 815 eidem
1231 789 1461 815 vicecancellario
1480 789 1547 813 31110
1563 787 1744 813 vocationem
1770 794 1823 820 pro
1846 794 1930 812 causa
1955 786 2042 812 simili
2065 786 2133 820 iiijor
2154 787 2267 812 francos
2288 786 2320 812 in

451 843 566 869 ecclesia
581 841 739 869 Parisiensi,
758 841 840 866 nullo
855 841 994 873 presente.

540 892 612 917 Item
628 891 687 923 ipse
702 890 753 923 qui
775 890 907 922 loquitur
929 888 1062 921 promisit
1083 888 1151 913 dare
1172 887 1249 912 dicto
1264 886 1495 912 vicecancellario
1510 885 1611 911 decem
1635 885 1748 910 francos
1768 886 1837 910 ante
1852 884 2033 910 vocationem
2053 892 2106 918 pro
2128 884 2263 910 Johanne
2284 883 2320 910 de

452 941 624 967 Reumonte,
641 939 709 972 quia
724 940 784 964 erat
800 937 985 965 insufficienS.
1003 936 1054 969 qui
1075 937 1174 962 tamen
1197 935 1347 968 expeditus
1371 942 1431 960 non
1447 934 1512 963 fuit,
1530 934 1598 967 quia
1618 935 1700 967 pater
1723 941 1792 959 suus
1816 933 1895 958 misit
1919 941 1972 966 pro
1993 941 2036 962 00,
2053 935 2082 959 01
2104 933 2168 959 ideo
2189 933 2249 966 ipse
2267 932 2321 966 qui

452 989 584 1022 loquitur
599 995 658 1013 non
674 987 756 1012 solvit
770 987 860 1012 dictos
875 986 973 1011 decem
991 986 1102 1010 francos
1118 992 1169 1010 nec
1185 985 1304 1010 fuerunt
1326 984 1408 1017 petiti
1430 983 1466 1009 ab
1488 991 1532 1012 eo,
1553 984 1582 1009 et
1603 983 1691 1008 etiam
1713 983 1885 1015 promiserat
1907 990 1960 1016 pro
1982 982 2168 1015 expedicione
2188 981 2320 1015 ejusdem

452 1037 595 1070 magistris
610 1036 760 1067 Flamingo
775 1037 803 1061 et
818 1034 944 1060 Johanni
957 1034 992 1059 de
1008 1033 1135 1059 Hokelen
1151 1033 1376 1066 temptator-ibus
1391 1032 1510 1057 cuilibet
1524 1032 1597 1057 duos
1613 1032 1735 1061 11311005,
1757 1039 1830 1064 (11105
1845 1031 1933 1056 simili
1948 1039 2031 1057 031153
2052 1038 2112 1056 11011
2134 1030 2226 1056 solvit.
2250 1030 2319 1056 Pre-

452 1088 528 1112 terea
542 1085 613 1110 dixit
627 1093 654 1110 se
668 1084 830 1109 interfuisse
843 1083 951 1116 pluries
966 1083 995 1108 in
1009 1082 1146 1115 prandiis,
1163 1082 1193 1107 in
1209 1082 1316 1115 quibus
1330 1082 1518 1114 temptatores
1533 1080 1646 1106 invitati
1659 1082 1742 1108 erant
1757 1080 1794 1106 ad
1806 1080 2024 1113 expedicionem
2038 1080 2193 1105 scolarium
2208 1079 2319 1105 01131111-
2345 1106 2348 1110 ,

452 1134 619 1160 nandorum
634 1135 667 1158 ut
682 1133 818 1158 credit....

539 1190 604 1208 xxx.
626 1182 757 1214 Magister
772 1181 915 1206 JOllANNES
931 1181 1113 1208 Kxnnnorurr.
1131 1179 1267 1211 magister
1286 1179 1315 1204 in
1339 1179 1494 1211 theologia.
1517 1178 1595 1204 testis
1615 1179 1732 1211 juratus
1753 1179 1781 1204 et
1804 1178 2002 1210 interrogatus
2025 1185 2112 1210 super
2134 1176 2322 1210 infrascriptis

451 1231 583 1264 capitulis
595 1232 623 1256 et
638 1230 733 1263 primo
747 1237 832 1262 super
848 1234 915 1254 xxv⁰
928 1229 1050 1254 articulo
1065 1228 1126 1253 aliis
1141 1227 1261 1255 omissis.
1278 1229 1343 1256 etc..
1359 1227 1431 1253 dixit
1445 1229 1474 1253 et
1488 1227 1623 1260 deposuit
1638 1235 1741 1253 verum
1757 1234 1825 1256 esse,
1840 1226 1921 1260 quod
1942 1227 2019 1252 sama
2035 1226 2151 1259 publica
2173 1227 2224 1256 est,
2241 1225 2322 1259 quod

451 1279 637 1306 cancellarius
659 1279 768 1304 multos
789 1278 896 1303 abusus
911 1277 1058 1303 commisit
1073 1285 1124 1310 per
1139 1284 1176 1306 se,
1194 1276 1347 1302 familiares
1366 1278 1394 1302 et
1409 1276 1544 1302 officiales
1559 1284 1634 1301 suos.
1651 1277 1850 1309 Interrogatus
1869 1275 1905 1301 de
1920 1275 2029 1308 quibus
2042 1275 2181 1301 abusibus
2198 1276 2227 1301 et
2246 1274 2323 1300 inter

451 1336 522 1362 quas
537 1335 671 1361 personas
686 1329 726 1353 est
741 1327 816 1352 dicta
833 1327 918 1354 sama,
936 1326 1099 1359 respondet.
1124 1325 1204 1358 quod
1227 1326 1302 1350 fama
1318 1327 1359 1350 051
1374 1325 1404 1350 111
1424 1325 1614 1351 Universitale
1633 1325 1713 1358 quod
1729 1324 1888 1358 aliquando
1907 1324 2044 1357 preponit
2058 1322 2212 1358 indign0[s]
2227 1323 2323 1356 dignis

452 1385 504 1410 pro
519 1376 666 1410 peccunia,
680 1378 708 1402 et
723 1376 803 1409 quod
823 1383 875 1408 pro
891 1375 1008 1401 licencia
1028 1375 1123 1400 danda
1143 1374 1245 1407 recipit
1269 1374 1421 1408 peccunias
1443 1382 1457 1399 a
1480 1374 1665 1400 licenciandis
1680 1375 1740 1399 tam
1756 1374 1787 1399 in
1803 1373 2017 1407 presentatione
2034 1373 2216 1406 signetorum
2231 1379 2323 1406 quam

451 1426 527 1452 alias.
545 1426 579 1451 Et
594 1427 635 1451 est
648 1432 749 1451 verum
763 1424 842 1457 quod
858 1425 917 1456 ipse
932 1424 983 1457 qui
999 1424 1140 1456 loquitur.
1158 1432 1173 1448 a
1189 1430 1248 1456 quo
1263 1423 1358 1448 dictus
1373 1423 1561 1449 cancellarius
1576 1423 1725 1456 requisivit
1744 1423 1807 1455 ejus
1825 1422 2040 1455 deposicionem
2061 1422 2097 1447 de
2117 1421 2210 1447 tribus
2230 1421 2322 1447 licen-

451 1475 559 1500 ciandis
574 1474 603 1499 in
618 1474 753 1499 facultate
768 1473 921 1505 theologie,
936 1480 1066 1505 quorum
1083 1480 1161 1497 unus
1173 1474 1234 1498 erat
1250 1472 1479 1505 Augustinensis,
1494 1472 1568 1497 alius
1583 1472 1700 1497 Ordinis
1715 1472 1874 1500 Minorum,
1891 1473 1920 1497 et
1933 1471 1969 1497 de
1988 1471 2045 1496 alio
2067 1478 2128 1496 non
2142 1470 2322 1498 recordatur.

452 1523 600 1557 respondit
614 1522 691 1548 dicto
706 1522 875 1548 cancellario
891 1522 971 1554 quod
987 1529 1122 1554 personas
1137 1529 1240 1547 eorum
1263 1529 1323 1546 non
1342 1521 1541 1553 cognoscebat,
1559 1521 1627 1554 quia
1644 1528 1704 1546 non
1719 1520 1830 1546 viderat
1842 1528 1889 1546 eos
1904 1520 2039 1546 facientes
2060 1519 2173 1552 aliquos
2192 1520 2272 1545 actus
2292 1519 2324 1545 in

453 1573 589 1598 facultate
604 1571 700 1597 solitos
714 1571 776 1596 fieri
791 1572 859 1596 ante
871 1570 1031 1597 licenciam,
1047 1572 1075 1595 01
1090 1571 1241 1603 propterea
1253 1570 1289 1595 de
1304 1577 1406 1595 eorum
1423 1570 1595 1595 sufficientia
1610 1570 1755 1602 deponere
1778 1577 1838 1595 non
1854 1571 1976 1602 poterat.
1999 1568 2212 1595 Nichilominus
2225 1569 2324 1594 tamen

452 1621 592 1646 licenciati
617 1620 745 1645 fuerunt.
768 1619 794 1645 Si
808 1627 874 1645 vero
889 1619 936 1644 alii
952 1619 1080 1652 magistri
1098 1619 1227 1652 requisiti
1244 1619 1364 1644 fuerunt
1385 1620 1413 1644 et
1435 1619 1632 1652 deposuerunt
1648 1619 1684 1644 de
1701 1626 1805 1644 eorum
1824 1618 2007 1646 sufficientia,
2024 1617 2150 1650 ignorat,
2164 1617 2235 1651 quia
2249 1624 2322 1643 con-

453 1670 609 1695 sueverunt
627 1669 771 1702 deponere
786 1668 939 1701 separatim
953 1670 981 1693 ct
996 1669 1109 1693 secrete.
1130 1667 1248 1692 Audivit
1264 1669 1362 1693 tamen
1378 1668 1413 1693 ab
1428 1668 1575 1701 aliquibus
1590 1668 1744 1701 magistris,
1760 1667 1891 1693 videlicet
1910 1675 1926 1693 a
1947 1666 2087 1699 magistro
2101 1666 2236 1692 Johanne
2253 1665 2322 1692 Tre-

454 1719 502 1744 lon
513 1717 533 1735 '³
550 1718 686 1750 magistro
702 1717 731 1742 in
746 1717 889 1750 theologia
903 1718 931 1742 et
946 1717 1045 1742 ceteris
1060 1717 1130 1743 aliis.
1145 1716 1180 1742 de
1196 1717 1303 1749 quibus
1321 1724 1380 1742 non
1397 1714 1574 1745 recordatur,
1589 1717 1670 1750 quod
1684 1717 1776 1750 aliqui
1791 1717 1913 1742 fuerunt
1928 1715 2080 1745 licenciati,
2097 1715 2132 1741 de
2149 1714 2257 1749 quibus
2271 1714 2324 1748 ipsi

455 1775 515 1792 non
529 1767 737 1799 deposuerunt,
755 1766 819 1791 licet
839 1765 963 1791 debeant
984 1773 1085 1790 omncs
1107 1765 1235 1798 magistri
1262 1765 1291 1790 in
1316 1765 1459 1796 theologia
1480 1767 1540 1791 13111
1561 1767 1691 1798 regentes
1706 1773 1797 1799 (1113111
1814 1773 1873 1790 11011
1890 1766 2021 1798 regentes
2035 1764 2188 1790 existentes
2202 1763 2326 1789 Parisius

454 1815 625 1848 interrogari
640 1822 691 1847 per
705 1814 909 1840 cancellarium
925 1814 960 1839 de
980 1814 1047 1839 iii'ffl·
1062 1814 1178 1847 punctis
1193 1814 1343 1841 examinis.
1358 1814 1489 1840 videlicet
1504 1815 1539 1840 de
1557 1815 1684 1844 scientia.
1700 1815 1735 1840 de
1751 1814 1892 1843 facondia.
1909 1814 1945 1839 de
1959 1814 2017 1839 vita
2032 1814 2061 1839 et
2075 1813 2217 1842 moribus,
2233 1814 2262 1838 et
2277 1819 2326 1845 spe

454 1863 624 1897 proficiendi
639 1870 673 1888 ex
691 1862 877 1888 ordinacione
899 1862 1021 1895 antiqua
1042 1861 1166 1895 papaliss
1186 1864 1214 1888 et
1233 1863 1434 1888 observacione
1455 1863 1577 1896 antiqua
1601 1863 1689 1891 studii
1715 1863 1886 1888 Parisiensis.
1914 1863 2044 1888 Preterea
2066 1861 2188 1895 quidam
2210 1860 2326 1887 Ordinis

455 1911 673 1940 Servitarumffi,
697 1911 748 1944 qui
772 1912 864 1936 fuerat
889 1911 1069 1936 bachalarius
1091 1911 1251 1936 cancellarii
1272 1912 1477 1944 predecessoris
1498 1912 1660 1937 immediati
1676 1912 1745 1938 dicti
1760 1911 1923 1938 cancellarii
1939 1910 2083 1940 moderni.
2100 1911 2165 1943 post
2177 1910 2326 1936 decessum

454 1961 523 1987 dicti
538 1960 741 1994 predecessoris
756 1960 841 1992 elegit
857 1968 909 1993 1110
926 1960 1063 1993 magistro
1079 1960 1253 1993 magistrum
1271 1960 1469 1993 Baldoynum2
1487 1962 1586 1987 tamen
1602 1961 1762 1986 modernus
1777 1960 1964 1987 cancellarius
1978 1959 2071 1985 voluit
2089 1967 2159 1985 eum
2178 1958 2284 1985 habere
2298 1959 2326 1984 et
2345 1993 2349 1997 .

454 2010 490 2036 de
505 2010 578 2035 13010
594 2009 696 2034 hahuit
718 2009 772 2034 sub
787 2016 824 2038 se,
845 2009 968 2034 dicendo
991 2008 1022 2033 in
1044 2009 1130 2041 plena
1153 2009 1298 2038 facultate,
1315 2009 1435 2042 quando
1450 2010 1694 2043 presentabantur
1710 2010 1865 2036 bachalarii
1886 2017 1937 2043 per
1952 2009 2131 2038 facultatem,
2148 2008 2229 2042 quod
2244 2015 2325 2034 nun·-

455 2066 545 2092 quam
560 2058 653 2083 dictus
667 2057 816 2090 religiosus
831 2057 966 2083 transiret
980 2057 1014 2082 ad
1036 2057 1196 2086 licenciam,
1220 2058 1273 2083 nisi
1295 2058 1348 2083 sub
1363 2065 1406 2087 eo.
1422 2059 1491 2091 quia
1507 2059 1601 2085 fuerat
1616 2059 1798 2084 bachalarius
1812 2058 2017 2092 predecessoris
2038 2057 2092 2083 sui.
2109 2057 2144 2083 Et
2164 2065 2215 2090 per
2235 2057 2327 2082 istum

455 2107 579 2133 modum
594 2107 687 2139 coegit
699 2114 767 2132 eum
781 2106 817 2131 ad
832 2106 1033 2138 recipiendum
1047 2106 1171 2138 gradum
1188 2107 1241 2131 sub
1254 2114 1297 2135 eo,
1313 2107 1378 2133 licet
1392 2108 1427 2133 (10
1443 2108 1536 2140 rigore
1549 2109 1577 2133 et
1590 2108 1802 2134 consuetudine
1814 2108 1890 2133 dicte
1906 2106 2050 2133 facultatis
2064 2106 2109 2135 sit.
2123 2106 2204 2139 quod
2219 2105 2327 2131 bacha-

456 2157 518 2182 larii
533 2155 744 2181 defficientibus
759 2155 903 2187 magistris
916 2156 1010 2180 morte
1023 2155 1065 2180 vel
1080 2155 1208 2181 absentia
1224 2158 1345 2188 possunt
1360 2156 1464 2189 eligere
1478 2165 1568 2190 quem
1582 2157 1686 2182 volunt
1701 2157 1736 2182 de
1751 2156 1930 2189 regentibus.
1946 2157 2068 2188 Insuper
2080 2155 2172 2180 voluit
2186 2154 2328 2188 impedire

456 2205 630 2237 magistrum
643 2204 771 2229 Yvonem
783 2204 818 2229 de
830 2204 987 2229 Lamederii
997 2203 1019 2221 ⁴⁶
1032 2204 1148 2229 Ordinis
1161 2204 1387 2230 Carmelum-um
1403 2207 1431 2231 et
1445 2206 1619 2238 magistrum
1631 2206 1798 2231 Johanuem
1809 2205 1844 2231 de
1855 2205 1971 2238 Quercu
1982 2206 2046 2237 post
2060 2203 2210 2229 licenciam
2221 2203 2327 2229 obten—

457 2253 557 2282 tam¹⁷.
572 2253 619 2278 sed
630 2260 756 2280 causam,
769 2260 867 2285 quare,
880 2252 952 2277 dixit
963 2260 990 2278 se
1005 2253 1148 2285 ignorare,
1165 2253 1218 2278 nisi
1229 2254 1309 2286 quod
1324 2254 1435 2279 audivit
1448 2255 1528 2287 quod
1544 2255 1635 2288 aliqui
1650 2255 1845 2287 promiserant
1858 2255 1886 2280 et
1899 2261 1959 2279 non
1972 2253 2162 2279 attendebant
2176 2252 2327 2286 promissa.

458 2303 589 2328 Fuerunt
604 2303 703 2327 tamen
721 2301 880 2333 magistrati
896 2302 972 2327 111310
987 2301 1088 2334 graciis
1103 2302 1170 2331 suis,
1187 2303 1256 2335 quia
1277 2303 1397 2328 facultas
1421 2303 1581 2329 substinuit
1601 2311 1657 2333 eos,
1681 2312 1750 2329 cum
1771 2304 1853 2329 nulla
1875 2302 1998 2328 crimina
2020 2301 2073 2327 sibi
2096 2302 2327 2335 opponerentur,

458 2359 527 2376 cum
540 2350 627 2376 etiam
645 2350 830 2375 cancellarius
853 2357 911 2375 non
927 2350 1018 2375 valeat
1040 2350 1181 2383 impedire
1201 2351 1402 2383 magisterium
1423 2354 1487 2385 post
1506 2352 1667 2380 licenciam,
1690 2352 1744 2378 nisi
1767 2352 1932 2378 ostenderet
1950 2352 2060 2385 justam
2083 2357 2210 2379 causam,
2226 2356 2327 2383 quare,

460 2407 550 2433 quam
564 2406 622 2424 non
636 2398 761 2424 ostendit
777 2406 828 2424 1100
841 2399 982 2431 allegavit.
1000 2399 1198 2431 Interrogatus
1210 2399 1246 2425 (le
1261 2400 1349 2425 modo
1362 2401 1577 2433 impedimenti,
1592 2402 1741 2434 respondit
1754 2401 1834 2434 quod
1850 2402 1914 2434 post
1930 2400 2090 2429 licenciam,
2103 2398 2223 2432 quando
2235 2398 2328 2424 licen-

459 2448 549 2473 ciatus
564 2447 626 2472 vult
642 2447 812 2479 magistrari,
829 2447 1043 2479 magistrandus
1062 2448 1147 2473 debet
1170 2449 1260 2474 facere
1276 2449 1415 2482 xesperias
1437 2451 1464 2475 et
1485 2450 1629 2482 assignare
1648 2450 1699 2475 sibi
1722 2450 1781 2476 dics
1803 2457 1854 2483 per
1875 2449 2080 2475 cancellarium
2102 2449 2131 2474 et
2154 2447 2328 2481 magistrum

461 2504 548 2521 suum
568 2496 729 2521 secundum
751 2495 885 2520 ordinem
906 2495 1036 2524 licencie;
1052 2504 1142 2528 quam
1165 2496 1392 2529 assignacionein
1409 2498 1596 2523 cancellarius
1611 2499 1761 2524 recusabat
1776 2499 1877 2527 facere,
1893 2498 1985 2523 donec
2001 2498 2121 2523 facultas
2135 2496 2262 2522 ostendit
2276 2495 2329 2521 sibi

461 2545 540 2578 quod
556 2544 631 2569 male
646 2544 773 2568 faciebat.
789 2543 925 2569 Ceterum
945 2544 1053 2568 audivit
1077 2545 1113 2569 ab
1134 2552 1182 2570 ore
1206 2545 1274 2570 dicti
1290 2546 1451 2571 cancellarii
1467 2547 1497 2571 in
1514 2548 1599 2579 plena
1613 2548 1758 2576 facultate,
1775 2547 1856 2580 quod
1872 2547 2014 2572 habuerat
2026 2553 2118 2571 unam
2133 2544 2257 2571 caudam
2269 2543 2329 2569 vini

461 2593 496 2619 de
511 2593 597 2618 Belna
613 2600 628 2617 a
643 2592 771 2625 quodam
788 2592 959 2620 113011313110,
975 2593 1025 2625 qui
1038 2593 1151 2618 volebat
1166 2593 1259 2625 legere
1282 2594 1446 2620 Sentencias
1464 2595 1514 2628 qui
1530 2597 1590 2620 erat
1612 2596 1774 2621 l'redicator
1789 2598 1818 2622 et
1833 2596 1989 2621 vocabatur
2003 2595 2091 2620 frater
2105 2593 2280 2620 Guillelmus
2293 2592 2330 2618 de

462 2641 589 2670 Roseriis,
604 2641 670 2666 licet
682 2640 853 2673 priusquam
869 2640 942 2665 dicta
957 2641 1047 2665 cauda
1062 2641 1155 2666 eidem
1171 2641 1236 2667 data
1254 2643 1360 2671 fuisset.
1375 2643 1469 2668 dictus
1484 2645 1681 2674 cancellarius,
1694 2646 1783 2677 prout
1797 2645 1856 2678 ipse
1869 2645 1921 2678 qui
1936 2644 2070 2677 loquitur
2084 2644 2180 2669 certus
2194 2643 2245 2671 est,
2258 2641 2328 2667 sub—

461 2689 583 2715 stinebat
600 2690 711 2722 partem
728 2689 914 2721 quorundam
938 2689 1164 2721 impedientium
1180 2690 1292 2715 dictum
1313 2692 1487 2724 magistrum
1508 2692 1712 2721 Guillelmum,
1737 2695 1770 2719 ut
1792 2693 1950 2726 apparebat
1964 2692 2059 2718 eidem
2074 2692 2126 2725 qui
2141 2691 2282 2724 loquitur,
2298 2690 2329 2716 in

461 2737 733 2770 congregationibus
749 2737 901 2765 facultatis,
916 2745 973 2769 que
988 2738 1060 2762 facte
1077 2738 1195 2763 fuerunt
1212 2739 1305 2764 multe
1321 2742 1440 2772 propter
1454 2741 1567 2766 dictum
1582 2742 1877 2774 impedimentum....

549 2787 621 2812 Item
640 2793 726 2818 super
744 2785 839 2818 xliiij0,
863 2785 923 2810 aliis
945 2786 1055 2811 omissis
1079 2788 1112 2811 ut
1136 2794 1232 2819 supra.
1250 2788 1398 2820 respondit
1412 2797 1513 2814 verum
1536 2798 1594 2815 esse
1613 2791 1693 2823 quod
1717 2791 1776 2823 ipse
1798 2791 1849 2824 qui
1874 2790 2008 2823 loquitur
2028 2789 2139 2815 audivit
2154 2796 2169 2814 a
2191 2788 2330 2821 magistro

461 2836 594 2861 Johanne
609 2835 643 2859 (10
659 2834 789 2866 Karolay.
805 2834 943 2859 canonico
966 2834 1123 2863 Parislensi‚
1141 2835 1194 2860 snb
1216 2844 1277 2868 quo
1296 2836 1390 2862 dictus
1412 2838 1548 2869 magister
1568 2839 1627 2864 Yvo
1650 2839 1705 2864 fuit
1727 2840 1923 2872 magistratus.
1941 2839 2022 2872 quod
2039 2838 2070 2863 in
2085 2838 2197 2871 signeto
2212 2837 2331 2862 dederat

460 2885 536 2910 dicto
549 2882 717 2909 cancellario
730 2882 834 2914 xxiiijor
847 2883 982 2907 mutones
997 2882 1070 2909 auri.
1084 2884 1112 2908 et
1127 2883 1336 2909 nichilominus
1352 2887 1415 2917 post
1431 2886 1577 2919 signetum
1595 2887 1715 2912 missum
1734 2888 1826 2913 voluit
1839 2888 1936 2921 ipsum
1952 2887 2103 2920 impedire,
2118 2886 2191 2911 sicut
2206 2885 2266 2918 ipse
2278 2884 2330 2918 qui

461 2933 591 2965 loquitur
606 2933 699 2957 certus
711 2932 761 2958 est.
778 2931 847 2963 quia
860 2930 930 2956 vidit
943 2932 970 2956 et
985 2931 1095 2956 audivit
1111 2931 1320 2964 impedimenta
1335 2934 1403 2959 dicti
1418 2935 1588 2963 cancellarii.
1601 2937 1628 2961 et
1645 2936 1844 2969 suspicabatur
1860 2944 1910 2969 per
1923 2936 2036 2969 aliquos
2048 2935 2084 2961 de
2099 2935 2235 2960 facultate
2248 2933 2329 2966 quod
