2508 3372
967 351 1258 374 INTRODUCTIO.
2006 354 2041 375 XI

180 428 289 464 Paris.
310 427 449 470 fecisse,
468 427 496 462 si
517 426 698 462 saeculum
719 438 783 462 xm
800 430 833 461 et
853 426 988 474 priores
1012 425 1234 474 septuaginta
1261 437 1372 462 annos
1395 426 1527 462 saeculi
1554 439 1616 461 xiv
1638 428 1907 473 comparaveris.
1927 429 2039 469 Quam

180 503 347 546 corrupta
359 497 464 533 fuerit
476 497 632 533 latinitas
645 509 768 533 eorum
785 496 1005 532 saeculorum
1021 497 1129 532 cuivis
1142 497 1353 533 Chartularii
1367 500 1481 533 textus
1499 498 1718 544 percurrenti
1733 497 1959 533 manifestum
1974 502 2037 534 est.

181 570 369 617 Corruptio
386 580 526 616 semper
540 568 694 604 deterior
718 567 803 603 ibat.
826 569 864 602 ln
879 568 950 603 hoc
968 568 1145 603 volumine
1173 567 1403 603 inveniuntur
1418 568 1589 603 vocabula
1617 568 1694 616 ejus
1712 568 1807 603 modi
1827 580 1834 604 :
1854 568 2037 612 barataria,

180 640 398 684 doctorizare,
417 651 560 688 yzcerra,
583 646 772 686 trumpare,
800 638 966 687 vz‘aqium,
991 642 1076 682 etc.,
1105 639 1257 674 maxima
1281 650 1346 686 pro
1366 640 1547 681 sentencia,
1567 638 1662 686 quod
1683 650 1747 686 pro
1774 645 1828 681 ut,
1850 639 2041 687 9110010011-

180 715 353 748 structum
370 711 648 758 cuminfim'tivr).
662 710 770 746 Multa
787 709 957 746 vocabula
971 710 1064 746 bona
1077 714 1260 746 auctorum
1282 710 1512 746 classicorum
1530 710 1623 757 apud
1640 710 1869 746 scholasticos
1884 710 1935 745 vel
1950 711 2040 746 defi-

180 783 277 819 ciunt
293 782 346 818 vel
362 782 478 818 alieno
495 793 535 817 ac
558 793 647 818 novo
672 794 777 817 sensu
801 785 1035 828 usurpantur;
1061 782 1316 817 sententiarum
1340 781 1556 817 constructio
1582 785 1656 816 tum
1681 781 1848 816 Gallicam
1866 786 1939 816 tum
1963 782 2042 818 Ale-

179 854 383 889 mannicam
401 852 556 888 indolem
575 852 710 888 redolet
728 857 759 888 et
778 852 822 888 ab
838 852 974 899 illo-qui
993 853 1269 888 instrumentum
1296 852 1431 899 redegit
1451 852 1596 899 pendet.
1617 854 1658 887 Et
1683 853 1819 898 quoties
1835 852 2041 888 indicativus

178 936 243 973 pro
259 924 484 971 subjunctivo
501 924 659 971 ponitur,
682 923 820 971 quoties
836 923 1033 959 adulterata
1050 923 1165 958 forma
1187 938 1201 955 «
1217 923 1458 970 contingerit»
1482 923 1517 958 in
1531 922 1763 970 originalibus
1779 923 2038 967 instrumentis,

178 1007 243 1044 pro
270 995 515 1043 «contigerit»
540 995 712 1031 occurrit!
733 996 823 1030 Tum
841 994 1006 1030 classicos
1024 995 1142 1042 legere
1162 995 1402 1042 negligebant,
1426 994 1480 1029 vel
1499 994 1527 1029 si
1553 1006 1641 1041 quos
1661 998 1927 1042 excerpserunt,
1948 995 2042 1030 velut

179 1066 322 1103 saeculo
353 1079 416 1101 xm
437 1066 650 1103 Vincentius
677 1065 949 1109 Bellovaceusis,
969 1078 1040 1101 non
1065 1078 1106 1101 ea
1127 1069 1244 1101 mente
1269 1066 1431 1113 legerunt
1456 1069 1492 1100 ut
1513 1077 1644 1112 purum
1671 1065 1899 1112 antiquorum
1921 1065 2040 1100 stilum

177 1138 415 1174 imitarentur.
435 1137 648 1185 Exemplum
674 1137 780 1184 hujus
804 1137 942 1172 vitiatae
969 1136 1152 1172 latinitatis
1178 1136 1323 1184 praebet
1341 1136 1537 1172 declaratio
1561 1136 1802 1171 Universitatis
1830 1135 1955 1171 Paris.⁴
1977 1148 2041 1183 pro

178 1209 362 1245 Clemente
372 1209 434 1244 Vll
450 1220 508 1243 an.
530 1209 635 1252 1383,
652 1220 698 1243 ne
712 1207 818 1243 verba
831 1208 1003 1243 faciamus
1020 1208 1062 1242 de
1080 1208 1235 1254 quodam
1252 1207 1405 1243 nationis
1415 1207 1630 1254 Anglicanae
1648 1211 1889 1254 procuratore,
1905 1207 2041 1243 Thoma

178 1280 221 1316 de
238 1279 416 1322 Foresta2‚
436 1280 538 1327 cujus
555 1279 656 1314 stilus
674 1279 764 1315 adeo
781 1282 969 1326 corruptus
985 1283 1037 1314 est
1055 1282 1092 1314 ut
1112 1279 1219 1314 ctiam
1235 1279 1330 1314 inter
1344 1290 1491 1314 coaevos
1511 1278 1674 1314 deteriori
1694 1279 1835 1314 macula
1848 1278 2037 1322 afficiatur3

176 1350 308 1387 nedum
326 1350 370 1385 de
386 1350 650 1398 orthographia,
665 1362 772 1397 quam
790 1362 861 1386 non
882 1350 1011 1385 latinus
1028 1349 1134 1386 modo
1151 1350 1213 1386 sed
1226 1350 1444 1397 quicumque
1463 1349 1605 1396 gentilis
1621 1361 1739 1385 sermo
1761 1350 1826 1385 hac
1840 1353 1954 1385 aetate
1974 1361 2038 1396 pro

175 1421 290 1458 nihilo
306 1421 417 1457 ducit.

275 1493 472 1540 Impulsum
490 1492 532 1527 ad
551 1492 667 1527 studia
685 1493 938 1539 grammaticae
957 1492 1101 1539 stilique
1119 1491 1333 1535 renovanda,
1360 1491 1402 1526 ad
1423 1492 1595 1527 lecturam
1624 1492 1930 1539 imitationemque
1952 1492 2041 1527 auti-

176 1576 327 1612 quorum
354 1563 612 1599 restituendam
636 1575 708 1599 nou
733 1563 894 1604 Francia,
924 1567 960 1598 ut
986 1575 1110 1599 omnes
1133 1566 1277 1605 norunt,
1303 1563 1364 1598 sed
1394 1563 1493 1598 ltalia
1519 1562 1626 1598 dedit.
1656 1563 1843 1598 Francisco
1859 1564 2040 1598 Petrarcae

177 1635 340 1679 debetur,
359 1647 439 1670 mox
471 1635 615 1670 asseclis
641 1647 722 1670 eum
750 1634 785 1669 in
810 1634 910 1670 Italia
930 1634 1173 1681 sequentihus.
1203 1635 1243 1669 ln
1266 1634 1414 1669 Francia
1441 1634 1618 1669 renovatio
1639 1634 1764 1680 incipit
1784 1645 1864 1669 cum
1885 1635 2042 1669 versione

177 1706 304 1754 gallica
324 1706 390 1741 Titi
407 1706 518 1741 Livii³
535 1705 760 1752 aliorumque
781 1705 1025 1749 classicorum,
1052 1710 1085 1740 at
1102 1705 1199 1740 brevi
1223 1705 1359 1740 classici
1384 1704 1449 1752 ipsi
1469 1704 1550 1739 lecti
1574 1708 1670 1747 sunt,
1699 1704 1845 1751 quidam
1871 1705 1976 1739 etiam
2005 1704 2042 1739 in

175 1777 310 1813 scholis
340 1777 583 1813 Universitatis
609 1777 829 1813 Parisiensis.
860 1777 916 1812 Sic
937 1778 1123 1812 Petrarcae
1147 1776 1359 1811 sententiam
1389 1791 1405 1808 «
1437 1776 1629 1811 oratoriam
1656 1779 1689 1811 et
1720 1776 1894 1822 poeticam
1930 1780 2041 1811 artem

175 1849 286 1896 magis
303 1849 338 1884 in
351 1849 451 1884 ltalia
466 1860 571 1896 quam
589 1849 624 1883 in
642 1848 719 1884 aliis
733 1848 837 1883 terris
856 1847 994 1883 edoceri
1010 1863 1042 1891 »,
1056 1848 1222 1883 Nicolaus
1239 1847 1282 1882 de
1300 1847 1500 1894 Clamengis
1514 1846 1676 1893 corrigit:
1695 1862 1710 1878 «
1728 1847 1939 1894 Respondeo
1955 1847 1990 1882 id
2005 1847 2041 1882 111

179 1935 195 1953 «
225 1920 302 1956 aliis
315 1919 477 1968 partibus
491 1920 599 1956 etiam
612 1919 826 1967 plerumque
843 1919 935 1955 fieri.
956 1919 1035 1955 Vidi
1048 1930 1113 1966 ego
1130 1919 1165 1954 in
1182 1918 1299 1954 studio
1316 1918 1489 1954 Parisiaco
1504 1930 1584 1965 sepe
1597 1918 1798 1953 Tullianam
1814 1917 1957 1965 publice
1975 1918 2042 1964 legi

179 2006 196 2023 «
229 1991 456 2035 rhetoricam,
485 2003 567 2038 sepe
594 1991 679 2026 item
711 1991 888 2038 privatim,
922 2001 1184 2037 nonnunquam
1212 1976 1317 2025 etiam
1349 1989 1623 2032 Aristotelicam,
1649 1993 1825 2036 poeteque
1847 1990 1978 2024 summi
2008 1993 2041 2025 et

180 2078 197 2095 «
226 2062 351 2110 optimi
372 2063 540 2110 Virgilius
561 2066 666 2109 atque
681 2062 866 2098 Terentius
882 2062 953 2097 illic
970 2062 1075 2097 etiam
1092 2073 1174 2108 sepe
1191 2060 1392 2108 leguntur&
1408 2077 1421 2093 υ
1447 2063 1609 2096 Fortasse
1635 2060 1706 2095 huc
1727 2060 1762 2095 id
1782 2072 1924 2107 quoque
1951 2060 2040 2095 trahi

177 2137 292 2181 potest
308 2134 404 2181 quod
417 2134 601 2169 Johannes
621 2134 664 2169 de
680 2132 906 2170 Monsterolio
922 2133 959 2168 in
976 2133 1130 2180 quadam
1147 2131 1294 2179 epistola
1312 2133 1355 2167 de
1377 2132 1543 2167 Terentio
1560 2131 1680 2167 dicit-⁵.
1702 2131 1926 2179 Singularem
1946 2131 2043 2167 elen-

178 2205 287 2241 chum
312 2216 435 2240 eorum
460 2208 658 2248 auctorum,
683 2205 742 2252 qui
772 2204 807 2239 in
838 2205 909 2239 fine
942 2216 1037 2239 saec.
1068 2204 1151 2239 xlvti
1172 2203 1313 2239 Parisiis
1341 2204 1414 2239 noti
1442 2202 1678 2246 habebantur,
1706 2203 1731 2237 si
1761 2214 1833 2237 11011
1854 2214 1980 2237 01111105
2006 2202 2041 2237 111

178 2276 311 2311 50110115
324 2275 547 2322 legebantur,
562 2275 665 2312 nobis
687 2275 788 2311 affert
805 2277 928 2311 Petrus
949 2275 992 2310 dc
1008 2274 1160 2310 Ailliaco
1177 2287 1184 2310 :
1207 2290 1221 2305 «
1239 2276 1276 2309 ln
1297 2275 1412 2321 primo
1430 2274 1526 2309 scole
1544 2273 1843 2320 philosophorum
1863 2273 2038 2320 ingressu,

181 2362 196 2379 «
226 2347 287 2391 ait,
309 2347 598 2382 sermocinalium
623 2346 868 2390 scientiarum,
885 2346 1115 2394 grammatice
1140 2346 1302 2381 videlicet
1324 2349 1358 2380 et
1377 2344 1507 2392 logice,
1529 2344 1705 2380 rhetorice
1734 2348 1767 2379 et
1794 2343 1932 2391 poetice
1957 2344 2040 2379 artis

171 2427 196 2449 '«
227 2417 393 2453 doctores
427 2417 582 2463 invenio,
611 2417 671 2465 qui
703 2429 829 2453 omnes
857 2418 958 2466 juxta
983 2429 1045 2452 sue
1073 2417 1279 2452 facultatem
1300 2415 1461 2451 doctrine
1483 2415 1591 2450 michi
1621 2415 1755 2462 aliquid
1785 2414 1952 2457 afferunt;
1981 2414 2038 2450 alii

272 2547 293 2570 1.
311 2546 379 2570 Infra
394 2551 423 2570 n⁰
439 2546 508 2570 1650.

269 2591 292 2615 2.
312 2593 403 2619 Auct..
418 2591 439 2622 1,
453 2591 499 2614 633
512 2598 567 2622 sqq.
584 2590 685 2623 Ubique
698 2593 783 2614 tamen
797 2590 918 2614 vocabula
933 2598 1044 2615 avoare.
1060 2597 1177 2621 aquare,
1193 2589 1357 2620 cleayuatio.

269 2635 292 2659 3.
310 2636 332 2659 A
350 2636 426 2659 Petro
440 2635 586 2664 Berchori0‚
600 2635 631 2659 de
645 2643 695 2667 quo
711 2634 778 2659 infra
793 2635 826 2659 11ῑέ
843 2635 911 2664 1196,
929 2635 998 2663 1197,
1011 2636 1037 2658 et
1049 2636 1081 2658 A.
1098 2635 1214 2658 THOMAS
1230 2634 1255 2657 in
1273 2633 1415 2658 Romania
1429 2633 1518 2662 (1892).
1537 2640 1561 2664 p.
1578 2632 1619 2656 181
1633 2639 1672 2663 sq.
1687 2642 1691 2655 :
1709 2642 1721 2652 «
1738 2631 1804 2654 Tum
1818 2630 1931 2662 primum
1947 2631 2041 2654 Roma-

177 2690 190 2702 «
207 2687 300 2704 norum
322 2679 427 2704 historia
445 2679 525 2704 oeulis
540 2679 668 2711 majorum
686 2681 834 2703 nostrorum
855 2679 972 2710 subjecta
993 2680 1043 2709 est„
1064 2678 1194 2702 erroribus
1217 2680 1242 2702 et
1262 2678 1357 2702 fabulis
1377 2677 1480 2701 tandem
1501 2676 1618 2705 liberata,
1635 2676 1729 2707 quibus
1746 2675 1859 2707 plurium
1881 2674 2039 2698 saeculorum

177 2734 190 2746 α
208 2724 356 2756 ignorantia
370 2724 471 2755 illigata
487 2724 579 2748 fuerat.
597 2734 609 2745 ι)
623 2724 700 2754 Idem,
717 2725 756 2748 De
768 2725 898 2748 Johcmne
910 2725 943 2748 de
960 2724 1143 2748 Mons-terolz'o
1158 2723 1214 2747 vita
1227 2727 1253 2747 et
1268 2723 1395 2752 operibus
1412 2721 1499 2751 (1883),
1513 2729 1538 2752 p.
1554 2721 1584 2744 49
1599 2728 1637 2752 sq.

271 2769 294 2793 4.
313 2769 401 2799 Epist.
418 2769 441 2798 5,
460 2768 491 2792 ad
507 2769 603 2792 cardin.
621 2768 759 2793 Galeotum
779 2768 811 2792 de
827 2768 981 2798 Petramala,
996 2767 1062 2791 Bibl.
1082 2769 1135 2791 nat.
1158 2767 1252 2797 Paris„
1271 2774 1321 2790 ms.
1337 2766 1382 2790 lat.
1398 2766 1468 2791 3128.
1486 2765 1529 2789 sol.
1546 2765 1582 2789 is.
1600 2766 1627 2788 111
1642 2764 1753 2788 editione
1770 2764 1849 2787 LYmi
1869 2762 1958 2794 (1613),
1977 2770 2040 2794 quae

177 2820 278 2845 semper
296 2813 411 2842 affertur,
427 2821 452 2844 p.
468 2813 498 2837 29
521 2821 653 2845 perperam
669 2812 781 2844 legitur:
796 2823 809 2834 «
825 2812 985 2844 Respondet),
1008 2813 1034 2836 iu
1056 2811 1114 2836 aliis
1138 2811 1216 2836 etiam
1237 2811 1355 2843 partibus
1376 2810 1402 2834 id
1426 2810 1580 2842 plerumque
1604 2808 1657 2832 fieri
1680 2808 1740 2831 vidi.
1757 2807 1881 2839 Equidem
1904 2807 1930 2830 in
1951 2806 2039 2830 studio

178 2868 191 2879 «ι
210 2857 339 2882 Pax-isiaco
357 2857 437 2881 etiam
452 2864 527 2889 saepe
543 2857 689 2881 Tullianam
705 2857 805 2889 publice
821 2857 870 2888 legi
884 2856 1059 2881 Rhetorieam.
1076 2866 1089 2878 υ

256 2901 295 2925 «5.
313 2901 390 2934 Apud
407 2902 436 2925 A.
452 2902 579 2932 Tnoms,
594 2902 635 2926 De
649 2902 776 2926 Johanne
790 2903 823 2926 de
836 2902 1025 2931 Monsterolio,
1038 2909 1063 2933 p.
1079 2901 1119 2924 65.
