2488 3386
460 348 525 382 670
1102 355 1291 376 ADDENDA
1325 356 1370 376 ET
1405 355 1679 377 CORRIGENDA.

549 440 654 466 papam
673 431 794 457 Parisius
813 431 848 456 ad
868 430 1026 456 dominum
1046 430 1228 456 camerarium
1255 437 1343 455 suum
1364 437 1450 463 super
1467 430 1550 456 certis
1571 430 1692 463 negotiis
1716 438 1769 464 pro
1789 430 1847 457 suis
1865 431 1996 464 expensis
2013 430 2159 461 faciendis,
2178 432 2203 465 η’
2223 432 2326 459 ssoreni

549 489 634 510 cam.‚
650 480 724 513 xxiiij
739 480 831 506 solidi.

459 531 511 556 Die
521 530 622 556 eadem
633 530 753 555 suerunt
764 528 851 555 soluti
861 529 965 562 Iluyelo
980 528 1142 557 Salomonis,
1154 527 1311 561 equitatori
1324 527 1411 553 misso
1422 535 1474 560 per
1486 527 1644 553 dominum
1655 529 1791 566 nostrum
1801 536 1908 562 papam
1920 528 1951 554 in
1962 528 2113 555 Franciam
2123 529 2159 555 ad
2169 529 2326 556 dominum

547 578 728 604 camerarium
741 585 794 611 pro
809 577 930 610 negotiis
942 577 1057 603 ecclesie
1070 585 1124 610 pro
1140 577 1198 602 suis
1212 576 1342 610 expensis
1357 576 1504 606 faciendis,
1520 577 1546 610 vj
1563 577 1666 603 floreni
1681 585 1768 607 cam.‚
1785 577 1862 611 xxiiij
1876 577 1968 604 solidi.

457 628 527 663 (Fol.
548 627 617 659 166.)
629 627 681 652 Die
696 632 723 651 vn
738 626 845 652 mensis
857 626 937 651 Junii
948 626 1069 652 suerunt
1079 625 1166 651 soluti
1179 625 1314 660 Royerino
1324 625 1357 651 cle
1369 626 1464 654 Prato,
1476 625 1634 658 equitatori
1650 626 1729 659 regio
1739 626 1786 652 hic
1797 626 1884 652 misso
1897 634 1948 660 per
1958 626 2117 653 dominum
2132 627 2325 657 camerarium,

547 677 575 702 et
588 676 623 701 ad
638 676 735 709 ipsum
751 675 913 701 remittitur
926 674 1048 700 Parisius
1059 682 1111 707 per
1125 674 1283 700 dominum
1297 675 1433 700 nostrum
1450 681 1556 708 papam
1571 682 1640 700 cum
1657 674 1741 701 certis
1755 675 1868 705 litteris,
1886 683 1940 709 pro
1955 675 2013 701 suis
2031 675 2161 709 expensis
2179 675 2325 706 faciendis,

544 725 572 750 ix
587 724 689 750 ssoreni
704 732 790 751 cam..
807 724 825 757 ij
841 723 933 749 solidi.

458 775 524 806 (Fol.
545 772 631 807 166b.)
646 773 697 799 Die
712 773 754 806 xja
772 773 879 799 mensis
895 773 975 799 Junii
991 772 1125 807 Royerino
1140 772 1173 797 de
1192 773 1286 801 Prato,
1303 771 1461 805 equitatori
1479 779 1575 805 nuper
1587 771 1675 798 misso
1685 772 1854 806 festinanter
1874 772 1995 799 Parisius
2013 781 2066 806 per
2084 773 2164 799 dom.
2191 775 2326 800 nostrum

546 830 652 856 papam
668 822 703 848 ad
718 822 876 848 dominum
892 822 1073 847 camerarium
1087 828 1140 854 pro
1155 821 1238 847 certis
1254 821 1377 854 negotiis
1394 821 1519 850 ecclesie,
1533 828 1586 854 pro
1604 821 1662 847 suis
1681 821 1812 855 expensis
1831 822 1977 851 faciendis.
1998 822 2025 856 xj
2046 822 2111 848 flor.
2132 830 2219 852 cam.‚
2236 831 2254 848 x
2273 822 2324 849 sol.

456 871 526 906 (Fol.
546 871 617 903 168.)
634 871 685 897 Die
703 871 807 897 ultima
822 870 891 897 dicti
908 870 1014 896 mensis
1032 870 1111 895 Junii
1129 870 1251 896 suerunt
1266 869 1353 896 soluti
1371 870 1493 896 Johanni
1509 870 1639 899 Huronis‚
1660 870 1771 896 cursori
1785 870 1899 896 domini
1913 870 2004 897 nostri
2019 878 2102 904 pape.
2123 871 2171 897 hic
2185 871 2271 898 misso
2290 871 2326 898 de

547 920 669 946 Parisius
683 927 751 946 cum
761 920 843 945 certis
855 919 956 945 litteris
970 919 1007 944 ad
1019 919 1177 945 dominum
1190 919 1325 944 nostrum
1340 926 1447 952 papam
1459 920 1487 945 et
1501 926 1553 952 per
1566 918 1665 952 ipsum
1677 919 1706 944 d.
1719 927 1749 944 n.
1763 927 1870 953 papam
1881 919 1933 946 sibi
1948 919 2110 946 remittitur
2124 920 2246 946 Parisius
2256 928 2325 947 cum

547 969 604 994 suis
616 969 716 995 litteris
732 976 784 1002 pro
797 968 854 994 suis
868 968 998 1001 expensis
1011 967 1156 995 faciendis.
1169 968 1195 1000 xj
1212 967 1315 993 ssorcni
1331 975 1405 993 cam.

457 1019 530 1044 Item
541 1018 662 1044 Jolzanni
675 1018 800 1043 Monachi
814 1016 978 1051 (Lemoyne),
993 1016 1149 1050 equitatori
1165 1016 1254 1050 regio,
1269 1024 1320 1050 per
1334 1024 1424 1050 quem
1438 1016 1577 1042 dominus
1592 1018 1689 1043 noster
1701 1024 1777 1050 papa
1791 1016 1884 1043 mittit
1895 1018 1984 1043 certas
2003 1017 2112 1045 litteras
2128 1017 2159 1044 in
2174 1018 2324 1045 Franciam

546 1068 574 1093 et
589 1066 641 1092 sibi
656 1066 716 1092 dari
732 1066 824 1091 voluit
837 1065 867 1091 in
883 1066 1045 1092 relevamen
1059 1073 1253 1099 expensarum
1266 1073 1387 1091 suarum
1398 1065 1416 1099 ij
1434 1066 1497 1091 ssor.
1515 1073 1602 1096 cam.‚
1616 1066 1662 1099 viij
1677 1066 1728 1092 sol.
1738 1080 1771 1084 —
1781 1067 1811 1092 Ut
1826 1074 1841 1091 e
1850 1066 1904 1100 fol.
1923 1075 1968 1101 171
1987 1066 2139 1097 ediscimus,
2156 1067 2326 1094 festinanter

546 1116 581 1141 ad
593 1115 787 1141 camerarium
802 1115 924 1141 Parisios
935 1115 1033 1140 missus
1047 1116 1096 1142 est,
1111 1116 1135 1140 el
1151 1114 1251 1147 recepit
1263 1115 1361 1147 postea
1375 1114 1432 1148 xxij
1441 1114 1510 1149 flor.
1528 1123 1609 1144 cam.‚
1624 1123 1660 1140 xx
1674 1115 1724 1141 sol.

457 1163 525 1198 (Fol.
546 1163 632 1198 1681›.)
648 1164 699 1190 Die
712 1168 742 1189 xa
756 1163 862 1190 mensis
878 1164 892 1189 J
895 1164 947 1189 ulii
960 1164 1081 1189 suerunt
1093 1163 1180 1189 soluti
1195 1163 1330 1198 Royerino
1341 1163 1374 1189 de
1384 1165 1478 1193 Prato,
1491 1163 1648 1197 equitatori
1658 1164 1738 1198 regio
1749 1164 1836 1190 misso
1841 1164 2011 1198 festinanter
2020 1172 2072 1199 per
2084 1164 2243 1190 dominum
2254 1172 2324 1191 nos-

544 1214 625 1238 trum
640 1220 747 1246 papam
764 1213 887 1239 Parisius
905 1212 942 1238 ad
958 1212 1117 1238 dominum
1137 1212 1319 1238 camerarium
1339 1220 1427 1238 suum
1443 1220 1513 1238 cum
1528 1212 1612 1238 certis
1629 1212 1731 1239 litteris
1751 1220 1804 1246 pro
1825 1212 1883 1239 suis
1900 1212 2032 1246 expensis
2049 1213 2197 1243 faciendis,
2214 1221 2232 1239 x
2249 1214 2323 1240 scut.

545 1262 630 1291 auri,
645 1262 740 1288 valent
754 1263 779 1295 xj
797 1263 922 1288 florenos
937 1269 1023 1291 cam.‚
1041 1269 1058 1287 x
1071 1261 1186 1288 solidos.

615 1310 712 1337 Iisdem
727 1311 924 1345 equitatoribus
939 1312 963 1336 et
978 1311 1135 1336 cursoribus
1147 1312 1243 1343 postea
1256 1309 1303 1344 (ab
1314 1310 1407 1336 ultimo
1417 1310 1543 1345 Auqusti)
1552 1318 1690 1344 expensae
1703 1312 1784 1337 antea
1792 1311 1888 1345 sactae
1902 1311 2051 1337 resarcitae
2060 1313 2122 1337 sunt
2131 1310 2209 1346 (ibid.
2211 1311 2239 1345 f.
2253 1310 2323 1346 171).

617 1360 713 1386 Tribus
738 1360 874 1386 mensibus
898 1361 978 1386 antea
1005 1367 1087 1393 quam
1117 1360 1240 1386 Clemens
1269 1360 1315 1386 Vll
1335 1367 1414 1385 suum
1438 1359 1621 1385 camerarium
1642 1360 1766 1386 Parisios
1790 1360 1944 1390 destinavit,
1968 1360 2031 1386 illuc
2053 1359 2125 1386 misit
2147 1367 2219 1395 may.
2242 1360 2323 1387 theol.

543 1408 669 1443 Eqidium
682 1409 715 1434 de
726 1409 892 1438 Aurelianis,
910 1409 974 1435 Ord.
993 1410 1107 1443 August.
1127 1409 1169 1441 (cle
1184 1416 1236 1442 quo
1252 1413 1282 1434 η0
1298 1408 1375 1438 1653,
1391 1410 1467 1440 not.).
1486 1410 1513 1434 ut
1529 1408 1556 1434 in
1569 1408 1661 1434 eodem
1674 1409 1764 1435 codice
1777 1409 1909 1443 leyimus:

454 1458 522 1491 OEol.
543 1457 614 1491 155.)
627 1458 678 1483 Die
689 1458 761 1491 xiiij³
776 1458 911 1484 Deccmb.
925 1457 981 1492 (an.
998 1458 1072 1492 1393)
1088 1458 1209 1484 suerunt
1221 1458 1308 1483 soluti
1325 1465 1402 1491 mag.
1420 1457 1521 1490 Egidio
1535 1458 1571 1484 de
1583 1457 1745 1484 Aurelianis
1757 1458 1827 1484 Ord.
1842 1458 2062 1491 Augustinens„
2078 1457 2109 1484 in
2124 1465 2202 1484 sacra
2218 1458 2324 1492 pagina

543 1506 702 1539 professori.
717 1506 768 1540 qui
784 1506 913 1532 mittitur
930 1514 981 1540 per
995 1507 1075 1532 dom.
1096 1514 1203 1540 papam
1222 1507 1344 1532 Pal-isius
1364 1506 1400 1532 ad
1418 1514 1517 1540 regem
1537 1515 1624 1540 super
1640 1507 1723 1533 certis
1740 1507 1871 1540 negotiis,
1888 1514 1942 1540 pro
1962 1506 2020 1532 suis
2038 1506 2169 1540 expensis
2187 1506 2324 1534 faciendiS

544 1562 558 1580 c
570 1555 632 1582 flor.
646 1557 786 1585 current,
804 1556 901 1581 valent
915 1556 981 1581 lxxx
999 1556 1063 1581 ssor.
1081 1564 1154 1582 011111.
1174 1556 1260 1583 Simul
1275 1556 1424 1582 hostiarius
1440 1557 1531 1589 major
1547 1564 1639 1590 papae
1655 1556 1691 1582 ud
1710 1557 1789 1582 duces
1807 1556 1970 1582 Bituricens.
1993 1557 2018 1582 et
2038 1555 2215 1590 Burqandiae
2233 1555 2323 1582 milte-

546 1604 626 1629 batur
640 1603 740 1638 (ibid).

614 1654 671 1686 Quo
682 1653 764 1687 fine?
782 1655 846 1679 Jam
866 1654 936 1682 tunc,
955 1655 981 1679 ul
997 1654 1151 1686 opinamur,
1170 1654 1337 1680 Universitus
1361 1654 1492 1681 Clementi
1516 1655 1562 1680 VII
1579 1655 1703 1687 suspecta
1718 1655 1787 1680 erat.
1806 1654 1938 1688 Theoloyo
1958 1655 2048 1680 tamen
2065 1653 2135 1680 nihil
2149 1652 2320 1688 proficiente.

543 1702 658 1727 secundo
673 1709 720 1727 seu
734 1709 802 1728 nova
815 1702 954 1728 occasione
963 1703 1085 1736 juristae
1100 1703 1162 1729 illuc
1177 1703 1330 1729 mittuntur.

455 1776 484 1802 P.
506 1776 568 1806 624,
586 1778 646 1802 not.
669 1778 795 1803 Fortasse
815 1777 864 1803 iste
882 1785 1032 1811 anonymus
1049 1779 1224 1806 adversarius
1246 1779 1435 1805 Universilatis
1454 1779 1558 1807 Paris..
1580 1779 1645 1805 Ord.
1665 1778 1777 1808 Praed.‚
1797 1779 1835 1804 est
1853 1777 1998 1804 Antonius
2018 1778 2054 1804 de
2075 1777 2233 1807 Pararacio,
2254 1777 2319 1804 Ord.

542 1826 652 1855 Praed„
675 1834 745 1861 may.
766 1827 793 1852 in
810 1835 832 1853 s.
846 1827 961 1861 pagina,
981 1828 1028 1862 qui
1042 1829 1138 1861 postea
1153 1828 1262 1866 scripsit
1280 1829 1375 1854 contra
1392 1828 1562 1854 Parisienses
1584 1838 1596 1852 ι(
1617 1827 1795 1861 opusculum
1815 1827 1846 1853 in
1866 1834 1950 1853 01111511
1969 1826 2205 1853 christifidelium
2221 1827 2322 1852 contra

543 1882 686 1901 novarum
706 1875 869 1902 inventores
887 1876 1067 1902 sedicionum
1083 1879 1111 1902 et
1126 1877 1305 1906 scismatum,
1325 1876 1480 1910 parricidas
1500 1885 1590 1903 novos
1608 1877 1644 1903 de
1660 1876 1842 1910 perversitate
1861 1875 1890 1910 (i.
1911 1884 1935 1901 e.
1959 1875 2148 1910 Universitate)
2163 1874 2288 1901 Pari-sius
2306 1884 2320 1899 »

542 1923 639 1957 (Arch.
654 1924 728 1954 Vah,
744 1932 818 1950 arm.
835 1925 878 1955 54,
897 1930 929 1951 11⁰
943 1934 986 1955 22,
998 1926 1053 1959 sol.
1074 1926 1143 1959 152),
1161 1926 1187 1951 in
1203 1934 1255 1960 quo
1271 1926 1500 1952 renuntiationem
1511 1926 1649 1952 Benedicti
1660 1926 1724 1951 XIII
1736 1925 1886 1960 impuynat.

455 1972 484 1998 P.
499 1971 561 2001 626,
579 1974 652 2002 not.,
670 1973 699 1999 in
710 1974 769 1999 fine
782 1974 832 2008 leg.
852 1984 865 1998 α
882 1982 932 2007 per
947 1975 991 2008 xvj
1008 1982 1157 2000 annorum
1173 1975 1301 2008 spatium
1320 1986 1342 2000 n.
