2488 3386
203 347 298 383 1372]
619 359 665 380 AB
700 358 805 380 ANNo
840 357 971 380 MCCCL
1000 357 1132 385 USQUE
1168 358 1215 378 AD
1251 358 1516 380 BENEDICTUM
1551 358 1642 379 Χιιι.
1998 349 2063 381 205

290 435 332 466 Et
352 445 420 478 ego
442 433 627 466 Guerinus
655 432 699 464 de
731 431 937 470 Bochahou,
961 430 1115 463 clericus
1148 431 1371 471 Briocensis,
1395 431 1563 476 publicus
1593 431 1789 475 apostolica
1820 438 1855 464 et
1886 432 2062 477 imperiali

199 500 409 533 auctoritate
431 499 605 539 notarius,
628 504 690 531 etc.

292 597 396 619 Archiv.
414 596 490 620 Univ.
507 597 576 621 Par..
593 596 668 619 theca
684 596 747 623 XIV,
762 600 790 618 n⁰
803 596 832 618 26
850 596 922 624 (olim
939 595 1014 618 Aroh.
1032 598 1084 618 nat.
1102 595 1203 625 Anglic.
1223 598 1303 618 notat.
1321 595 1351 618 G.
1373 597 1405 623 3).
1428 609 1451 611 —
1471 595 1608 622 Jourdain,
1630 599 1657 617 n0
1676 595 1729 618 741,
1747 608 1772 611 -
1790 595 1817 617 ln
1834 595 1891 618 Lib.
1906 602 1982 624 proc.
2004 600 2063 619 nat.

199 642 284 671 Anql.
306 641 336 664 de
354 641 402 664 hoc
419 641 507 671 agitur
527 641 559 663 nd
581 640 668 663 Martii
683 642 697 663 6
715 643 740 663 et
762 641 790 662 19
806 640 868 669 (vid.
892 642 1009 663 Auctar.
1033 640 1129 663 chart.
1153 640 1284 665 Univers„
1308 640 1335 668 1).
1352 640 1379 662 ln
1404 639 1479 662 Arch.
1498 639 1585 663 Univ..
1603 639 1620 662 l.
1637 647 1668 664 c„
1693 643 1721 661 ιι0
1741 639 1769 661 27
1787 639 1931 667 (Jourduiny
1952 645 1979 662 110
2000 640 2062 670 7242),

198 689 283 708 exstat
299 686 483 708 documentum
505 693 546 708 an.
563 685 655 716 ejusd,
674 685 755 716 April.
774 686 795 714 3,
811 685 836 707 in
852 693 902 715 quo
919 684 1006 715 agitur
1022 684 1052 706 de
1075 684 1154 706 simili
1171 684 1360 707 deliberatione
1384 684 1434 706 sub
1455 687 1554 706 rectore
1570 684 1646 706 Petro
1662 683 1693 706 de
1710 683 1846 706 llersino5.
1863 684 1926 706 Tres
1945 684 2062 707 nationes

199 730 338 753 voluerunt
361 730 492 752 nationem
514 729 684 760 Anglicnnam
707 729 802 752 audiri.
828 729 865 751 Ex
888 733 963 759 parte
984 729 1032 751 fac.
1049 729 1212 751 decretorum
1232 728 1386 751 Lainbertus
1407 728 1438 750 de
1460 728 1535 751 Flore
1556 727 1639 757 Sicco,
1660 728 1783 755 decanus,
1800 731 1825 750 et
1842 736 1911 758 mag.
1930 728 2062 750 Johannos

199 774 371 805 Chnmpieng,
387 782 416 796 ex
431 777 506 804 parte
527 774 709 804 theologorum
725 773 846 804 magistri
871 773 968 803 Symon
987 773 1091 798 Freron.
1108 773 1230 795 Nicoluus
1254 772 1362 795 Oresme
1377 775 1402 795 ct
1422 773 1513 795 Petrus
1535 772 1626 795 Brevis
1641 772 1836 802 deputabuntur
1851 772 1883 794 ad
1906 772 2063 795 audiendam

198 822 251 841 nat.
268 818 368 849 Anglic.
385 818 477 841 Medici
494 821 556 841 tunc
572 826 622 841 non
637 818 833 849 comparebant.

293 903 313 925 1,
331 902 424 933 Agitur
439 903 470 926 de
485 902 604 925 articulis
625 902 817 930 communibus,
835 902 879 933 qui
901 902 948 924 hoc
967 905 992 925 et
1008 901 1148 932 posteriori
1171 904 1288 931 tempore
1308 901 1393 924 rotulo
1412 900 1597 924 Universitatis
1620 900 1859 931 praeponebantur.
1875 914 1906 917 —
1921 901 1943 923 2.
1961 901 1996 923 De
2014 909 2064 931 quo

197 955 279 977 supra
295 951 323 969 n⁰
341 947 408 970 1348.
426 961 456 964 —
470 948 492 970 3.
510 947 581 970 Tunc
597 947 623 969 in
639 947 767 970 medicina
785 947 914 970 studente.
929 960 956 963 —
973 947 996 969 li.
1013 947 1060 969 An.
1077 946 1145 974 1371,
1161 946 1270 968 Junuar.
1288 946 1324 973 29,
1339 945 1394 976 jam
1409 953 1457 976 per
1473 948 1585 976 quatuor
1601 953 1682 968 annos
1702 945 1726 967 in
1743 945 1823 968 theol.
1840 945 1956 973 studens,
1971 953 1981 966 (ι
1998 945 2063 967 alias

197 991 303 1014 nuntius
320 994 345 1015 et
359 995 444 1014 rector
457 991 578 1014 Univers.
597 1002 607 1013 υ
626 992 698 1022 (Reg.
711 992 790 1014 Aven.
807 991 885 1022 Greg.
903 991 944 1019 Xl,
962 991 1013 1013 vol.
1033 991 1074 1014 Vl.
1092 991 1109 1013 s.
1125 990 1189 1017 4¹15),
1209 1004 1235 1006 --
1252 992 1273 1012 5.
1289 989 1346 1012 Vid.
1363 994 1411 1012 „um
1427 990 1496 1018 1380,
1514 993 1565 1012 not.
1584 990 1605 1012 1Δ

203 1175 341 1213 1380.
366 1185 543 1211 Deliberatio
559 1189 683 1220 quatuor
701 1185 876 1219 facultatum
904 1186 1102 1211 Universitatis
1122 1186 1298 1211 Parisiensis
1320 1184 1355 1210 de
1377 1183 1462 1209 dictis
1487 1182 1620 1208 articulis
1645 1191 1663 1208 α
1687 1183 1803 1208 natione
1827 1182 1990 1216 Anglicana
2010 1190 2064 1207 non

284 1234 424 1270 probatis.

1455 1282 1530 1311 1372,
1547 1282 1608 1307 Mali
1618 1282 1643 1311 3,
1659 1281 1772 1307 Ρανίεῆε.

286 1368 326 1399 ln
348 1367 494 1399 nomine
522 1367 677 1408 Domini,
701 1380 816 1400 amen.
846 1368 1021 1401 Noverint
1049 1368 1210 1401 universi
1243 1378 1395 1411 presens
1425 1365 1608 1410 publicum
1638 1365 1917 1398 instrumentum
1944 1366 2065 1410 inspe-

196 1433 300 1473 cturi,
322 1433 419 1478 quod
440 1445 533 1466 anno
555 1433 598 1466 ab
621 1434 877 1467 lncarnacione
899 1435 1062 1479 ejusdem
1093 1434 1286 1467 millesimo
1308 1433 1564 1466 trecentesimo
1591 1432 1861 1476 septuagesimo
1888 1432 2063 1470 secundo.

197 1499 255 1532 die
286 1500 395 1532 tercia
422 1500 559 1533 mensis
588 1501 689 1541 Maii*
722 1501 920 1534 indictione
949 1501 1104 1542 decima,
1134 1500 1364 1545 pontificatus
1395 1499 1614 1532 sanctissimi
1645 1499 1682 1530 in
1709 1498 1854 1531 Christo
1886 1499 1996 1543 patris
2025 1512 2063 1531 ac

197 1565 334 1598 domini
355 1567 470 1599 nostri
488 1567 625 1599 domini
642 1567 813 1612 Gregorii
835 1567 955 1601 divina
978 1567 1210 1612 providencia
1233 1578 1321 1611 pape
1343 1554 1526 1598 undecimi
1548 1577 1641 1598 anno
1662 1565 1837 1605 secundo7
1857 1565 1891 1596 in
1913 1577 2065 1609 congre-

197 1632 348 1677 gacione
369 1633 531 1677 generali
557 1634 815 1678 magistrorum
844 1634 1053 1679 regencium
1077 1633 1332 1667 Universitatis
1363 1632 1579 1665 Parisiensis
1607 1632 1700 1676 apud
1732 1632 1897 1664 Sanctum
1922 1632 2065 1664 Maturi-

197 1710 281 1731 num
304 1699 397 1732 dicta
419 1699 489 1740 die,
513 1706 551 1732 ut
575 1700 687 1733 moris
709 1707 775 1741 est,
798 1700 990 1741 celebrata,
1014 1712 1056 1733 ex
1078 1701 1186 1744 jussu
1208 1699 1427 1733 venerabilis
1457 1706 1492 1731 et
1520 1699 1773 1743 circumspecti
1804 1698 1870 1731 viri
1899 1698 2062 1742 magistri

197 1765 292 1798 Petri
309 1765 354 1798 de
372 1766 560 1807 Hersino'7
579 1766 672 1799 dicte
691 1767 946 1800 Universitatis
966 1774 1050 1799 tunc
1072 1767 1237 1807 rectoris⁷
1256 1766 1391 1799 ibidem
1409 1772 1688 1798 convocatorum
1707 1771 1741 1797 et
1757 1772 2060 1810 congregatorum

196 1831 239 1864 ad
256 1831 530 1865 deliberandum
549 1844 658 1877 super
675 1833 891 1877 quibusdam
909 1833 1083 1874 articulis7
1103 1834 1138 1865 in
1155 1845 1280 1866 eorum
1299 1832 1632 1865 deliberacionibus
1654 1844 1716 1876 per
1733 1832 1866 1864 dictum
1885 1838 2060 1864 rectorem

196 1898 338 1943 positis,
357 1910 422 1931 nec
444 1911 517 1931 non
540 1906 575 1932 et
594 1900 637 1932 ad
658 1900 876 1932 audiendum
899 1900 1116 1933 relacionem
1135 1900 1387 1945 deputatorum
1406 1899 1493 1932 alias
1515 1899 1678 1931 datorum
1703 1910 1765 1943 per
1785 1898 2061 1931 Universitatem

194 1965 409 1998 antedictam
439 1966 482 1998 ad
512 1966 732 1998 audiendum
760 1967 924 2000 raciones
950 1967 1136 2011 quasdam„
1168 1978 1231 2011 per
1257 1973 1526 2011 procuratorem
1555 1972 1589 1998 et
1615 1965 1808 2010 magistros
1835 1965 1879 1997 de
1911 1965 2061 1997 nacione

194 2032 394 2077 Anglicana
420 2032 490 2065 sibi
520 2033 725 2077 propositas
755 2040 791 2065 et
822 2034 858 2066 in
886 2033 1031 2078 scriptis
1060 2034 1220 2074 traditas,
1249 2034 1293 2066 de
1319 2039 1351 2065 et
1383 2045 1494 2077 super
1521 2032 1675 2077 quodam
1704 2031 1854 2064 articulo
1882 2032 1917 2063 in
1942 2031 2060 2064 rotulo

196 2098 451 2132 Universitatis
480 2099 641 2143 predicte
671 2100 715 2132 ad
747 2100 882 2132 curiam
913 2100 1129 2133 destinando
1163 2100 1314 2140 inserto7
1346 2111 1453 2144 quein
1490 2099 1582 2131 dicta
1613 2099 1715 2131 nacio
1744 2098 1945 2142 Anglicana
1973 2098 2060 2130 alias

195 2164 265 2197 sibi
286 2176 368 2198 esse
390 2165 725 2210 prejudicia[bi]le1n
743 2166 912 2208 asseruit,
931 2173 967 2199 et
986 2173 1109 2199 contra
1126 2167 1221 2210 juris
1243 2172 1312 2198 tam
1335 2166 1447 2199 divini
1465 2177 1569 2210 quam
1592 2165 1737 2197 humani
1757 2172 1930 2205 tenorem,
1950 2176 2060 2209 super

195 2243 266 2276 quo
298 2232 403 2264 etiam
434 2232 527 2265 dicta
558 2233 660 2265 nacio
692 2232 893 2277 Anglicana
920 2233 1111 2278 deputatos
1142 2233 1212 2265 sibi
1243 2233 1318 2265 dari
1347 2245 1428 2265 cum
1459 2232 1634 2265 instancia
1666 2232 1855 2276 requisivit
1884 2244 1890 2263 z
1923 2232 1959 2263 in
1992 2231 2059 2263 mei

194 2298 331 2342 publici
351 2299 480 2331 notarii
502 2305 536 2331 et
557 2299 702 2332 testium
724 2299 1013 2344 subscriptorum
1042 2300 1242 2344 presencia,
1266 2299 1389 2332 retulit
1410 2299 1628 2332 venerabilis
1650 2306 1685 2331 et
1705 2299 1990 2343 circumspectus
2008 2298 2061 2331 vir

195 2365 367 2410 magister
389 2367 516 2398 Petrus
538 2366 678 2407 Brevis,
708 2378 808 2399 sacre
836 2366 1019 2411 theologie
1046 2367 1184 2407 doctor,
1209 2366 1371 2398 nacionis
1402 2366 1579 2407 Picardie,
1601 2365 1645 2398 ad
1675 2365 1742 2398 hoc
1771 2365 1969 2409 requisitus
1997 2377 2060 2409 per

195 2438 371 2465 rectorem
398 2433 670 2477 antescriptum‚
694 2433 790 2477 quod
821 2434 1028 2467 convocatis
1057 2433 1312 2466 Universitatis
1343 2432 1503 2477 predicte
1534 2433 1714 2477 deputatis
1745 2444 1855 2476 super
1881 2431 2059 2476 premisso

194 2499 357 2540 articulo,
387 2499 519 2532 auditis
550 2500 748 2544 propositis
779 2512 843 2545 per
867 2500 951 2533 illos
979 2500 1023 2532 de
1054 2500 1147 2533 dicta
1175 2500 1373 2545 Anglicana
1404 2499 1567 2538 nacione,
1590 2499 1780 2532 videbatur
1811 2498 1936 2542 majori
1970 2498 2058 2542 parti

195 2565 445 2610 deputatorum
469 2566 728 2610 predictorum,
750 2567 847 2611 quod
873 2566 1026 2608 articuli,
1051 2567 1144 2599 sicut
1164 2573 1289 2599 essent
1310 2566 1471 2611 sigillati,
1495 2578 1567 2598 non
1589 2572 1713 2599 essent
1738 2565 1917 2605 mittendi,
1943 2565 2058 2596 donec

194 2643 304 2676 super
320 2631 390 2665 hiis
412 2644 475 2677 per
491 2633 620 2665 dictam
640 2633 918 2666 Universitatem
941 2640 1037 2666 esset
1060 2633 1233 2666 maturius
1251 2632 1507 2673 deliberatum;
1527 2632 1786 2665 nichilominus
1807 2632 1866 2663 ulii
1887 2643 1928 2663 ex
1949 2643 2056 2671 nunc⁷

194 2710 239 2730 ne
261 2699 452 2744 negocium
482 2699 575 2732 dicte
604 2700 857 2733 Universitatis
887 2706 1070 2744 pateretur
1091 2700 1335 2744 dispendium,
1360 2700 1589 2732 mitterentur
1615 2699 1700 2731 dicti
1728 2698 1868 2730 articuli
1896 2697 2055 2729 indilate.

195 2765 310 2809 Super
327 2777 410 2810 quo7
430 2766 516 2810 quid
538 2772 636 2798 esset
656 2766 850 2811 agendum⁷
874 2779 941 2799 una
963 2779 1043 2799 cuin
1065 2767 1145 2799 aliis
1167 2766 1343 2806 articulis,
1366 2778 1476 2810 super
1497 2765 1629 2810 quibus
1652 2765 1877 2798 Universitas
1900 2763 2057 2808 predicta

194 2843 258 2876 pro
281 2838 364 2864 tuuc
385 2838 507 2864 vocata
527 2833 605 2873 fuit7
628 2833 664 2864 in
690 2833 784 2865 dicte
812 2817 1065 2865 Universitatis
1087 2833 1358 2866 deliberacione
1391 2844 1454 2877 per
1477 2839 1653 2864 rectorem
1679 2831 1897 2864 antedictum
1927 2842 2058 2873 propo-

192 2898 273 2931 sitis
312 2897 504 2943 habitaque
531 2899 757 2943 singularum
783 2899 990 2932 facultatum
1018 2906 1054 2932 et
1082 2900 1271 2932 nacionum
1303 2898 1575 2931 deliberacione
1601 2898 1644 2930 ad
1674 2903 1824 2942 partem⁷
1847 2908 1885 2928 ac
1912 2896 2055 2927 demum
