2488 3386
451 347 515 378 484
1021 354 1337 376 CltARTULARtUM
1373 355 1562 376 unrvssns.
1613 355 1741 377 Panis.
2213 342 2313 380 [1389

540 431 611 456 ltem
628 430 785 456 Guilletmo
805 430 840 456 de
860 429 996 457 Gai-(lino.
1014 429 1106 462 presb.
1124 429 1298 462 Rotliomag.
1320 429 1406 459 dioc..
1423 430 1453 455 in
1478 430 1565 456 tticol.
1587 430 1699 456 doctori
1720 432 1786 456 actu
1803 430 1925 463 regenti.
1942 432 2044 456 curato
2063 430 2178 456 ecclesie
2192 431 2309 464 paroch.

451 480 480 504 B.
498 479 584 504 Marie
600 479 634 504 (le
650 479 836 505 Calidobecco
851 479 925 504 dicte
940 478 1013 504 dioc.
2016 506 2036 511 ⁴-

539 529 611 553 Item
627 536 695 553 cum
709 528 842 553 sanctitas
857 529 948 553 vestra
965 526 1117 552 Dominico
1137 526 1226 556 Parvi,
1245 527 1377 553 [leniens.
1394 528 1480 557 di0c.‚
1497 535 1577 554 nunc
1593 527 1705 554 doctori
1720 530 1787 554 actu
1805 528 1917 561 regenti
1932 528 1963 554 in
1982 528 2136 561 theologia,
2153 528 2184 554 in
2196 528 2312 555 duobus

449 577 561 606 rotulis,
579 577 708 602 videlieet
727 584 787 602 uno
807 576 923 602 nationis
945 575 1069 603 Francia
1083 577 1112 601 et
1126 576 1217 601 altero
1236 576 1442 602 Universilatis³
1463 578 1552 602 vestre
1568 577 1739 605 Parisiensis.
1756 577 1880 610 gratiam
1897 577 1994 603 fecerit
2009 578 2161 611 specialem
2176 578 2230 603 sub
2244 577 2310 603 data

450 626 556 651 Fundis
571 634 606 651 xv
622 626 678 650 kal.
695 625 860 651 Decembris
875 625 1061 658 pontificatus
1078 624 1161 649 vestri
1177 632 1255 650 anno
1268 625 1373 658 primo.
1390 625 1426 651 de
1441 625 1582 651 beneficio
1597 626 1793 652 ecclesiastico.
2061 625 2095 661 [st]

539 713 613 745 Fiat
642 725 705 757 pro
734 712 914 745 omnibus.
938 713 981 745 (j.
1005 734 1049 739 —
1076 711 1160 744 Sine
1186 711 1252 744 alia
1279 711 1447 745 lectione.
1474 733 1518 737 —
1546 713 1631 745 Fiat.
1655 713 1698 746 G.
1725 734 1768 738 —
1796 714 1923 746 Datum
1946 713 2124 746 Avinione
2155 713 2309 757 septimo

449 780 529 812 idus
551 779 732 820 Octobris,
758 791 851 812 anno
874 779 1077 811 undecimo.

540 878 601 908 Reg.
611 878 668 901 Vnt.
680 877 796 908 Supplic.
810 876 949 899 Clementis
961 877 1014 904 Vll,
1024 885 1065 899 an.
1080 876 1117 905 11,
1129 885 1156 907 p.
1169 876 1190 905 1,
1205 878 1242 906 (n0
1253 877 1301 906 70),
1313 877 1357 899 fot.
1369 877 1422 900 186.
1432 890 1460 894 —
1469 877 1540 900 Alius
1553 878 1655 900 rotulus
1669 878 1785 909 ejusdem
1796 878 1866 905 anni,
1879 878 1999 909 signatus
2012 878 2037 901 in
2049 878 2122 901 cui-iu
2132 878 2258 902 Novemb.
2268 879 2307 908 29,

447 921 495 944 suit
509 925 691 952 praesentatus
706 922 738 944 ab
754 921 846 952 Egidio
864 921 895 943 de
917 921 1033 952 Campis,
1055 920 1145 943 nuntio
1171 921 1358 944 Universitntis
1378 925 1404 944 el.
1424 930 1494 952 mag.
1510 921 1535 944 in
1557 921 1636 946 theol.
1661 922 1800 953 Supplicut.
1819 931 1867 954 pro
1888 926 2001 954 quatuor
2023 923 2189 946 solummodo
2205 923 2307 946 clericis

446 966 579 997 Rotomag.
596 966 677 989 dioec.
693 967 764 996 (Reg.
782 966 875 996 Suppl.
891 965 972 988 Clem.
987 965 1041 993 Vtt,
1058 973 1099 988 nn.
1117 965 1151 992 12,
1171 965 1214 989 sol.
1235 965 1299 994 13¹²).

537 1051 559 1073 1.
579 1050 634 1072 Vid.
657 1058 736 1080 supra
756 1058 780 1080 p.
799 1050 851 1072 257.
868 1063 898 1067 -—
915 1050 937 1073 2.
955 1049 1033 1080 Cujus
1050 1049 1149 1080 pluries
1167 1049 1234 1072 infra
1252 1050 1291 1073 De
1307 1050 1463 1074 schismate
1478 1050 1575 1073 mentio
1593 1050 1629 1073 fit.
1648 1051 1695 1074 An.
1715 1051 1775 1074 1386
1789 1051 1876 1079 (1387),
1898 1059 1956 1073 cum
1979 1053 2049 1074 esset.
2071 1050 2144 1082 prior
2161 1051 2193 1074 de
2208 1051 2304 1074 Calvo-

443 1098 537 1121 monte,
554 1094 702 1117 licentiatus
718 1097 757 1117 est.
772 1102 784 1116 e
802 1094 890 1118 Catal.
907 1094 998 1118 licent.
1016 1094 1078 1117 Post.
1094 1102 1137 1117 an.
1156 1094 1214 1116 1389
1230 1095 1313 1117 suetus
1327 1097 1366 1117 est
1381 1094 1454 1125 prior
1469 1094 1498 1117 S.
1513 1094 1640 1125 Dionysii.
1654 1108 1682 1111 —-
1694 1096 1716 1118 3.
1733 1095 1819 1126 Supra
1836 1103 1861 1126 p.
1878 1095 1933 1118 255.

446 1260 585 1296 1555.
612 1269 737 1294 Clemens
761 1270 811 1294 Vll
827 1268 959 1304 prohibet
978 1277 1012 1294 ne
1037 1269 1101 1304 quis
1129 1269 1319 1295 baccalareas
1342 1270 1535 1296 licentiandus
1551 1270 1657 1303 Pnris.,
1677 1270 1793 1306 quando
1814 1270 1916 1306 recipit
1936 1271 2084 1305 signetum,
2103 1270 2217 1306 aliquid
2235 1279 2305 1306 pro-

528 1318 622 1343 mittat
637 1317 811 1343 cancellario
830 1318 923 1343 Paris.

1601 1356 1676 1385 1389,
1692 1355 1836 1382 Novembris
1849 1357 1874 1385 9,
1890 1355 2020 1382 Arensono.

528 1428 582 1460 Ad
604 1435 812 1473 perpetuam
835 1429 885 1461 rei
907 1429 1127 1461 memoriam.
1150 1429 1205 1461 Ad
1227 1441 1266 1462 ea
1288 1429 1444 1462 libenter
1464 1430 1687 1462 intendimus
1710 1442 1773 1475 per
1790 1442 1859 1475 que
1882 1430 1975 1463 inter
1997 1442 2172 1475 personas
2194 1429 2306 1463 eccle·

439 1495 601 1527 siasticas
623 1502 657 1528 et
678 1495 867 1540 presertim
889 1495 1086 1528 litterarum
1110 1496 1230 1528 studio
1250 1503 1418 1529 vacantes
1440 1496 1521 1529 lites
1548 1503 1582 1529 et
1604 1497 1725 1542 jurgia
1752 1497 1944 1537 evitentur,
1968 1503 2003 1529 et
2024 1503 2062 1529 ut
2082 1508 2147 1541 pax
2168 1503 2203 1529 et
2223 1508 2304 1529 con-

438 1562 559 1594 cordia
581 1562 674 1594 inter
690 1574 753 1594 eos
776 1562 988 1606 proveniant
1009 1569 1044 1594 et
1063 1562 1268 1595 nutriantur
1290 1570 1408 1607 partes
1430 1571 1553 1596 nostre
1575 1563 1820 1596 solicitudinis
1841 1562 2068 1596 adhibemus.
2089 1563 2304 1608 Accepimus

439 1628 616 1672 siquidem
646 1628 741 1672 quod
774 1628 955 1661 bacallarii
986 1629 1021 1660 in
1048 1628 1166 1673 aliqua
1194 1629 1360 1662 facultate
1387 1630 1498 1662 studii
1527 1630 1721 1663 Parisiens.
1749 1630 1785 1662 in
1814 1642 1853 1663 ea
1882 1629 2091 1662 licentiandi
2119 1630 2301 1675 signetum

438 1706 548 1739 super
568 1694 711 1727 licentia
733 1695 941 1739 hujusmodi
962 1707 979 1727 a
1001 1695 1215 1729 cancellario
1245 1696 1333 1729 eccl:
1356 1697 1468 1729 Paris.
1492 1709 1556 1742 pro
1579 1703 1740 1742 tempore
1761 1697 1938 1729 existente
1964 1697 2127 1741 recipere
2148 1708 2301 1729 consue-

437 1768 577 1801 verunt,
603 1761 772 1806 quodque
794 1761 928 1794 dudum
952 1762 1045 1794 inter
1066 1762 1218 1795 dilectos
1241 1763 1335 1795 titios
1363 1770 1538 1796 rectorem
1562 1763 1817 1796 Universitatis
1843 1763 2098 1808 magistrorum
2124 1769 2159 1795 et
2186 1762 2301 1796 scola-

438 1827 527 1859 rium
546 1828 656 1860 studii
674 1828 825 1872 predicti
842 1840 880 1861 ac
903 1829 1049 1861 eosdem
1070 1829 1348 1862 Universitatem
1370 1842 1412 1862 ex
1429 1842 1498 1863 una
1519 1837 1631 1875 partex
1649 1842 1688 1863 ac
1711 1830 1885 1875 prefatum
1903 1829 2156 1862 cancellarium
2179 1831 2301 1874 (super

436 1906 477 1926 eo
500 1894 596 1938 quod
616 1894 852 1927 cancellarius
874 1907 890 1927 a
912 1895 1141 1928 licentiandis
1168 1895 1377 1941 hujusmodi
1408 1909 1473 1942 pro
1500 1897 1655 1942 signetis
1677 1909 1800 1930 eorum
1823 1896 1941 1941 aliqua
1962 1908 2110 1929 munera
2131 1895 2202 1928 sibi
2222 1895 2299 1928 dari

435 1960 582 1999 debere,
610 1967 728 1993 rector
753 1973 838 1994 vero
860 1968 894 1994 et
922 1962 1146 1995 Universitas
1168 1963 1321 2007 predicti
1342 1963 1378 1996 id
1402 1975 1474 1996 non
1496 1975 1579 1996 esse
1604 1975 1728 1996 verum
1751 1962 1964 1996 asserebant
1990 1969 2096 2007 prout
2119 1963 2299 2005 asserunt)
2343 1996 2347 1999 ,

435 2038 477 2059 ex
493 2027 634 2068 altera¹,
653 2027 799 2060 materia
816 2028 1019 2072 questionis
1037 2035 1173 2071 exorta,
1192 2036 1224 2062 et
1242 2030 1337 2074 quod
1357 2036 1548 2074 propterea
1565 2029 1676 2062 multe
1693 2029 1947 2062 dissensiones
1963 2029 2110 2062 suerunt
2125 2028 2298 2062 hactenus

435 2093 527 2126 inter
552 2105 615 2126 eos
644 2094 826 2127 suscitate.
857 2096 929 2127 Nos
957 2095 1068 2140 igitur
1099 2096 1159 2140 qui
1192 2108 1314 2141 pacem
1346 2097 1533 2141 querimus
1566 2096 1794 2141 singulorum
1823 2096 2012 2140 cupientes
2045 2095 2297 2128 dissensiones

434 2159 641 2204 hujusmodi
662 2161 795 2193 evitare
817 2173 855 2193 ac
878 2173 999 2206 pacem
1023 2169 1057 2194 et
1078 2163 1308 2195 concordiam
1339 2163 1433 2196 inter
1460 2170 1652 2199 rectorem,
1681 2162 1960 2195 Universitatem
1982 2169 2017 2195 et
2043 2161 2296 2195 cancellarium

435 2227 616 2271 predictos
639 2227 822 2272 perpetuis
845 2228 1069 2273 temporibus
1091 2229 1289 2271 observari,
1312 2237 1410 2263 motu
1432 2230 1593 2275 proprio,
1617 2242 1689 2262 non
1716 2229 1759 2262 ad
1784 2229 1937 2273 alicujus
1959 2240 2068 2273 super
2089 2228 2156 2261 hoc
2177 2228 2296 2261 oblate

435 2293 619 2337 petitionis
640 2294 856 2334 instantiam,
879 2295 1090 2328 auctoritate
1111 2296 1308 2340 apostolica
1335 2308 1378 2329 ex
1407 2303 1502 2329 certa
1529 2296 1679 2329 scientia
1708 2302 1832 2329 tenore
1861 2295 2083 2340 presentium
2105 2295 2295 2328 statuimus

436 2365 470 2390 et
499 2359 601 2391 etiam
625 2360 846 2401 ordinamus,
874 2362 970 2406 quod
992 2362 1160 2395 decetero
1191 2363 1321 2407 aliquis
1352 2363 1566 2396 bacallarius
1596 2363 1707 2395 studii.
1738 2362 1889 2407 predicti
1917 2362 1953 2393 in
1983 2361 2100 2406 aliqua
2129 2361 2295 2394 facultate

437 2424 676 2459 licentiandus
697 2427 732 2458 in
754 2428 961 2472 receptione
983 2429 1117 2473 signeti
1146 2429 1189 2462 al)
1216 2430 1342 2462 eodem
1365 2429 1580 2462 cancellario
1602 2436 1661 2462 aut
1685 2429 1773 2461 alias
1802 2440 1865 2473 per
1893 2440 1931 2461 se
1952 2428 2009 2461 vel
2039 2427 2146 2460 alium
2180 2427 2295 2461 nulla-

437 2498 541 2524 tenus
563 2492 634 2533 det,
659 2493 770 2525 tradat
795 2500 853 2526 aut
882 2502 1065 2538 presentet
1085 2496 1141 2528 vel
1170 2508 1209 2528 se
1231 2496 1394 2529 daturum
1420 2497 1600 2541 promittat
1621 2495 1767 2540 aliquod
1789 2506 1919 2527 munus
1940 2494 2056 2527 eidem
2079 2494 2294 2527 cancellario

435 2564 492 2590 aut
515 2559 592 2602 ejus
614 2559 795 2592 officiariis
816 2573 879 2592 seu
908 2561 1144 2594 familiaribus
1167 2575 1383 2607 quocunque
1407 2563 1510 2596 titulo
1532 2563 1669 2595 ratione
1691 2562 1836 2594 licentie
1858 2561 2066 2606 hujusmodi
2087 2568 2147 2594 aut
2167 2561 2236 2594 loci
2256 2561 2293 2594 in

434 2635 472 2656 ea
495 2623 649 2656 habendi
671 2625 746 2657 sive
768 2627 956 2659 occasione
986 2628 1122 2661 laboris
1152 2636 1212 2661 aut
1240 2629 1369 2674 quovis
1399 2629 1468 2662 alio
1491 2628 1671 2673 exquisito
1692 2628 1828 2668 colore,
1856 2627 1924 2660 sub
1953 2639 2043 2672 pena
2072 2627 2292 2672 repulsionis

432 2689 475 2722 ab
497 2690 649 2731 actibus,
671 2690 871 2725 honoribus
893 2700 927 2725 et
947 2695 1147 2727 commodis
1176 2695 1459 2740 magistralibus,
1481 2707 1585 2740 quain
1617 2695 1652 2726 in
1683 2694 1750 2727 hoc
1780 2706 1842 2738 pet·
1871 2694 1987 2726 dictos
2010 2694 2291 2728 Universitatem

433 2763 612 2800 repertum
635 2756 847 2801 culpabilem
872 2759 1057 2793 incurrere
1079 2761 1247 2794 volumus
1268 2762 1347 2806 ipso
1368 2762 1472 2800 sacto,
1496 2768 1530 2794 et
1557 2761 1654 2805 quod
1680 2760 1930 2801 cancellarius,
1953 2760 2115 2792 officiarii
2137 2767 2171 2793 et
2191 2760 2291 2793 fami-

430 2822 537 2855 liares
559 2823 722 2867 predicti,
746 2824 775 2856 si
797 2832 919 2857 contra
946 2833 1115 2859 statutum
1137 2835 1172 2860 et
1192 2828 1455 2861 ordinationem
1480 2834 1637 2860 nostram
1664 2827 1874 2871 hujusmodi
1895 2826 2011 2871 aliqua
2035 2827 2212 2871 receperit
2231 2833 2291 2859 aut

430 2889 643 2934 receperint7
679 2890 821 2934 triplum
859 2899 1082 2936 receptorum
1120 2894 1328 2939 hujusmodi
1364 2895 1454 2927 infra
1490 2906 1599 2926 unum
1635 2905 1795 2926 mensem
1826 2906 1843 2926 a
1877 2900 2038 2938 tempore
2070 2893 2288 2938 receptionis
