2488 3386
436 339 501 372 328
1016 342 1332 366 cnam-ULAMUM
1366 341 1555 363 UNtvnns.
1592 341 1720 363 PARts.
2202 326 2302 364 [1384

436 421 528 454 dicta
555 433 617 453 sua
638 420 775 453 lectura
796 419 832 452 in
859 419 970 452 scolis
992 418 1077 451 dicti
1104 416 1251 449 claustri
1273 422 1447 455 cessaret,
1470 414 1615 459 sibique
1642 420 1881 459 preceperant
1901 420 1934 447 et
1951 414 2183 458 injunxerant
2204 414 2300 459 quod

436 488 472 520 in
500 486 611 520 500115
636 486 721 519 (11011
748 485 871 519 Clausi
898 484 1061 518 Brunelli
1082 484 1233 528 legeret.
1256 484 1299 515 Et
1322 481 1393 514 hiis
1415 493 1487 514 non
1512 481 1674 514 contenti
1695 481 1907 526 magistrum
1929 480 2102 514 Jacobum
2126 480 2299 513 decanum

437 553 635 598 predictum
658 552 703 585 ob
725 564 866 585 causam
890 551 1085 596 predictam
1107 549 1208 582 citari
1230 555 1263 581 et
1285 548 1424 581 moneri
1445 560 1484 580 ac
1506 548 1558 580 ire
1579 548 1740 580 fecerant
1758 559 1877 580 coram
1899 547 1991 592 ipsis
2012 547 2048 581 in
2070 558 2193 580 eorum
2216 558 2302 580 con-

436 619 656 665 gregacione
681 619 718 651 in
744 617 914 663 hospitali
941 617 1060 650 Sancti
1079 615 1255 649 Johannis
1275 614 1586 648 Jherosolimitani
1605 613 1663 647 vel
1690 613 1789 648 alibi.
1816 615 1860 647 Et
1880 614 1962 658 quia
1989 613 2108 646 dictus
2129 613 2303 659 magister

435 685 591 718 Jacobus
608 697 625 718 a
643 696 705 717 sua
726 684 861 717 lectura
879 695 1023 716 cessare
1040 682 1205 714 noluerat
1221 681 1264 714 ad
1286 692 1409 713 eorum
1427 679 1648 713 voluntatem
1666 686 1701 712 et
1717 686 1943 724 preceptum,
1960 679 2066 712 dictis
2083 679 2128 712 de
2145 679 2301 724 capitulo

437 751 582 783 minime
603 751 752 786 vocatis,
775 750 975 795 predictum
1004 748 1215 793 magistrum
1243 746 1415 780 Jacobum
1445 758 1518 779 non
1547 753 1735 791 regentem
1766 746 2038 779 declaraverant
2068 752 2103 779 et
2132 758 2197 791 pro
2228 757 2300 779 non

437 823 585 862 regente
608 822 870 861 reputaverant,
889 815 1080 860 ipsumque
1097 826 1215 846 coram
1238 813 1329 858 ipsis
1347 813 1449 845 citari
1470 819 1505 846 et
1520 813 1661 845 moneri
1682 813 1852 852 fecerant,
1871 813 2033 846 visurum
2053 824 2093 845 se
2114 813 2299 857 perjurum

436 883 630 923 declarari;
662 883 841 926 dictisque
871 881 1027 914 bedellis
1056 880 1290 913 inhibuerant
1319 891 1363 912 ne
1391 879 1435 912 ad
1466 879 1583 912 scolas
1611 879 1698 912 dicti
1727 879 1874 924 capituli
1904 885 1939 912 et
1967 879 2011 912 ad
2039 879 2185 912 domum
2216 878 2300 911 dicti

435 949 598 994 magistri
618 948 742 982 Jacobi
763 948 889 981 decani
910 947 1136 987 accederent,
1154 947 1259 986 festa,
1277 946 1451 986 examina,
1470 946 1784 991 congregaciones
1801 952 1836 979 et
1855 952 1975 979 cetera
1995 951 2169 979 consueta
2191 945 2302 990 signi-

434 1015 584 1048 ficaturi.
604 1015 673 1057 Qui
694 1014 838 1059 quidem
856 1013 990 1046 bedelli
1008 1013 1050 1046 ad
1068 1013 1246 1046 dictorum
1269 1012 1313 1044 de
1335 1012 1427 1045 dicta
1448 1012 1615 1045 facultate
1637 1012 1865 1045 decretorum
1887 1011 2149 1044 inhibicionem
2170 1018 2206 1044 et
2225 1023 2303 1056 pre—

434 1088 575 1126 ceptum
599 1081 733 1113 ibidem
756 1081 807 1113 ire
824 1086 1068 1120 cessaverant,
1091 1079 1266 1124 pluraque
1287 1078 1354 1111 alia
1376 1079 1633 1124 impedimenta
1655 1077 1741 1111 dicti
1760 1079 1805 1111 de
1826 1078 1919 1112 dicta
1940 1078 2107 1111 facultate
2129 1078 2302 1123 predictis

434 1147 743 1192 conquerentibus
769 1147 806 1179 in
833 1146 969 1179 lectura
991 1153 1026 1179 et
1046 1145 1156 1179 scolis
1179 1146 1352 1191 predictis
1373 1146 1534 1179 fecerant
1558 1152 1593 1178 et
1619 1146 1737 1178 facere
1764 1157 1838 1178 non
1868 1144 2072 1185 cessabant,
2095 1151 2302 1190 satagentes

434 1226 497 1259 per
525 1213 710 1258 obliquum
743 1213 860 1246 dictos
887 1219 1155 1257 conquerentes
1183 1225 1200 1245 a
1231 1212 1405 1257 predictis
1435 1212 1571 1245 lectura
1602 1218 1638 1245 et
1664 1211 1776 1245 scolis
1808 1212 1949 1257 privare
1980 1218 2014 1244 et
2044 1211 2236 1256 repellere,
2265 1211 2301 1245 in

433 1280 595 1324 ipsorum
623 1280 937 1324 conquerentium,
967 1285 1074 1324 prout
1101 1278 1300 1324 quemlibet
1330 1290 1455 1311 eorum
1487 1278 1670 1323 tangebat,
1701 1278 1892 1311 maximum
1923 1278 2164 1323 prejudicium
2194 1284 2302 1323 atque

434 1347 640 1391 dampnum,
663 1358 702 1379 ac
728 1346 829 1391 ipsos
857 1346 893 1378 111
915 1346 1021 1378 (110115
1049 1346 1126 1378 51115
1157 1345 1461 1390 possessionibus
1490 1352 1525 1379 et
1555 1345 1702 1378 saisinis
1733 1344 1979 1391 perturbando
2006 1351 2039 1378 et
2068 1344 2302 1389 impediendo

433 1413 594 1446 indebite
616 1419 651 1445 et
677 1413 720 1445 de
749 1424 858 1451 novo,
880 1419 918 1445 ut
944 1412 1123 1445 dicebant.
1148 1413 1191 1445 Et
1219 1412 1265 1445 ob
1291 1410 1359 1445 hoc
1385 1425 1402 1445 a
1430 1412 1538 1445 nobis
1565 1419 1682 1445 certas
1708 1412 1847 1445 litteras
1873 1411 2118 1453 obtinuerant,
2151 1423 2300 1456 quarum

433 1480 564 1512 virtute
595 1479 680 1512 dicti
710 1479 873 1523 magistri
905 1486 939 1512 et
969 1486 1141 1524 regentes
1171 1478 1207 1511 in
1235 1479 1328 1512 dicta
1357 1479 1523 1512 facultate
1559 1479 1801 1520 decretorum,
1830 1490 1973 1511 necnon
2004 1479 2138 1523 Symon
2164 1477 2302 1511 Thome

434 1545 601 1578 bedellus
628 1552 660 1578 et
690 1546 831 1578 Bricius
857 1545 1025 1579 Monachi
1053 1545 1293 1578 subbedellus
1322 1546 1417 1578 dicte
1441 1546 1633 1587 facultatis,
1662 1546 1722 1591 qui
1748 1552 1872 1578 contra
1898 1545 2074 1578 dictarum
2101 1544 2300 1578 litterarum

435 1612 688 1645 execucionem
712 1624 751 1646 se
772 1619 1031 1657 opposuerant,
1049 1613 1191 1645 fuerant
1206 1613 1249 1645 ad
1266 1619 1398 1645 certam
1418 1612 1511 1645 diem
1529 1612 1664 1658 lapsam
1682 1612 1719 1645 in
1737 1612 1830 1645 dicta
1846 1612 1944 1645 curia
1966 1618 2089 1644 nostra
2110 1611 2300 1656 adjornati,

436 1678 479 1711 de
502 1685 537 1711 et
556 1690 666 1723 super
687 1678 875 1723 premissis
898 1679 1124 1724 responsuri,
1146 1691 1185 1712 ac
1207 1679 1361 1712 ulterius
1383 1679 1593 1724 processuri
1617 1685 1650 1712 et
1674 1679 1802 1712 facturi
1825 1685 1862 1711 ut
1885 1684 1983 1712 esset
2004 1678 2173 1719 racionis,
2196 1684 2303 1723 prout

435 1744 501 1777 hec
523 1751 558 1777 et
578 1744 644 1777 alia
667 1757 709 1777 ex
729 1751 856 1777 tenore
874 1745 1047 1777 dictarum
1069 1745 1310 1790 querimonie,
1330 1745 1530 1778 litterarum
1552 1758 1591 1778 ac
1611 1757 1653 1778 ex
1674 1745 1856 1778 relacione
1873 1744 1961 1778 certi
1983 1744 2069 1777 dicti
2086 1743 2300 1778 Parlamenti

436 1811 551 1844 nostri
577 1811 754 1850 hostiarii,
778 1812 952 1844 dictarum
974 1811 1173 1844 litterarum
1197 1812 1418 1853 executoris,
1440 1811 1655 1845 dicebantur
1675 1812 1782 1845 latius
1802 1823 1988 1857 apparere.
2019 1824 2021 1826 ’

525 1878 741 1911 Constitutis
762 1878 874 1923 igitur
896 1885 1044 1923 propter
1064 1879 1131 1911 1100
1153 1879 1189 1911 in
1211 1879 1303 1911 dicta
1329 1879 1427 1912 curia
1450 1885 1571 1912 nostra
1594 1878 1757 1924 partibus
1778 1878 1971 1912 antedictis
1993 1890 2056 1911 seu
2079 1890 2202 1911 earum
2224 1889 2302 1922 pro-

436 1943 678 1985 curatoribus,
705 1944 790 1977 dicti
811 1952 1078 1989 conquerentes
1106 1945 1276 1990 petebant
1296 1952 1433 1978 certum
1456 1946 1649 1986 desectum,
1675 1957 1781 1990 quem
1804 1957 1843 1978 se
1869 1957 1989 1978 coram
2011 1945 2107 1978 (11010
2128 1944 2302 1978 hostiario

436 2017 558 2043 contra
579 2010 695 2044 dictos
717 2011 761 2043 de
782 2011 942 2055 predicta
968 2011 1135 2045 facultate
1157 2012 1385 2045 decretorum
1410 2012 1615 2045 obtinuisse
1637 2012 1818 2054 dicebant,
1842 2011 2092 2052 confirmasse,
2121 2017 2182 2044 aut
2204 2010 2302 2056 quod

436 2076 560 2110 saltem
584 2077 701 2115 (1101115
723 2077 886 2110 defectus
904 2077 949 2110 ob
973 2078 1153 2111 defectum
1176 2079 1297 2112 minus
1320 2079 1535 2112 sufficientis
1556 2079 1798 2124 procuratorii
1819 2078 2095 2112 concederetur.
2118 2079 2303 2123 Propone-

436 2142 520 2176 bant
549 2143 701 2188 insuper
726 2156 832 2176 omne
860 2144 990 2176 factum
1022 2145 1222 2189 pertinenS,
1249 2158 1288 2178 ac
1314 2145 1573 2179 conclusiones
1599 2145 1778 2178 faciebant
1805 2145 1848 2178 ad
1873 2157 1994 2178 casum
2022 2144 2193 2178 novitatis
2220 2155 2303 2188 spe-

435 2216 572 2242 ctantes
594 2217 629 2243 et
649 2210 746 2254 quod
767 2211 803 2243 in
825 2222 909 2243 casu
931 2211 1122 2244 dilacionis
1142 2212 1280 2244 eisdem
1303 2212 1614 2257 conquerentibus
1636 2212 1869 2245 recredencia
1890 2212 2004 2253 fieret,
2032 2218 2067 2244 et
2096 2223 2169 2244 non
2195 2210 2302 2244 dictis

437 2275 480 2308 de
509 2276 668 2320 predicta
693 2276 872 2318 facultate,
900 2289 1042 2310 necnon
1064 2284 1098 2310 et
1125 2279 1222 2323 quod
1244 2279 1330 2312 (11011
1357 2279 1401 2312 (10
1429 2279 1590 2324 predicta
1615 2279 1782 2312 facultate
1810 2279 1847 2311 in
1869 2279 2045 2311 dictorum
2074 2288 2302 2322 conqueren-

436 2342 523 2374 tium
545 2342 722 2387 dampnis,
745 2343 923 2376 interesse
946 2351 978 2377 et
1000 2345 1171 2389 expensis
1192 2346 1560 2390 condempnat-entur.

524 2409 637 2442 Dictis
658 2409 702 2442 de
723 2410 882 2454 predicta
903 2411 1069 2444 facultate
1098 2423 1140 2444 ex
1165 2412 1318 2445 adverso
1340 2413 1435 2445 inter
1458 2419 1577 2446 cetera
1599 2411 1890 2457 proponentibus
1912 2418 1946 2444 et
1976 2410 2183 2444 dicentibus
2204 2410 2301 2455 quod

435 2475 471 2507 in
506 2475 625 2507 studio
659 2476 911 2509 Universitatis
945 2477 1162 2510 Parisiensis
1193 2478 1236 2510 ab
1265 2479 1412 2523 antiquo
1450 2486 1485 2512 et
1514 2479 1778 2524 quamprimum
1809 2479 1923 2511 fuerat
1955 2477 2091 2510 ibidem
2126 2476 2301 2518 studium,

436 2542 574 2573 fuerant
592 2548 627 2574 et
647 2549 748 2574 erant
769 2549 932 2587 quatuor,
951 2544 1121 2577 videlicet
1138 2544 1337 2590 theologie,
1355 2545 1598 2586 decretorum,
1616 2545 1796 2578 medicine
1813 2551 1848 2577 et
1863 2545 2005 2583 artium,
2024 2544 2300 2577 facultates....¹.

525 2608 637 2640 Dictis
658 2609 967 2652 conquerentibus
989 2610 1250 2655 replicantibus
1278 2618 1313 2644 et
1340 2612 1547 2645 dicentibus
1569 2612 1666 2657 quod
1694 2612 1982 2657 procuratorium
2012 2611 2191 2644 dictorum
2220 2622 2302 2655 pre-

436 2673 529 2713 dicte
555 2674 732 2706 facultatis
758 2674 984 2708 decrctorum
1015 2676 1082 2709 sub
1113 2677 1235 2722 sigillo
1262 2678 1448 2711 Castelleti
1477 2679 1592 2711 nostri
1618 2678 1835 2711 parisiensis
1861 2678 2064 2711 confectum
2094 2677 2300 2710 fuerat....².

524 2740 690 2772 Preterea
712 2740 880 2773 dicebant
900 2742 997 2786 quod
1020 2743 1178 2776 studium
1201 2744 1296 2776 dicte
1320 2745 1577 2778 Universitatis
1599 2744 1816 2777 Parisiensis
1838 2744 1956 2789 quoad
1977 2743 2165 2776 facultates
2186 2742 2300 2776 medi-

435 2806 514 2838 cine
543 2813 575 2838 et
605 2806 733 2839 artium
762 2811 867 2848 ant[e]
896 2809 1038 2840 Domini
1066 2810 1181 2842 nostri
1208 2811 1516 2852 Incarnacionem,
1547 2818 1581 2844 et
1608 2823 1681 2844 non
1703 2811 1822 2856 quoad
1848 2810 2036 2843 facultates
2063 2809 2246 2854 theologie
2267 2814 2301 2841 et

436 2871 675 2911 decretorum,
705 2884 785 2905 cum
814 2880 898 2906 tunc
927 2886 999 2906 non
1028 2882 1151 2908 essent
1179 2876 1337 2909 sciencie
1369 2877 1552 2922 theologie
1584 2884 1618 2910 et
1643 2878 1872 2910 decretorum
1904 2876 2097 2909 adinvente
2126 2875 2298 2914 Parisius,
