2488 3386
201 340 297 373 1391]
613 350 659 371 ΑΒ
694 349 799 371 Anao
834 348 965 370 MeceL
998 348 1129 377 USQUE
1166 350 1213 370 Αι)
1249 350 1512 372 BENEDICTUM
1547 351 1636 373 Χιιι.
1992 341 2056 373 505

198 423 396 454 suppositorum
418 423 495 446 etiarn
511 431 635 446 numerus
655 423 843 453 magistrorum
866 426 891 445 et
911 423 1047 445 doctorum
1069 422 1185 445 affertur.
1208 424 1255 446 An.
1277 424 1335 446 1394
1355 425 1406 446 sere
1428 424 1612 455 quadringenti
1636 425 1712 447 simul
1735 425 1884 455 congregati
1906 428 1980 448 emunt
1996 425 2057 451 (vid.

198 468 240 491 De
254 468 428 497 schismate),
445 467 596 496 licentiatis,
610 467 771 490 baccularcis
787 470 812 490 et
827 466 993 489 scholaribus
1010 467 1115 489 minime
1129 467 1295 497 computatis.

205 646 344 683 1565.
368 665 382 680 «
404 656 552 681 Tractatus
571 659 704 691 exparte
729 655 927 680 Universitatis
946 654 1037 680 studii
1057 655 1150 680 Paris.
1172 664 1225 690 pro
1246 664 1335 680 causa
1355 654 1426 689 fidei
1441 659 1540 680 contra
1557 655 1707 690 quemdam
1727 657 1846 689 fratrem
1867 656 1932 682 ord.
1954 656 2054 682 praed.

289 704 392 729 editus.
411 713 426 729 ³>

1568 739 1609 765 Ᾰη.
1628 740 1703 766 1388.

288 822 511 867 Apostolicis
532 822 628 855 Petri
650 822 772 855 verbis
794 822 926 863 edocti,
955 837 970 853 (t
998 822 1108 867 parati
1140 834 1285 867 semper
1305 822 1347 855 ad
1382 823 1660 855 satisfactionem
1684 823 1780 855 omni
1809 824 1971 868 poscenti
1994 835 2059 855 nos

202 888 383 921 racionem
402 889 445 921 de
467 901 520 930 ea,
543 900 613 933 que
634 889 671 921 in
692 888 799 921 nobis
821 895 887 929 est,
907 889 977 921 fide
997 903 1012 919 n
1035 891 1064 929 [1
1082 890 1175 929 Pet„
1196 900 1247 929 111,
1269 891 1334 930 15],
1353 889 1395 921 ad
1418 889 1605 921 tuitionem
1629 891 1707 934 ejus
1725 902 1827 934 quam
1851 889 2061 934 profitemur

201 954 428 995 orthodoxie,
457 962 491 988 et
519 962 556 988 ut
584 955 810 988 rationabilis
832 955 1067 1000 quorumdam
1091 967 1254 988 errorum
1281 955 1533 988 condemnatio
1565 956 1724 989 Parisius
1752 968 1867 1001 nuper
1894 956 1994 996 sacta,
2022 967 2060 988 ac

201 1021 408 1065 justificatio
430 1028 553 1054 exorte
575 1033 686 1066 super
706 1022 773 1054 hoc
797 1034 917 1062 cause,
941 1029 975 1054 et
1005 1022 1270 1054 adversantium
1290 1022 1463 1062 omnium,
1483 1022 1700 1066 quicumque
1723 1023 1806 1062 sint,
1825 1022 1955 1066 injusta
1978 1022 2063 1054 irra-

203 1088 462 1133 tionabilisque
483 1089 711 1133 conquestio,
731 1088 915 1121 oblocutio
937 1095 1043 1133 atque
1065 1089 1204 1121 vexatio
1227 1088 1384 1133 singulis
1411 1089 1625 1129 innotescat,
1648 1096 1852 1133 presentem
1877 1095 2059 1121 tractatum

203 1154 271 1187 sub
296 1154 495 1199 apostolice
517 1155 612 1188 Petri
634 1155 733 1188 sedis
754 1162 789 1187 et
809 1155 971 1188 sedentis
1000 1155 1036 1187 in
1060 1167 1099 1187 ea
1121 1155 1251 1187 summi
1273 1154 1454 1199 pontificis
1476 1155 1713 1196 correctione,
1737 1155 1904 1187 duximus
1925 1155 2060 1199 compi-

204 1220 363 1261 landum,
388 1221 424 1253 in
449 1233 519 1266 quo
543 1221 725 1255 universis
747 1221 882 1255 Christi
904 1221 1088 1262 fidelibus,
1113 1221 1172 1265 qui
1194 1221 1311 1265 ipsum
1335 1221 1462 1253 lecturi
1483 1221 1539 1253 vcl
1561 1221 1717 1254 audituri
1739 1228 1834 1261 sunt,
1859 1221 1956 1253 fideli
1978 1233 2062 1266 sup-

204 1287 379 1332 plicamus
400 1288 541 1329 affectu,
560 1294 599 1320 ut
618 1300 711 1332 equo
734 1288 852 1320 animo
874 1300 1035 1332 puraque
1057 1288 1188 1320 mentis
1210 1288 1284 1320 acie
1307 1288 1530 1332 prospiciant
1550 1288 1772 1320 universa...

293 1353 347 1386 Ad
378 1353 553 1386 honorem
584 1355 711 1387 Sancte
737 1361 772 1387 et
802 1354 990 1387 individue
1018 1354 1217 1394 Trinitatis,
1249 1355 1352 1398 cujus
1381 1354 1465 1386 fidei
1495 1366 1635 1386 causam
1668 1354 1821 1398 agimus,
1858 1361 2060 1399 presentem

206 1426 391 1452 tractatum
421 1420 596 1453 adversus
631 1433 776 1453 errores
808 1421 928 1453 fratris
960 1420 1135 1453 Johannis
1164 1420 1207 1452 de
1236 1422 1464 1460 Montesono,
1493 1420 1642 1453 Ordinis
1673 1422 1750 1454 frat.
1781 1421 2063 1462 Predicatorum,

206 1498 322 1531 nuper
343 1487 377 1518 in
401 1487 597 1519 Parisiensi
618 1487 738 1520 studio
760 1487 1057 1532 condampnatos,
1078 1499 1119 1519 ex
1141 1486 1408 1519 deliberacione
1427 1487 1682 1519 Universitatis
1704 1487 1813 1519 studii
1835 1487 2063 1528 ParisiensiS,

206 1559 241 1586 et
270 1553 477 1598 specialiter
506 1553 707 1594 doctorum,
736 1553 1020 1586 bachalariorum
1052 1553 1230 1586 facultatis
1262 1553 1446 1598 theologie
1475 1553 1729 1597 compositum,
1756 1554 1791 1585 in
1824 1554 1888 1586 tria
1914 1554 2065 1598 capitula

206 1619 488 1664 distinguemus.

295 1687 335 1718 In
357 1687 486 1731 primo,
515 1687 558 1719 ad
588 1687 811 1719 fundandum
841 1698 1052 1732 processum
1080 1687 1210 1719 factum
1233 1693 1356 1718 contra
1383 1686 1516 1718 dictum
1547 1686 1690 1718 fratrem
1722 1698 1786 1731 per
1808 1686 1934 1719 dictam
1957 1687 2068 1720 facul-

206 1759 313 1785 tatem
341 1752 539 1798 theologie,
566 1765 605 1786 ac
627 1754 731 1786 etiam
755 1765 967 1798 processum
990 1753 1073 1785 inde
1096 1760 1258 1785 secutum
1282 1765 1400 1785 coram
1424 1752 1570 1785 domino
1593 1753 1764 1797 episcopo
1793 1753 2002 1794 Parisiensi,
2025 1754 2067 1786 ad

206 1819 410 1852 instantiam
438 1820 694 1853 Universitatis
722 1820 898 1865 predicte,
921 1819 1164 1852 declarabitur
1185 1819 1339 1864 qualiter
1359 1819 1401 1851 ad
1426 1819 1542 1851 dictos
1564 1819 1773 1863 episcopum
1803 1826 1835 1851 et
1865 1820 2065 1853 facultatem

206 1885 390 1930 theologie
412 1886 569 1930 pertinet
589 1886 811 1919 assertiones
832 1886 1024 1927 hereticas,
1042 1886 1099 1919 vel
1121 1886 1157 1918 in
1179 1886 1249 1918 fide
1267 1897 1438 1918 erroneas
1455 1891 1578 1917 contra
1599 1892 1805 1918 asserentes
1827 1898 1886 1918 eas
1908 1887 2066 1920 Parisius

206 1952 486 1997 condampnare.

295 2020 335 2050 In
357 2019 518 2051 secundo
537 2019 790 2060 declarabitur,
811 2026 842 2052 et
866 2027 931 2052 tam
951 2019 1153 2052 rationibus
1174 2031 1276 2063 quam
1300 2018 1573 2050 auctoritatibus
1595 2025 1799 2050 sanctorum
1822 2025 1855 2051 et
1877 2019 2062 2052 doctorum

206 2084 431 2129 probabitur,
455 2085 552 2130 quod
582 2086 804 2118 assertiones
833 2086 917 2118 dicti
949 2086 1068 2118 fratris
1091 2097 1154 2130 per
1175 2084 1337 2117 cedulam
1368 2084 1461 2116 dicte
1491 2084 1668 2116 facultatis
1699 2084 1793 2116 dicto
1822 2085 1967 2117 domino
1990 2087 2065 2130 epi-

205 2163 316 2196 scopo
339 2151 466 2184 tradite
488 2152 634 2184 fuerunt
654 2152 916 2184 rationabiliter
937 2152 1210 2196 condampnate.

294 2219 333 2250 In
366 2218 483 2259 tertio,
517 2219 597 2263 quia
630 2219 801 2264 magister
829 2231 867 2251 ac
898 2225 1110 2263 procurator
1140 2218 1334 2263 generalis,
1366 2224 1399 2249 et
1429 2216 1593 2249 nonnulli
1626 2216 1709 2249 dicti
1738 2217 1886 2250 Ordinis
1920 2220 2060 2261 fratres,

204 2291 327 2317 contra
350 2284 482 2317 dictum
507 2285 716 2330 episcopum
740 2292 773 2318 et
800 2285 869 2318 sibi
891 2285 1107 2318 adherentes
1129 2285 1171 2317 ad
1194 2291 1348 2317 sanctam
1373 2284 1494 2316 sedem
1518 2283 1751 2327 apostolicam
1777 2285 2059 2329 appellaverunt,

206 2351 464 2395 pretendentes
485 2352 579 2384 inter
600 2359 814 2384 memoratas
836 2352 921 2384 dicti
943 2352 1062 2384 fratris
1084 2351 1318 2389 assertiones,
1339 2357 1375 2382 ut
1396 2350 1586 2395 prefertur,
1610 2349 1817 2394 dampnatas
1837 2351 1974 2396 aliquas
1993 2355 2059 2395 [ad]

205 2418 318 2450 sancti
340 2417 477 2450 Thome
499 2418 543 2450 de
567 2419 711 2462 Aquino
733 2419 915 2463 pertinere
938 2418 1148 2458 doctrinam,
1177 2429 1279 2462 quam
1307 2423 1475 2449 asserunt
1502 2428 1565 2460 per
1588 2416 1775 2448 ecclesiam
1803 2418 2030 2462 approbatam
2052 2433 2058 2453 :

205 2484 286 2516 ideo
317 2483 570 2524 declarabitur,
604 2485 801 2517 doctrinam
838 2485 1047 2529 hujusmodi
1081 2484 1194 2517 sancti
1225 2483 1362 2515 Thomc
1392 2495 1463 2514 non
1495 2483 1546 2514 sic
1577 2482 1804 2526 approbatam
1838 2496 1931 2525 csse,
1964 2488 2059 2530 quod

206 2557 351 2594 propter
368 2562 442 2582 eam
467 2558 629 2595 oporteat
650 2552 863 2584 antedictam
882 2550 1242 2595 condampnationem
1261 2556 1318 2582 aut
1341 2549 1424 2581 dicti
1447 2549 1607 2593 episcopi
1631 2560 1839 2592 processum
1859 2551 2061 2595 aliqualiter

204 2616 424 2661 impediri...

296 2714 365 2737 Bibl.
384 2718 437 2737 nat.
455 2715 537 2738 Paris.
554 2724 603 2739 ms.
624 2715 669 2739 lat.
691 2717 760 2744 3122,
783 2717 827 2741 tol.
850 2718 917 2744 7³18,
937 2716 985 2738 sub
1006 2716 1111 2738 rubrica
1132 2719 1159 2737 nt
1179 2723 1268 2745 supra.
1291 2715 1317 2737 In
1338 2715 1387 2736 tine
1404 2713 1501 2744 legitur
1518 2721 1522 2735 ·.
1540 2722 1552 2733 «
1570 2714 1642 2735 Hunc
1661 2716 1801 2736 tractatum
1823 2715 1970 2745 composuit
1989 2724 2060 2739 reve-

205 2758 301 2781 rendus
316 2762 392 2789 pater
412 2759 480 2784 dom.
504 2760 595 2783 Petrus
611 2761 642 2784 de
660 2761 779 2790 Ailliaco,
797 2770 817 2784 s,
834 2761 914 2784 theol.
935 2761 1025 2783 doctor
1043 2763 1068 2783 et
1088 2760 1166 2790 episc.
1186 2760 1330 2788 Gamerae„
1353 2758 1461 2780 condam
1479 2766 1548 2788 mag.
1569 2758 1677 2788 Collegii
1699 2758 1814 2780 Navarre
1832 2768 1853 2781 υ.
1869 2773 1899 2775 -
1915 2760 2059 2783 Truneatus

203 2806 288 2825 exstat
303 2806 430 2826 tractatus
446 2804 479 2826 ad
492 2805 589 2827 calcem
605 2805 663 2828 edd.
683 2805 896 2830 Sententiarum
910 2805 977 2828 Petri
994 2804 1143 2831 Lombardi,
1162 2804 1187 2826 in
1204 2803 1361 2834 quibusdam
1378 2802 1437 2825 edd.
1456 2803 1605 2826 Commeat.
1621 2803 1837 2826 Bonaventurae
1849 2810 1933 2832 super
1949 2805 2061 2828 Senten-

207 2846 260 2871 tias
275 2847 309 2876 (v.
327 2856 352 2878 g.
371 2848 397 2870 in
413 2848 452 2870 ed.
471 2848 613 2880 Koberger,
626 2853 644 2872 t.
658 2850 680 2872 11
697 2850 722 2872 in
738 2850 797 2878 fine,
816 2858 858 2873 an.
876 2850 955 2879 1500),
973 2853 997 2872 et
1012 2849 1038 2871 in
1057 2849 1122 2879 Opp.
1139 2849 1262 2872 Gerso'n..
1278 2848 1318 2870 ed.
1335 2847 1430 2877 Dupin,
1446 2847 1464 2875 l,
1482 2847 1596 2869 7tttv-722.
1615 2847 1716 2876 Integre
1732 2847 1802 2877 apud
1815 2847 1979 2877 D'Argcutre,
1996 2850 2060 2872 Coll.

199 2891 277 2919 jud.,
295 2892 327 2921 Π,
344 2900 370 2922 p.
388 2893 487 2922 75-129,
501 2893 574 2924 cujus
588 2893 634 2916 lib.
652 2902 700 2917 ms.
713 2894 746 2917 ad
759 2894 940 2925 typographos
958 2893 1070 2916 traditus
1087 2896 1171 2916 exstat
1187 2893 1210 2915 in
1228 2892 1294 2914 Bibl.
1313 2895 1364 2914 nat.
1383 2891 1474 2914 Paris..
1490 2899 1538 2913 mS.
1556 2891 1601 2913 lat.
1618 2891 1645 2912 10
1654 2891 1707 2913 40⁴2.

330 2939 377 2955 *r*
398 2937 491 2961 Chart.
515 2937 591 2961 Univ.
610 2938 704 2962 Paris.
724 2939 770 2962 111.
1910 2937 1937 2958 Gla
