2488 3386
448 344 511 376 622
1023 353 1341 375 CHARTULARHJM
1376 351 1566 374 UNIVEns.
1604 351 1732 373 PAnis.
2210 338 2310 374 [1394

448 434 483 460 et
512 439 624 472 regno
655 427 771 460 eidem
802 439 819 459 a
851 427 1063 459 clarissimis
1092 428 1224 460 vestris
1255 424 1553 472 progenitoribus
1582 431 1720 470 partum
1752 424 1968 458 servabitur.
1998 425 2217 457 Mementote
2244 435 2309 457 vos

448 494 563 526 solum
593 493 791 538 principem
814 493 1107 526 christianissimi
1138 505 1270 526 nomen
1291 505 1364 525 non
1385 492 1502 524 otiose
1528 498 1667 531 tenere,
1689 491 1754 524 sed
1783 491 1879 536 quod
1910 491 1947 523 in
1968 490 2138 523 omnibus
2166 502 2310 535 semper

447 560 601 592 ecclesie
622 560 800 605 angustiis
828 566 863 592 et
888 561 1043 604 majores
1063 560 1175 593 vestri
1203 559 1401 605 presidium
1425 564 1506 591 ante
1534 557 1625 590 alios
1652 557 1811 591 tulerint.
1842 557 1961 590 Nolite
1987 557 2219 602 privilegium
2240 563 2308 590 tam

449 626 582 666 nobile,
614 625 754 658 titulum
789 632 856 658 tam
891 626 1120 671 magnificum
1154 626 1328 658 amittere.
1362 626 1440 657 Non
1473 624 1581 657 sinite
1611 623 1706 656 hunc
1735 623 1910 657 honorem
1938 623 2042 657 vobis
2077 636 2095 656 a
2129 635 2309 668 quoquam

447 693 592 733 auferri,
629 699 689 725 aut
717 692 866 725 alterum
898 693 934 724 in
962 693 1031 725 isto
1057 704 1122 725 vos
1151 692 1374 725 antevenire.
1405 690 1608 723 Deffendite
1632 691 1694 735 jus
1727 697 1903 731 vestrum,
1935 690 2133 723 deffendite
2163 701 2309 731 nomen,

447 759 644 791 deffendite
666 759 790 792 decus.

537 827 679 858 Moveat
698 838 763 858 vos
784 826 942 858 omnium
964 825 1223 858 catholicorum
1245 831 1281 857 et
1298 825 1447 857 fratrum
1469 824 1505 856 in
1527 823 1673 857 Christo
1689 830 1893 857 vestrorum
1916 823 2129 869 expectatio,
2147 835 2216 868 que
2238 830 2310 856 tota

448 893 485 925 in
506 905 544 925 re
565 893 631 925 ista
653 892 697 925 de
713 899 831 925 vestra
852 904 1005 937 persona
1029 891 1218 936 pendet....
1237 893 1379 924 Moveat
1400 891 1451 923 rei
1473 890 1590 935 ipsius
1606 890 1767 935 preclara
1784 897 1818 923 et
1839 890 2062 935 percelebris
2082 901 2121 923 ac
2138 896 2310 935 perpetua

449 960 539 1000 laus,
558 971 622 1004 per
638 971 741 1003 quam
760 959 871 991 vestri
892 958 1064 991 memoria
1082 958 1301 1003 sempiterna
1318 957 1523 990 versabitur
1539 957 1575 989 in
1592 969 1655 990 ore
1672 956 1870 990 hominum.
1887 958 1980 990 Ymo
1997 963 2033 989 et
2051 956 2143 989 illud
2161 957 2310 990 maxime

449 1036 513 1056 vos
541 1030 698 1063 moveat,
729 1022 825 1067 quod
856 1029 923 1055 tam
956 1022 1096 1067 egregii
1125 1022 1243 1067 gloria
1270 1022 1352 1054 sacti
1382 1033 1499 1066 usque
1528 1022 1566 1054 in
1594 1021 1689 1054 diem
1719 1021 1841 1062 istum,
1872 1033 1943 1066 quo
1975 1020 2151 1066 puerilem
2182 1027 2311 1054 etatem

449 1090 612 1130 exuistis,
631 1089 673 1122 ad
695 1089 806 1122 decus
824 1095 859 1121 et
877 1089 1003 1121 samam
1021 1096 1175 1122 vestram
1194 1089 1369 1122 divinitus
1386 1087 1653 1133 quodammodo
1670 1094 1810 1121 servata
1832 1099 1914 1120 esse
1930 1087 2086 1127 videtur,
2105 1098 2150 1120 ne
2167 1086 2312 1120 debitus

449 1156 552 1189 vobis
573 1156 690 1188 honos
716 1156 786 1188 alio
814 1155 995 1188 transiret.
1018 1157 1160 1188 Moveat
1185 1155 1477 1200 acceptissimum
1501 1155 1702 1195 servitium,
1726 1154 1824 1200 quod
1845 1166 1887 1187 ex
1913 1154 1980 1187 hoc
2001 1165 2112 1199 opere
2134 1155 2210 1187 Deo
2231 1165 2312 1199 pre-

449 1222 602 1263 stabitis,
619 1234 689 1267 quo
712 1234 835 1255 revera
857 1222 995 1254 nullum
1018 1223 1146 1266 majus,
1169 1222 1321 1266 gratius,
1340 1221 1578 1254 excellentius
1599 1228 1761 1266 prestare
1782 1221 1947 1266 potestis.
1971 1222 2140 1254 Moveant
2155 1220 2312 1265 denique

450 1289 573 1322 matris
595 1289 740 1321 miserie
762 1295 826 1330 tot,
844 1295 954 1329 tante,
971 1295 1039 1321 tam
1062 1288 1237 1329 inaudite,
1259 1295 1298 1321 ut
1317 1288 1375 1321 vel
1396 1300 1542 1321 saxeum
1565 1295 1692 1333 pectus
1714 1287 1879 1320 emollire
1901 1294 2066 1333 possent,
2086 1299 2156 1332 que
2177 1299 2220 1320 ex
2245 1286 2312 1320 hoc

450 1356 628 1389 diabolico
659 1356 827 1388 scismate
857 1362 934 1388 orte
961 1356 1151 1389 sunt....¹².
1183 1354 1383 1396 [Diabolus]
1414 1362 1470 1388 est
1498 1355 1559 1400 qui
1587 1355 1742 1388 seminat
1770 1355 1865 1387 inter
1891 1355 2021 1387 fratres
2051 1353 2311 1388 discordias...

450 1423 544 1455 Illud
571 1434 715 1467 quoque
745 1421 918 1462 Sallustii,
941 1421 1134 1454 clarissimi
1168 1423 1410 1454 Romanorum
1441 1421 1606 1454 historici
1631 1433 1637 1453 ε
1661 1436 1677 1452 «
1702 1421 1897 1454 concordia
1919 1433 2027 1466 parve
2048 1432 2107 1454 res
2129 1427 2311 1462 crescunt,

450 1489 631 1522 discordia
652 1489 804 1521 maxime
826 1488 1037 1521 dilabuntur
1056 1502 1071 1519 »
1093 1489 1205 1534 [Jug.,
1227 1489 1335 1529 10J....

538 1556 633 1599 Quid
655 1567 750 1588 nunc
773 1555 818 1588 de
845 1555 1051 1600 symoniaca
1071 1554 1194 1588 heresi
1222 1555 1426 1600 loquamur,
1447 1567 1518 1600 que
1541 1555 1578 1587 in
1599 1554 1754 1588 ecclesie
1776 1555 1884 1587 domo
1909 1555 1962 1587 sic
1983 1554 2158 1599 presidet,
2181 1560 2221 1587 ut
2239 1555 2312 1599 jam

450 1625 529 1668 ejus
547 1623 675 1655 ditioni
697 1622 816 1654 omnia
837 1622 910 1655 sint
930 1622 1194 1667 propemodum
1216 1621 1392 1667 subjecta,
1411 1622 1490 1655 sine
1511 1622 1590 1666 ejus
1611 1622 1817 1655 interventu
1841 1621 1945 1666 pauci
1966 1621 2080 1666 gratie
2102 1621 2311 1666 quidquam,

450 1690 521 1723 nisi
541 1689 644 1722 valde
674 1689 878 1729 difficulter,
906 1688 1106 1728 obtineant,
1134 1689 1199 1721 sed
1225 1689 1286 1734 qui
1312 1700 1387 1721 eam
1416 1688 1623 1721 advocatam
1654 1688 1832 1729 habuerit,
1861 1700 1932 1721 non
1956 1688 2032 1729 lite,
2061 1699 2134 1720 non
2158 1687 2311 1733 judicio,

451 1768 524 1789 non
546 1755 754 1788 difficultate
774 1755 892 1799 aliqua
914 1762 1092 1788 terreatur
1104 1756 1222 1788 9....¹⁵.

538 1822 632 1865 Quid
654 1822 697 1854 de
719 1822 841 1855 divino
858 1821 956 1854 cultu
974 1833 1017 1854 ex
1034 1821 1097 1854 hac
1119 1828 1266 1855 cruenta
1288 1822 1469 1855 scismatis
1486 1822 1647 1867 pernicie
1662 1821 1817 1854 ubilibet
1831 1821 2021 1854 imminuto
2042 1828 2148 1866 atque
2169 1821 2206 1854 in
2223 1820 2314 1854 locis

452 1889 635 1934 plerisque
657 1900 808 1933 prorsus
830 1888 975 1921 deserto
998 1890 1215 1932 queremur?
1237 1888 1332 1931 Quid
1354 1888 1398 1921 de
1425 1900 1562 1921 morum
1591 1888 1783 1933 disciplina
1809 1895 1844 1921 et
1869 1888 2002 1933 prioris
2023 1887 2179 1921 ecclesie
2199 1887 2313 1920 virtu-

451 1956 560 1996 tibus,
583 1967 652 2000 que
674 1955 725 1988 sic
755 1955 791 1987 in
813 1954 1033 1987 oblivionem
1055 1955 1164 1999 inque
1186 1955 1304 1988 omnia
1325 1955 1411 1988 vitia
1438 1962 1571 1988 mutate
1599 1962 1696 1996 sunt,
1724 1962 1761 1988 ut
1781 1955 1840 1988 vix
1870 1955 2109 2000 precedentes
2135 1960 2255 2000 patres
2282 1953 2313 1987 si

451 2023 599 2056 redeant
619 2022 768 2055 eandem
792 2034 886 2054 nunc
915 2021 1117 2063 ecclesiam,
1141 2034 1247 2067 quam
1275 2022 1345 2067 ipsi
1371 2022 1507 2055 dudum
1536 2029 1714 2061 rexerant,
1742 2034 1922 2067 quamque
1947 2021 2116 2055 Christus
2143 2021 2312 2061 instituit,

450 2101 531 2122 esse
562 2095 700 2134 putent,
728 2087 839 2120 nullis
867 2088 1039 2120 virtutum
1073 2100 1217 2120 suarum
1251 2088 1430 2133 reliquiis,
1458 2088 1570 2121 nullis
1598 2101 1749 2134 usquam
1777 2089 1957 2134 vestigiis,
1986 2100 2067 2134 ymo
2094 2100 2160 2121 nec
2188 2087 2314 2120 umbra

451 2156 549 2189 tenui
580 2155 713 2188 ibidem
745 2154 869 2187 relicta
881 2155 999 2187 P....⁵.¹
1029 2154 1301 2200 Obstupescent
1327 2162 1425 2188 certe
1455 2156 1593 2200 posteri
1624 2156 1753 2196 nostri,
1782 2155 2010 2188 mirabuntur
2034 2161 2070 2188 et
2100 2154 2314 2188 hom-escent

451 2230 626 2255 tantorum
650 2221 903 2254 immanitatem
927 2221 1145 2266 flagitiorum
1169 2221 1348 2267 legentes,
1371 2222 1402 2255 si
1427 2222 1559 2255 litteris
1579 2222 1623 2255 ab
1644 2222 1766 2267 aliquo
1788 2222 1950 2255 mandata
1972 2222 2044 2255 sint
2051 2248 2115 2254 .....

540 2290 662 2333 ltaque
683 2288 777 2332 apud
800 2294 968 2329 vestram,
997 2299 1059 2320 rex
1084 2288 1233 2333 optime,
1255 2289 1492 2333 majestatem,
1515 2289 1673 2333 itemque
1700 2289 1795 2334 apud
1821 2289 1994 2322 maximos
2016 2299 2187 2333 proceres
2208 2288 2313 2333 regni

452 2356 579 2396 vestri,
609 2355 669 2399 qui
697 2354 801 2387 vobis
832 2354 928 2386 claro
959 2355 1138 2399 sanguine
1168 2355 1352 2399 conjuncti
1383 2351 1484 2391 sunt,
1514 2367 1633 2388 coram
1671 2355 1804 2400 quibus
1830 2356 2017 2388 veritatem
2047 2355 2184 2388 nudare
2214 2354 2313 2387 soliti

453 2433 590 2461 sumus,
615 2433 685 2453 non
707 2421 884 2453 cessant¹G
908 2421 986 2453 dies
1007 2427 1042 2453 et
1062 2428 1187 2454 noctes
1209 2421 1245 2453 in
1267 2434 1334 2454 nos
1355 2434 1418 2454 ore
1439 2429 1616 2455 venenato
1639 2422 1848 2459 machinari,
1866 2434 1961 2455 nunc
1981 2428 2106 2454 contra
2127 2422 2311 2454 dominum

453 2500 575 2533 papam
598 2499 664 2519 nos
685 2486 820 2531 aliquid
841 2486 934 2519 velle
960 2487 1060 2531 loqui
1089 2487 1356 2533 confingentes,
1380 2500 1445 2533 pro
1473 2490 1577 2533 cujus
1603 2496 1701 2522 certe
1730 2488 1870 2521 honore
1901 2488 1982 2533 plus
2010 2500 2114 2533 quam
2146 2489 2216 2534 ipsi
2245 2500 2313 2521 nos

453 2554 650 2599 loquimur,
675 2565 767 2585 nunc
789 2552 937 2585 arbitrio
964 2560 1089 2586 nostro
1116 2554 1233 2586 onmia
1263 2566 1393 2598 regere
1419 2555 1525 2596 velle,
1549 2555 1579 2588 si
1601 2555 1906 2600 permitteremur,
1930 2562 1963 2588 et
1985 2555 2177 2600 presertim
2199 2555 2314 2588 eccle—

452 2621 553 2654 siam.
581 2621 665 2652 Nam
689 2619 785 2663 quod
814 2630 880 2651 nos
909 2619 952 2651 de
981 2619 1132 2652 stultitia
1161 2627 1196 2653 et
1228 2621 1396 2666 precipiti
1426 2622 1532 2654 etiam
1561 2622 1761 2654 temeritate
1791 2621 1948 2666 culpant,
1980 2622 2080 2666 parvi
2110 2633 2196 2654 sane
2228 2621 2314 2655 esti-

452 2698 645 2720 mamus....
669 2686 773 2718 Suam
803 2696 890 2729 ergo
917 2685 985 2717 sibi
1014 2685 1169 2719 habeant
1194 2687 1436 2731 prudentiam,
1462 2695 1595 2720 etcum
1622 2688 1696 2721 illis
1723 2695 1973 2730 numerentur,
1996 2689 2040 2721 de
2061 2687 2193 2733 quibus
2218 2687 2313 2733 apud

454 2752 662 2798 prophetam
688 2763 694 2783 :
723 2765 738 2781 α
762 2751 960 2795 prudentes
988 2758 1073 2784 sunt
1102 2759 1139 2785 ut
1168 2753 1299 2786 saciant
1325 2754 1428 2795 mala,
1457 2754 1550 2787 bona
1580 2761 1697 2787 autem
1726 2755 1844 2787 facere
1875 2755 2124 2788 nescierunt»
2154 2755 2312 2796 [Jerem.,

453 2831 500 2860 1v,
522 2820 593 2860 22];
615 2825 772 2851 nostram
794 2816 900 2849 nobis
922 2817 1122 2859 stultitiam,
1145 2831 1250 2863 quam
1273 2831 1338 2852 sue
1360 2821 1613 2866 anteponimus
1635 2821 1825 2866 sapientie,
1850 2821 2066 2866 relinquant.

541 2885 617 2918 Hiis
647 2891 682 2917 et
711 2883 791 2916 aliis
821 2883 943 2916 multis
972 2883 1233 2917 detractionum
1268 2886 1470 2928 morsibus,
1505 2887 1675 2932 princeps
1709 2887 1977 2929 illustrissime,
2009 2894 2167 2921 nostram
2205 2888 2312 2921 dente
