2488 3386
469 341 532 374 596
1042 349 1357 372 CHARTULARIUM
1393 347 1582 369 UNIVEns.
1619 347 1748 368 PARIS.
2226 333 2323 369 [1391

555 411 649 437 neutri
663 415 745 436 erant
757 411 848 445 magis
864 410 966 437 idonei.
980 410 1089 436 Deinde
1103 410 1175 444 dico,
1192 409 1268 445 quod
1281 409 1338 435 ista
1350 408 1471 434 materia
1479 416 1533 443 per
1543 408 1625 443 prius
1638 407 1761 433 debebat
1775 407 1880 432 discuti
1891 415 1943 443 per
1955 406 2084 432 doctores
2097 406 2222 441 ecclesie,
2240 415 2325 442 quam

557 460 593 485 ab
614 459 715 495 aliqua
727 463 813 495 parte
827 459 996 495 simpliciter
1011 460 1110 485 teneri.
1131 460 1215 485 Omne
1237 459 1309 484 enim
1325 457 1441 483 dubium
1458 457 1486 482 in
1503 456 1562 491 fide
1574 465 1628 492 per
1643 457 1725 493 prius
1740 456 1824 482 debet
1843 455 1950 481 discuti
1962 464 2015 491 per
2029 455 2159 481 doctores
2175 455 2322 489 ecclesiae,

557 517 641 543 quam
653 517 707 544 per
718 508 847 544 prelatos
862 508 1056 534 determinari.
1074 508 1120 533 Ad
1135 508 1185 533 hoc
1202 507 1272 533 enim
1287 510 1353 532 sunt
1368 506 1497 531 doctores
1512 506 1541 531 in
1556 505 1677 531 ecclesia
1694 509 1724 531 ut
1741 505 1914 540 discernant,
1931 504 2001 540 quid
2015 513 2114 539 verum,
2133 503 2203 539 quid
2216 503 2325 539 salsum

557 558 584 582 in
599 556 666 591 fide,
685 561 712 582 et
723 556 832 592 prelati
849 556 981 582 discussa
997 560 1023 582 et
1038 556 1229 582 determinata
1241 564 1295 591 per
1310 564 1357 580 eos
1373 554 1479 580 habent
1493 554 1704 580 sententialiter
1718 553 1853 588 definire*
1872 563 1896 580 s.
1921 554 1999 579 Rom.
2018 553 2154 589 pontifex
2173 552 2324 587 (Clemens)

556 605 700 639 negligens
716 609 758 631 est
772 605 807 631 de
820 609 902 630 tanta
918 605 1069 630 duratione
1090 604 1279 630 sclzismatis‘l.
1303 603 1412 629 Multae
1430 603 1491 628 viae
1506 607 1572 628 sunt
1583 611 1636 638 per
1651 611 1724 638 quas
1736 603 1879 638 potuisset
1890 611 2047 639 procurare
2068 602 2206 627 unionem.
2226 601 2325 627 Prima

557 653 608 688 via,
627 657 655 679 et
673 654 787 689 quidem
805 654 966 688 justissima
987 657 1014 679 et
1029 653 1297 686 rationabilissima,
1320 661 1335 678 «
1355 651 1509 677 secundum
1529 651 1605 687 quod
1624 651 1702 677 alias
1718 651 1909 688 pretendebat
1927 650 2021 676 Paris.
2045 650 2218 676 Universitas
2234 659 2258 685 ῃ
2283 653 2326 676 est

555 703 719 729 Concilium
734 703 891 736 generale³.
910 702 986 728 Illud
1001 711 1117 727 renuere
1138 702 1165 727 in
1188 701 1284 727 multis
1299 704 1403 726 causat
1423 699 1602 727 scandalum.
1625 700 1721 726 Minus
1737 704 1808 736 apta
1829 700 1882 734 via,
1903 708 1918 725 ι
1934 708 1988 735 que
2007 699 2044 724 ab
2065 698 2212 734 aliquibus
2233 699 2326 733 tangi-

556 754 601 776 tur
612 761 635 785 »,
654 755 729 777 esset
744 755 774 776 ut
787 751 836 777 hoc
850 751 990 785 negotium
1004 759 1018 776 «
1034 751 1117 777 certis
1129 750 1274 784 deputatis
1288 750 1324 776 ab
1338 751 1463 783 utraque
1477 751 1559 783 parte
1573 750 1808 776 committeretur
1822 751 1850 776 et
1862 749 1898 775 ab
1913 749 1952 775 eis
1966 748 2175 775 terminaretur
2189 757 2212 774 ›.
2230 748 2326 774 Tertia

558 800 610 834 via,
624 809 708 835 quam
720 800 865 825 debuisset
878 808 1032 835 procurare
1047 803 1201 833 antequam
1212 802 1321 823 tantum
1337 798 1472 823 durasset
1482 797 1615 832 schisma,
1634 802 1677 823 est
1691 798 1860 824 renuntiare
1871 797 1967 824 officio
1980 796 2128 831 papatus&
2143 796 2325 831 Negligentia

551 848 699 884 pontificis
715 852 741 874 et
756 848 953 884 praelatorum
969 851 1011 873 est
1027 847 1248 880 inexcusabilis,·
1270 849 1399 881 fecerunt
1414 850 1444 872 ut
1459 846 1569 881 medici,
1588 846 1637 882 qui
1652 855 1667 872 «
1679 855 1731 882 per
1743 847 1777 873 12
1792 855 1882 872 annos
1896 855 1911 871 »
1927 849 2079 882 expectant
2096 845 2250 871 remedium
2265 853 2326 871 cor·-

553 898 617 932 pori
636 898 747 931 infirmo
770 905 922 932 apponere.
940 895 1149 922 Inexcusabilis
1171 896 1257 921 etiam
1282 895 1456 930 negligentia
1475 895 1620 921 doctorum
1638 895 1788 931 potissime
1811 894 2008 921 Universitatis
2029 894 2135 929 Paris.,
2154 894 2203 930 qui
2220 902 2275 920 non
2294 897 2325 919 ut

554 945 711 971 debuerunt
721 945 977 971 determinaverunt
991 948 1018 970 et
1028 944 1245 980 disputaverunt
1260 944 1294 969 de
1308 944 1368 970 lzoc.
1386 943 1602 970 Inexcusabiles
1617 952 1697 978 reges
1711 947 1737 969 et
1748 944 1903 980 principes.

590 996 621 1020 In
637 996 666 1021 4⁰
681 994 802 1020 articulo
818 993 943 1028 discutit,
965 993 1005 1019 ad
1020 1002 1090 1028 quos
1112 997 1220 1029 spectet
1236 993 1410 1027 negligentes
1428 1002 1549 1027 arguere
1563 1002 1572 1019 :
1587 992 1627 1018 ad
1639 993 1813 1029 pontificem,
1831 992 1872 1018 ad
1888 992 2026 1027 doctores,
2044 992 2085 1018 ad
2100 992 2172 1018 viros
2188 991 2324 1018 ecclesia-

552 1043 647 1068 sticos.

588 1093 620 1122 In
634 1093 663 1117 5⁰
679 1095 730 1117 art.
749 1092 818 1125 agit,
837 1090 975 1125 quomodo
991 1089 1157 1126 specialiter
1172 1090 1211 1115 ad
1231 1091 1446 1116 Universitatem
1459 1090 1553 1116 Paris.
1571 1094 1680 1126 spectet
1697 1090 1834 1126 prosequi
1853 1090 1984 1116 unionem
2006 1089 2170 1115 ecclesiae5.
2187 1090 2323 1115 Doctores

550 1143 615 1165 sunt
628 1143 658 1165 ut
674 1139 748 1165 ratio
764 1139 885 1173 dictans,
902 1138 1033 1174 praelati
1049 1142 1079 1164 ut
1095 1138 1231 1165 voluntas.
1255 1139 1428 1165 Universitas
1443 1140 1537 1166 Paris.
1558 1148 1619 1166 vero
1637 1139 1723 1165 habet
1738 1139 1866 1165 doctores
1881 1138 2065 1165 solemniores
2080 1146 2246 1174 quocunque
2263 1137 2322 1164 alio

550 1188 675 1222 collegio.
694 1189 740 1213 Ea:
755 1197 808 1223 quo
820 1191 904 1223 patet
919 1196 996 1214 error
1016 1187 1128 1213 illorum
1150 1187 1311 1222 dicentium,
1335 1197 1349 1213 «
1370 1188 1585 1214 Universitatem
1600 1189 1695 1214 Paris.
1713 1188 1790 1214 nullo
1806 1187 1887 1214 modo
1907 1187 1942 1213 de
1958 1187 2015 1213 ista
2033 1187 2155 1213 materia
2172 1195 2203 1213 se
2220 1186 2322 1213 debere

551 1237 735 1262 intromittere
754 1246 779 1271 »‚
804 1246 865 1262 cum
884 1236 952 1272 plus
972 1236 1011 1261 ad
1028 1245 1091 1262 eam
1111 1240 1226 1272 spectet,
1245 1245 1331 1272 quam
1351 1237 1391 1262 ad
1410 1237 1494 1272 alios,
1522 1237 1604 1263 immo
1624 1237 1716 1272 magis
1736 1245 1821 1272 quam
1841 1236 1881 1262 ad
1899 1240 2007 1262 coetum
2025 1236 2231 1272 praelatorum,
2255 1244 2322 1261 nam

549 1294 563 1311 ε(
580 1285 700 1311 ecclesia
715 1285 878 1311 doctoribus
896 1285 980 1310 istius
1005 1285 1202 1310 Universitatis
1218 1285 1297 1311 dedit
1311 1286 1511 1311 auctoritatem
1527 1286 1678 1312 scolastice
1700 1285 1912 1311 determinandi
1927 1289 1954 1311 et
1975 1284 2147 1321 disputandi
2161 1284 2196 1310 de
2212 1285 2254 1310 eis
2269 1292 2322 1320 que

547 1333 633 1368 fidem
656 1338 825 1359 concernunt
845 1343 870 1360 ».
893 1333 940 1359 Ad
967 1334 1181 1360 Universitatem
1204 1335 1297 1360 Paris.
1318 1335 1443 1370 pertinet
1463 1343 1584 1369 arguere
1607 1334 1790 1369 negligentes,
1816 1338 1846 1360 ut
1863 1333 2013 1370 praelatos
2035 1337 2063 1360 et
2081 1334 2205 1359 maxime
2229 1341 2322 1368 regem

548 1383 696 1417 Franciae,
715 1383 783 1418 quia
802 1382 1058 1408 christianissimus
1077 1386 1120 1408 est
1135 1386 1161 1408 et
1177 1392 1191 1408 ‹
1204 1387 1317 1418 partem
1336 1383 1485 1409 Clementis
1504 1384 1627 1409 maxime
1644 1384 1714 1418 fovit
1731 1387 1759 1409 et
1772 1383 1889 1410 nutrivit
1904 1393 1929 1409 ›.
1952 1383 2030 1409 Unde
2044 1382 2070 1408 si
2087 1382 2232 1417 negligens
2248 1385 2323 1408 esset

548 1432 576 1457 in
589 1431 773 1467 procuranda
788 1431 897 1465 unione,
917 1431 1124 1466 quodammodo
1141 1431 1282 1457 videretur
1297 1441 1359 1458 esse
1372 1441 1462 1458 causa
1478 1433 1640 1458 durationis
1655 1432 1827 1458 schismatis.

583 1482 652 1507 11160
664 1480 785 1505 articulo
801 1484 914 1514 tractat,
927 1479 1065 1515 quomodo
1075 1489 1230 1516 procurare
1246 1481 1375 1507 unionem
1385 1481 1530 1517 pertineat
1541 1481 1581 1507 ad
1589 1485 1760 1517 potestatem
1773 1480 1960 1506 saecularem.
1975 1480 2123 1514 Indirecte,
2135 1488 2190 1506 non
2203 1479 2319 1506 directe.

584 1531 615 1554 In
632 1530 660 1555 7ο
675 1529 796 1554 articulo
811 1529 872 1563 ugit
887 1532 985 1554 contra
1001 1538 1015 1554 ‹
1031 1529 1201 1563 facultatem
1221 1529 1325 1556 decret.
1343 1539 1358 1556 »
1373 1530 1467 1556 Paris.
1489 1534 1672 1565 asserentem,
1691 1529 1934 1566 supersedendum
1956 1538 2018 1555 esse
2041 1530 2138 1565 usque,
2153 1528 2193 1554 ad
2212 1532 2322 1565 tempus

547 1578 582 1603 de
594 1578 797 1615 prosecutione*
812 1577 923 1603 unionis
940 1577 1078 1603 ecclesiae
1093 1582 1212 1614 propter
1227 1583 1411 1615 praeceptum
1435 1579 1519 1614 regis.
1536 1581 1589 1605 Ast
1607 1579 1647 1604 ad
1664 1588 1757 1613 regem
1773 1579 1824 1604 Ιιοε
1839 1587 1894 1604 non
1908 1582 2028 1614 spectat,
2051 1578 2107 1603 nisi
2126 1577 2208 1604 modo
2226 1586 2321 1603 acces-

548 1627 631 1652 sorio.
650 1626 726 1652 Idem
747 1626 895 1651 dicendum
912 1626 946 1652 de
965 1635 1016 1652 suo
1033 1627 1160 1653 consilio,
1183 1628 1240 1652 Nec
1260 1627 1346 1653 etiam
1364 1628 1559 1654 desistendum
1581 1637 1599 1653 a
1618 1627 1827 1664 prosecutione,
1849 1631 1878 1653 ut
1895 1627 2023 1653 voluntas
2038 1628 2118 1653 Rom.
2132 1626 2280 1663 pontificis
2295 1629 2323 1652 et

549 1675 670 1701 aliorum
683 1675 879 1711 praelatorum
893 1679 1067 1711 captaretur.
1089 1675 1163 1709 Quid
1178 1676 1251 1702 enim
1266 1680 1378 1702 noceret
1389 1677 1522 1712 pontifici
1537 1681 1564 1703 ct
1579 1676 1657 1711 aliis,
1673 1677 1764 1712 siper
1778 1676 1907 1702 doctores
1922 1676 2017 1702 Paris.
2037 1676 2140 1701 veritas
2153 1675 2321 1709 manifesta-

548 1728 625 1750 retur
640 1728 666 1750 et
681 1724 802 1749 materia
813 1724 964 1750 scolastice
972 1718 1229 1750 determinaretur?
1239 1727 1324 1751 Immo
1336 1725 1386 1751 ltoc
1398 1726 1515 1752 multum
1523 1726 1638 1760 juvaret
1650 1726 1825 1759 Clementem,
1837 1725 1938 1760 «quia,
1955 1728 1985 1750 ut
1999 1724 2112 1759 dicitur,
2132 1724 2175 1750 illi
2187 1724 2222 1750 de
2235 1732 2323 1760 oppo-

548 1773 605 1798 sita
622 1773 753 1808 opinione
767 1772 921 1798 maximam
936 1772 1105 1798 adhiberent
1117 1773 1212 1808 fidem,
1226 1775 1252 1800 si
1266 1774 1391 1800 viderent
1406 1774 1482 1810 quod
1497 1774 1626 1801 doctores
1642 1774 1736 1800 Paris.
1755 1774 1841 1800 istam
1857 1774 2009 1800 materiam
2021 1773 2175 1799 scolastice
2190 1772 2324 1799 determi-

549 1821 667 1847 narentG
682 1830 707 1847 ».
725 1830 740 1847 (<
762 1821 874 1846 Domini
888 1821 993 1856 jur-iste
1014 1825 1041 1847 et
1056 1822 1109 1847 alii
1124 1822 1159 1847 de
1177 1826 1263 1858 parte
1283 1827 1381 1848 nostra
1403 1824 1496 1849 sciunt
1523 1823 1688 1849 Clementem
1709 1832 1771 1849 esse
1783 1831 1938 1859 papam...,
1956 1822 2052 1848 etalii
2072 1822 2123 1848 hoc
2143 1822 2320 1857 ignorant...‚

550 1871 636 1905 igitur
647 1870 714 1906 plus
735 1878 886 1906 peccamus
909 1870 1087 1905 impediendo
1110 1880 1156 1896 eos
1172 1880 1205 1897 ne
1224 1872 1336 1897 veniant
1360 1872 1399 1897 ad
1424 1872 1525 1898 bonam
1549 1872 1686 1906 unionem,
1711 1881 1795 1907 quam
1820 1872 1933 1906 ipsimet
1957 1870 2136 1907 impediendo
2161 1870 2324 1906 hujusmodi

550 1919 688 1945 unionem.
706 1920 752 1944 Ex
769 1927 822 1953 quo
839 1919 969 1954 sequitur·
991 1919 1066 1954 quod
1086 1919 1159 1946 illud
1170 1925 1334 1956 preceptum
1349 1920 1385 1946 de
1402 1921 1573 1947 correctione
1587 1923 1719 1955 fraterna
1736 1921 1828 1955 magis
1851 1920 1961 1954 obligat
1975 1929 2026 1945 nos
2049 1928 2134 1955 quam
2150 1919 2228 1956 ipsos
2246 1918 2321 1955 (scil.

549 1968 643 2004 partis
663 1967 810 2001 adversae,
826 1967 992 2002 Bonifacii),
1009 1969 1077 2003 quia
1093 1968 1174 1994 nobis
1194 1973 1307 1995 constat
1326 1970 1403 2005 ipsos
1424 1979 1485 1996 esse
1509 1970 1537 1996 in
1553 1970 1682 2006 periculo
1705 1969 1933 2006 dampnacionis,
1952 1977 2013 1994 cum
2033 1977 2087 1994 non
2108 1968 2227 1994 credant
2248 1967 2324 2004 quod
2354 1998 2359 2002 ,

551 2017 685 2042 deberent
699 2016 827 2050 credere,
842 2016 883 2041 sic
899 2020 992 2042 autem
1008 2026 1063 2042 non
1079 2021 1121 2042 est
1138 2017 1173 2043 de
1188 2018 1260 2054 ipsis
1276 2019 1380 2054 (partis
1398 2018 1556 2052 adversae),
1571 2019 1640 2054 quia
1656 2019 1722 2045 licet
1737 2018 1863 2053 credant,
1882 2022 1977 2043 tamen
1991 2017 2067 2052 false
2085 2017 2219 2043 credunt⁷
2234 2026 2259 2044 ».
2277 2016 2324 2043 Ad

557 2065 770 2091 Universitatem
787 2073 851 2099 crgo
865 2066 988 2100 pertinet
1010 2074 1057 2091 eos
1080 2066 1222 2101 reducere,
1243 2076 1297 2093 non
1315 2067 1355 2092 ad
1370 2068 1448 2103 ipsos
1468 2076 1518 2093 nos
1538 2067 1682 2094 reducere.
1706 2068 1736 2093 Si
1756 2067 1843 2102 igitur
1861 2066 1990 2101 facultas
2010 2066 2114 2092 decret.
2131 2074 2214 2092 suam
2228 2074 2324 2096 asser->

552 2115 653 2140 tionem
668 2114 855 2150 pertinaciter
867 2118 980 2148 teneret,
998 2119 1072 2140 esset
1086 2119 1221 2151 suspecta
1237 2116 1265 2141 in
1279 2116 1349 2150 fide.

1782 2152 1823 2179 An.
1839 2153 1911 2182 1391,
1925 2152 2038 2178 Parisiis.

558 2224 620 2247 Cod.
638 2224 695 2247 vat.
717 2224 763 2246 lat.
778 2224 849 2251 4927,
870 2223 915 2247 sol.
935 2224 1032 2247 86-100.
1055 2225 1192 2248 Tructutus
1213 2225 1325 2257 incipit:
1348 2235 1360 2247 et
1379 2226 1486 2254 Questio
1510 2230 1550 2250 est
1571 2227 1631 2255 ista,
1655 2230 1744 2250 utrum
1766 2226 1849 2252 Paris.
1870 2225 2035 2249 Universitas
2057 2225 2090 2248 ad
2111 2225 2323 2256 prosequendum

465 2269 584 2291 unionem
602 2267 708 2291 ecclesie
729 2267 761 2290 ad
777 2275 879 2298 semper
891 2271 916 2290 et
930 2276 978 2298 pro
992 2277 1095 2299 semper
1112 2269 1243 2300 obligetur
1259 2280 1280 2293 ».
1297 2270 1397 2293 Desinit
1413 2279 1418 2294 z
1436 2281 1448 2292 «
1465 2271 1542 2294 modo
1557 2274 1632 2302 pater
1649 2274 1751 2294 tenetur
1765 2278 1908 2302 procurare
1925 2270 2023 2293 bonum
2037 2269 2097 2299 filie,
2111 2269 2185 2292 sicud
2200 2272 2323 2293 econtra:

466 2313 545 2344 igitur
558 2315 606 2335 etc.
621 2321 643 2335 ».
657 2311 793 2334 Terminus
805 2319 822 2335 a
832 2318 884 2342 quo
900 2315 939 2335 est
954 2312 1087 2335 silentium
1102 2322 1149 2344 per
1164 2322 1250 2345 regem
1268 2315 1439 2338 Universituti
1452 2315 1587 2344 indictum,
1599 2316 1667 2347 quod
1678 2323 1761 2347 usque
1777 2315 1809 2338 ad
1822 2318 1933 2338 mortem
1948 2313 2089 2338 Clementis
2105 2314 2138 2337 ab
2151 2321 2192 2336 an.
2208 2314 2268 2337 1390
2282 2313 2323 2337 his

466 2357 567 2381 evenit:
585 2365 626 2380 nn.
643 2356 776 2378 1390-1391
794 2356 856 2384 (vid.
872 2360 922 2379 n¹¹¹¹¹
935 2357 1003 2386 1661)
1018 2360 1043 2380 ct
1057 2366 1099 2381 on.
1117 2358 1176 2381 1394
1191 2362 1251 2389 post
1265 2359 1329 2382 Julii
1346 2360 1374 2383 25
1390 2361 1427 2389 (n0
1442 2360 1522 2389 1691),
1537 2360 1581 2392 qui
1594 2363 1634 2384 est
1646 2360 1725 2383 etiam
1737 2359 1864 2383 terminus
1878 2360 1915 2383 ad
1929 2365 2023 2389 quem.
2039 2358 2089 2381 Sed
2104 2358 2137 2381 ad
2152 2358 2219 2381 hanc
2233 2361 2324 2389 poste—

466 2402 561 2425 riorem
580 2403 760 2431 tempestatem
776 2408 826 2422 non
841 2400 971 2431 pertinere
988 2401 1091 2424 videtur
1103 2405 1240 2430 tractatus,
1254 2403 1280 2426 in
1291 2412 1341 2435 quo
1357 2404 1477 2428 diversae
1492 2404 1658 2436 quaestiones
1669 2405 1756 2427 minus
1767 2407 1869 2427 mature
1885 2406 2039 2431 tractantur,
2055 2410 2134 2434 quam
2150 2402 2176 2425 in
2194 2402 2325 2426 Schedula

467 2445 597 2469 communi
610 2444 745 2467 Februarii
760 2444 829 2472 1394,
847 2444 872 2466 in
888 2445 965 2475 epist.
983 2446 1054 2468 Junii
1074 2448 1088 2469 6
1103 2447 1166 2469 etin
1181 2448 1286 2471 Punctis
1302 2457 1350 2479 pro
1370 2451 1483 2472 tractatu
1503 2450 1692 2480 componendo.
1707 2449 1758 2472 Ncc
1778 2449 1824 2471 illa
1838 2450 1980 2479 tempestas
2002 2450 2073 2470 tanto
2097 2446 2210 2475 duravit,
2227 2449 2256 2470 ut
2275 2447 2324 2471 fue.

467 2489 613 2519 theologiae
628 2488 763 2518 insurgere
778 2488 892 2518 potuerit
907 2492 997 2512 contra
1011 2491 1059 2513 sac.
1076 2491 1183 2520 decret,
1196 2500 1262 2522 quae
1275 2492 1383 2523 insuper
1397 2496 1458 2516 tunc
1474 2497 1502 2516 ut
1517 2494 1583 2516 aliae
1596 2494 1734 2516 facultates
1752 2501 1779 2516 se
1794 2492 1932 2515 interdicto
1949 2491 2105 2522 opponendo
2121 2499 2183 2514 suus
2200 2490 2325 2514 lectiones

470 2533 615 2565 suspendit.
631 2533 740 2562 Propter
757 2532 804 2554 hoc
823 2535 963 2555 tractatum
985 2534 1017 2556 ud
1033 2534 1199 2558 interdictum
1221 2536 1324 2567 regium
1340 2545 1381 2560 an.
1399 2538 1535 2561 1390-1391
1554 2538 1701 2567 referimus,
1718 2537 1787 2569 quod
1805 2537 1830 2560 in
1848 2536 1906 2567 ipso
1928 2538 2041 2559 tractatu
2061 2535 2194 2564 annuitur,
2212 2543 2271 2558 cum
2287 2535 2325 2559 ibi

469 2577 579 2609 praelati
597 2576 721 2599 ecclesiae
736 2575 842 2598 medicis
857 2581 1050 2610 comparentur,
1067 2579 1111 2609 qui
1123 2586 1175 2609 per
1190 2580 1218 2602 12
1235 2587 1325 2605 annos
1342 2582 1486 2605 remedium
1501 2582 1606 2613 corpori
1623 2585 1730 2613 aegroto
1745 2581 1838 2604 afferre
1858 2580 1990 2604 differunt.
2008 2580 2036 2603 ln
2050 2582 2165 2603 tractatu
2179 2579 2325 2611 reperimus

468 2623 576 2653 insuper
591 2620 677 2643 omnia
692 2620 818 2642 clementa
836 2628 916 2651 supra
933 2625 961 2643 11⁰
981 2622 1039 2645 1661
1057 2627 1214 2654 enumerata,
1230 2628 1344 2648 ceterum
1363 2630 1455 2657 postea
1470 2627 1549 2650 etiam
1564 2626 1658 2650 iterum
1676 2626 1822 2657 iterumque
1837 2625 1925 2648 allatu.
1947 2624 2090 2654 Quaedam,
2107 2632 2132 2647 v.
2149 2632 2174 2655 g.
2192 2624 2224 2647 de
2238 2624 2326 2648 deter—

470 2665 610 2690 minatione
628 2664 787 2695 quaestionis
804 2665 878 2686 modo
895 2665 1058 2696 scholastico,
1072 2667 1126 2698 jam
1143 2669 1268 2692 Hem-icus
1284 2670 1315 2693 de
1329 2671 1423 2693 llassia
1438 2670 1464 2694 in
1480 2679 1527 2694 suu
1545 2671 1673 2701 Epistola
1686 2670 1762 2701 pacis
1776 2669 1905 2701 expressit
1918 2669 1980 2699 (vid.
1996 2672 2049 2692 not.
2063 2670 2077 2691 4
2090 2672 2115 2692 et
2127 2670 2151 2698 6,
2168 2671 2193 2692 et
2204 2672 2233 2691 n⁰
2245 2668 2325 2700 1629).

563 2709 600 2732 Ad
614 2708 691 2730 istam
706 2707 809 2730 circiter
822 2711 1001 2739 tempestatem
1017 2711 1095 2740 (1391,
1107 2712 1226 2735 Januarii
1242 2715 1264 2743 G)
1280 2715 1394 2744 pertinet
1407 2715 1535 2738 Johannis
1551 2715 1651 2739 Gerson
1665 2723 1751 2737 sermo
1766 2714 1844 2744 (Opp.
1858 2714 1899 2737 ed.
1914 2713 2010 2744 Dupin‚
2023 2713 2067 2741 111,
2083 2714 2137 2742 990,
2154 2712 2218 2744 993),
2233 2712 2260 2735 in
2275 2720 2326 2744 quo

468 2754 564 2778 asserit
579 2763 590 2774 «
605 2753 660 2784 jam
674 2758 726 2781 per
742 2752 867 2782 spatium
881 2752 924 2782 xij
941 2760 1085 2779 annorum
1101 2766 1113 2777 ιι
1132 2757 1288 2781 divisionem
1311 2767 1376 2787 csse,
1398 2767 1538 2791 regemque
1558 2760 1596 2782 sic
1617 2759 1761 2790 alloquitur
1782 2766 1788 2782 ι
1805 2768 1817 2780 «
1839 2766 1885 2781 nec
1907 2757 1998 2781 dubito
2019 2757 2091 2788 quin,
2109 2757 2132 2780 si
2148 2757 2204 2788 jum
2221 2756 2326 2788 pridem

468 2797 584 2823 fuissetis
599 2797 755 2820 informatus
775 2796 806 2818 de
820 2796 877 2824 hoc,
894 2797 962 2827 quod
978 2798 1126 2822 humillima
1145 2804 1169 2824 ct
1184 2801 1278 2825 devota
1296 2803 1351 2826 filia
1371 2804 1454 2827 Paris.
1476 2803 1641 2827 Universitas
1660 2803 1736 2827 vobis
1751 2802 1835 2826 voluit
1850 2810 1929 2833 super
1949 2802 1998 2824 hac
2015 2801 2126 2825 materia
2144 2801 2288 2830 declarare,
2301 2804 2327 2825 et

466 2844 552 2874 ipsam
575 2840 748 2864 libentissime
769 2840 939 2864 audissetis...
961 2842 1022 2866 Non
1044 2844 1194 2874 difficulter
1212 2847 1346 2876 queritur
1369 2849 1455 2872 vid...
1477 2849 1527 2872 Pro
1552 2847 1703 2879 hujusmodi
1728 2847 1879 2871 schismatis
1902 2846 2047 2870 cessatione
2068 2846 2155 2869 nullas
2175 2834 2261 2869 adhue
2284 2853 2326 2870 me

465 2887 562 2910 vidisse
576 2884 631 2908 fieri
643 2884 772 2907 orationes
786 2886 811 2906 et
824 2885 958 2914 generales
973 2894 1019 2916 per
1034 2888 1168 2911 ecclesiam
1185 2891 1374 2920 processiones,
1390 2900 1436 2915 nec
1447 2893 1524 2916 etiam
1536 2892 1636 2925 jejunia
1651 2894 1757 2916 fuerunt
1770 2891 1868 2914 indicta
1882 2901 1905 2916 ›¹-
