2488 3386
435 364 496 397 172
1009 370 1325 393 cuAn‘i-ULARIUM
1360 370 1548 391 UNivEns.
1585 369 1713 391 PARIS.
2124 370 2126 372 ·
2195 355 2292 391 [1367

433 449 557 487 Patou,
583 447 672 479 adeo
694 446 738 478 de
765 446 995 490 projeccione
1017 445 1173 489 lapidum
1196 443 1403 488 hujusmodi
1432 443 1467 475 in
1490 443 1617 475 eodem
1640 442 1775 475 insultu
1802 448 2070 487 percusserant,
2093 441 2190 486 quod
2211 453 2292 474 eum

433 514 469 545 in
490 514 568 546 vico
590 520 756 556 tanquam
779 519 956 544 mortuum
980 516 1246 556 prostraverant
1271 522 1310 542 ac
1332 516 1485 553 quatuor
1506 509 1665 541 dentium
1689 520 1833 541 suarum
1856 508 1893 540 in
1914 509 1993 552 ejus
2014 519 2077 540 ore
2098 519 2140 540 ex
2160 507 2293 540 ictibus

433 579 641 623 hujusmodi
671 585 851 622 ruperant,
880 589 1034 622 eumque
1055 576 1142 609 alias
1169 575 1413 608 diversimode
1441 575 1600 607 leserant
1620 581 1654 607 et
1674 574 1964 614 vulneraverant,
1987 574 2076 607 adeo
2098 574 2193 618 quod
2223 574 2291 618 ipsi

432 645 535 678 miles
557 652 590 677 et
621 645 680 677 alii
709 656 828 677 secum
862 644 1058 676 existentes
1080 643 1231 675 eundem
1265 642 1482 674 servientem
1505 642 1733 674 interfectum
1757 647 1790 673 et
1816 641 1975 673 occisum
2006 641 2121 673 fuisse
2151 647 2184 673 et
2210 652 2292 673 esse

430 712 670 752 crediderant,
693 723 731 743 ae
752 711 929 755 quendam
962 721 1130 754 grossum
1160 708 1313 753 lapidem
1343 719 1454 752 super
1481 719 1586 752 equm
1615 708 1732 752 ipsius
1759 707 1884 740 militis
1913 707 2030 740 taliter
2051 708 2290 752 projecerant,

431 778 528 822 quod
550 778 644 810 idem
667 789 757 821 equs
778 776 824 809 ob
845 776 912 808 hoc
934 776 1034 808 lesus
1051 782 1086 807 et
1107 774 1354 819 multipliciter
1376 774 1605 818 perterritus,
1627 786 1666 806 ac
1688 774 1782 806 idem
1804 773 1909 806 miles
1926 774 2042 818 capite
2063 785 2135 806 non
2157 779 2291 806 armato

430 844 589 876 existens
610 843 645 875 in
667 843 775 875 altera
799 842 962 874 tibiarum
987 853 1130 874 suarum
1154 841 1253 872 lesus
1275 840 1476 872 extiterant.
1500 840 1606 882 Quod
1629 840 1757 873 videns
1780 840 1898 872 dictus
1919 839 2037 880 miles,
2060 851 2105 872 ne
2129 839 2291 872 deterius

428 910 512 942 inde
540 910 780 954 contingeret,
803 908 978 952 quandam
1002 908 1145 940 domum
1176 907 1413 951 propinquam
1437 906 1531 939 dicte
1561 906 1696 947 domui,
1719 907 1755 938 in
1783 918 1851 951 qua
1878 906 2100 939 rebelliones
2130 905 2291 951 predicte

429 976 480 1009 sic
501 976 645 1014 fiebant,
670 982 708 1008 ut
737 975 928 1020 prefertur,
952 974 1158 1013 intraverat,
1181 980 1215 1005 etv
1236 979 1273 1005 ut
1294 973 1459 1017 potencia
1480 979 1603 1006 nostra
1625 973 1838 1018 prevaleret,
1863 979 1900 1005 ut
1923 973 1985 1017 jus
2012 973 2128 1005 fuerat
2147 979 2182 1005 et
2202 978 2291 1013 erat,

428 1043 603 1088 quandam
622 1042 793 1086 parietem
812 1041 887 1074 sive
905 1052 1060 1079 murum,
1078 1040 1279 1072 clausuram
1302 1040 1461 1084 ipsarum
1480 1040 1669 1072 domorum
1686 1040 1890 1083 facientem,
1909 1046 1948 1072 ut
1968 1051 2032 1084 per
2052 1038 2153 1072 illum
2172 1038 2290 1072 locum

426 1109 462 1141 in
484 1109 611 1141 dietam
638 1109 782 1140 domum
805 1107 965 1151 ipsorum
989 1106 1151 1151 magistri
1182 1106 1277 1138 Petri
1299 1112 1334 1138 et
1360 1107 1439 1150 ejus
1469 1106 1662 1138 scolarium
1684 1106 1818 1138 intrare
1839 1112 1872 1138 et
1901 1117 1964 1138 eos
1987 1117 2115 1150 capere
2141 1105 2290 1146 valeret,

426 1177 470 1209 de
490 1175 629 1208 malleis
650 1174 832 1207 fabrorum
856 1179 999 1218 ruperat
1020 1179 1054 1205 et
1082 1173 1339 1217 perforaverat,
1365 1184 1404 1205 ac
1425 1173 1542 1217 rumpi
1570 1179 1603 1205 et
1633 1172 1810 1218 perforari
1837 1173 1982 1205 fecerat.
2005 1173 2082 1214 Qua
2112 1172 2291 1217 perforata

424 1243 493 1287 ipsi
515 1242 688 1282 scolares,
710 1241 746 1273 in
768 1240 973 1273 omnimoda
995 1239 1197 1272 rebellione
1218 1239 1471 1284 persistentes,
1494 1239 1637 1284 gladios
1661 1239 1780 1272 nudos
1801 1251 1880 1272 cum
1908 1239 2044 1272 lanceis
2065 1250 2130 1271 seu
2151 1237 2291 1271 baculis

423 1308 608 1353 cuspideis
625 1308 669 1340 de
687 1307 852 1339 Flandria
873 1307 909 1339 in
925 1305 1164 1339 foraminibus
1184 1305 1394 1350 hujusmodi
1415 1306 1591 1339 adversus
1613 1306 1713 1351 ipsos
1730 1305 1879 1338 militem
1898 1312 1933 1338 et
1952 1317 2073 1338 secum
2093 1305 2291 1338 existentes

424 1381 620 1420 posuerant
640 1381 673 1406 ct
694 1374 894 1413 affixerant,
918 1379 952 1405 et
979 1373 1122 1405 demum
1151 1372 1260 1405 iidem
1285 1373 1457 1419 magister
1477 1374 1606 1405 Petrus
1627 1379 1662 1405 et
1687 1373 1847 1405 scolares
1876 1384 1940 1417 per
1960 1372 2052 1405 viam
2079 1371 2290 1416 hujusmodi

423 1441 601 1486 compulsi
634 1441 701 1485 ipsi
733 1440 836 1472 militi
869 1439 922 1471 eis
953 1439 1175 1484 promittenti
1207 1438 1340 1471 nullam
1372 1439 1540 1484 injuriam
1570 1440 1701 1480 facere,
1734 1446 1841 1484 prout
1870 1451 1936 1471 nec
1967 1439 2113 1479 fecerat,
2144 1437 2291 1471 nomine

423 1515 547 1540 nostro
569 1519 607 1539 se
630 1506 875 1539 reddiderant.
898 1505 1039 1548 Quibus
1069 1506 1120 1538 sic
1151 1505 1304 1538 redditis
1332 1512 1367 1538 et
1398 1505 1434 1538 in
1455 1506 1577 1538 eadem
1607 1506 1715 1538 domo
1743 1517 1806 1538 sua
1829 1505 1956 1550 captis,
1978 1505 2057 1550 ipse
2084 1504 2189 1537 miles
2214 1515 2291 1537 ser-

422 1574 605 1607 vientibus
627 1573 762 1605 nostris
783 1579 818 1605 et
839 1572 918 1605 aliis
944 1572 1078 1604 ibidem
1099 1572 1341 1605 existentibus
1365 1572 1502 1617 pluries
1524 1572 1638 1617 palam
1662 1579 1697 1605 et
1724 1572 1868 1617 publice
1893 1584 1936 1604 ex
1958 1578 2056 1616 parte
2078 1578 2201 1604 nostra
2222 1569 2291 1604 sub

424 1641 521 1673 omni
543 1652 632 1685 pena
655 1646 689 1672 et
710 1639 873 1679 emenda,
897 1650 1001 1683 quam
1022 1650 1107 1683 erga
1130 1650 1196 1671 nos
1218 1639 1406 1671 incurrere
1423 1645 1587 1684 possent,
1610 1638 1830 1680 inhibuerat,
1852 1650 1896 1671 ne
1914 1638 2105 1683 quisquam
2126 1637 2180 1670 eis
2201 1637 2290 1681 inju-

424 1707 509 1747 rias,
539 1706 757 1751 gravamina,
788 1705 974 1738 molestias
1009 1705 1085 1738 sive
1119 1705 1271 1750 dampna
1306 1706 1424 1738 facere
1459 1712 1699 1750 presumeret.
1732 1707 1775 1738 Et
1808 1705 1941 1738 deinde
1976 1705 2084 1737 iidem
2117 1704 2292 1749 magister

422 1775 548 1806 Petrus
577 1780 611 1805 et
642 1772 801 1805 scolares
833 1784 896 1816 per
917 1772 1119 1804 servientes
1150 1779 1296 1816 nostros
1327 1772 1363 1804 in
1391 1772 1625 1805 Castelletum
1656 1760 1820 1805 nostrum
1851 1772 2056 1805 parisiense
2082 1770 2290 1816 prisionarii

421 1841 532 1881 ducti,
555 1847 590 1872 ut
624 1839 812 1884 premissis
833 1839 979 1872 attentis
1000 1839 1116 1871 suerat
1137 1845 1171 1871 et
1198 1845 1273 1871 erat
1295 1839 1457 1879 rationis,
1481 1839 1683 1872 extiterant.
1714 1840 1749 1872 Si
1770 1851 1857 1872 vero
1886 1839 1956 1884 ipsi
1986 1838 2146 1871 scolares
2171 1837 2289 1882 aliqua

422 1907 515 1939 bona
535 1919 597 1940 sua
619 1907 813 1938 amiserant
833 1905 890 1939 vel
919 1906 972 1938 cis
999 1905 1119 1950 alique
1147 1906 1280 1950 injurie
1305 1906 1417 1939 verbo
1439 1906 1515 1939 sive
1543 1907 1635 1939 facto
1666 1906 1763 1939 illate
1791 1907 1945 1946 fuerant,
1977 1905 2044 1938 hoc
2077 1916 2142 1949 per
2170 1904 2287 1949 ipsum

421 1973 568 2006 militem
591 1973 647 2005 vel
669 1973 712 2005 de
739 1985 805 2005 suo
828 1979 998 2017 precepto
1020 1984 1084 2005 seu
1106 1973 1273 2005 mandato
1295 1972 1502 2006 nullatenus
1523 1980 1706 2014 evenerat,
1729 1973 1794 2006 sed
1816 1984 1881 2017 pro
1904 1979 1978 2005 toto
2000 1983 2109 2016 posse
2131 1982 2197 2004 suo
2219 1977 2288 2003 tam

421 2040 531 2073 verbo
554 2052 656 2084 quam
680 2040 771 2071 sacto
799 2039 947 2083 pluries,
973 2045 1009 2071 ut
1037 2039 1174 2083 liquide
1203 2039 1288 2071 sciri
1316 2046 1452 2084 posset,
1476 2039 1694 2081 inhibuerat,
1718 2051 1762 2072 ne
1785 2039 1922 2072 eisdem
1952 2037 2169 2077 scolaribus,
2191 2043 2290 2082 post-

422 2119 525 2151 quam
548 2106 679 2138 redditi
701 2112 736 2137 et
755 2105 847 2149 capti
870 2106 1023 2146 fuerant,
1043 2112 1077 2138 ut
1101 2106 1293 2150 prefertur,
1316 2106 1449 2150 injurie
1465 2106 1522 2139 vel
1542 2106 1749 2151 gravamina
1770 2105 1975 2150 aliqualiter
1995 2105 2229 2145 inferrentur,
2252 2109 2291 2136 ut

422 2173 516 2205 idem
544 2172 647 2204 miles
675 2171 870 2211 asserebat,
902 2172 1024 2216 plures
1055 2171 1142 2205 alias
1169 2173 1328 2205 rationes
1356 2179 1389 2205 et
1417 2174 1507 2206 sacta
1537 2173 1580 2206 ad
1610 2173 1718 2206 finem
1746 2172 2025 2217 justificacionis
2054 2170 2207 2215 expleeti
2232 2169 2290 2202 sui

423 2239 631 2284 hujusmodi
661 2251 699 2271 ac
732 2250 796 2271 sue
826 2238 1054 2279 innocencie,
1083 2239 1327 2271 excusationis
1356 2246 1391 2272 et
1418 2239 1661 2273 absolutionis
1693 2240 1837 2285 plenius
1868 2238 2107 2284 proponendo
2137 2243 2172 2270 et
2202 2236 2290 2269 alle-

425 2306 555 2351 gando.

514 2371 654 2414 Quibus
675 2372 726 2404 sic
747 2372 847 2412 actis,
866 2378 901 2404 et
922 2372 1181 2416 prenominatis
1203 2373 1449 2406 servientibus
1470 2374 1606 2407 nostris
1627 2374 1664 2406 in
1681 2373 1777 2406 dicto
1797 2371 1994 2406 Castelleto
2016 2376 2142 2403 nostro
2162 2369 2290 2415 prisio-

427 2438 536 2471 nariis
564 2438 733 2476 detentis,
763 2449 829 2470 nos
856 2438 899 2470 ad
929 2438 1186 2482 requirendum
1214 2445 1248 2471 et
1273 2439 1461 2473 sciendum
1484 2441 1746 2485 premissorum
1768 2439 1954 2473 veritatem
1986 2437 2186 2483 pleniorem
2218 2442 2288 2468 tam

427 2517 490 2550 per
518 2505 606 2537 viam
636 2504 951 2536 extraordinariam
983 2516 1087 2549 quam
1119 2505 1350 2548 ordinariam,
1373 2507 1473 2551 juxta
1502 2507 1699 2552 predictam
1720 2506 1992 2539 ordinacionem
2019 2510 2177 2537 nostram
2207 2513 2289 2547 pre-

427 2571 630 2604 nominatos
659 2577 690 2602 et
720 2570 916 2602 nonnullos
946 2570 1036 2603 alios
1062 2571 1292 2604 consiliarios
1322 2580 1357 2605 et
1383 2574 1654 2606 commissarios
1686 2579 1846 2614 nostros,
1875 2571 2046 2605 videlicet
2074 2568 2289 2603 Parlamenti

427 2637 541 2670 nostri
570 2636 796 2681 presidentes
824 2643 858 2668 et
887 2637 1115 2670 consiliarios
1142 2650 1180 2670 ae
1208 2639 1433 2683 prepositum
1464 2647 1627 2673 nostrum
1655 2640 1896 2673 Parisiensem
1922 2638 2001 2671 viva
2026 2648 2115 2670 voce
2136 2635 2285 2680 deputa-

425 2704 543 2737 vimus
570 2709 605 2734 et
632 2702 890 2734 commisimus.
914 2703 982 2744 Qui
1012 2703 1156 2747 quidem
1179 2705 1418 2738 commissarii
1443 2707 1544 2750 juxta
1572 2713 1781 2751 preceptum
1803 2711 1967 2738 nostrum
1991 2710 2061 2736 tam
2087 2702 2131 2735 ab
2158 2700 2285 2734 oribus

426 2771 602 2803 dictorum
634 2769 891 2808 servient[i]um
922 2776 1142 2810 nostrorum,
1178 2782 1330 2814 quorum
1371 2773 1537 2805 nonnulli
1568 2773 1823 2818 questionibus
1851 2778 1887 2804 et
1916 2769 2106 2804 tormentis
2141 2768 2290 2801 fuerunt

424 2843 572 2882 propter
601 2835 667 2867 hoc
701 2835 892 2878 suppositi,
912 2842 946 2867 et
976 2835 1085 2867 eciam
1117 2835 1160 2868 ab
1190 2849 1252 2869 ore
1283 2844 1317 2870 et
1339 2839 1544 2872 testimonio
1566 2839 1748 2872 Gnidonis
1778 2837 1910 2872 Cirerii
1940 2835 2135 2870 servientis
2156 2833 2286 2874 nostri,

424 2903 556 2948 equitis
578 2901 662 2934 dicti
689 2901 874 2933 Castelleti
901 2902 1027 2942 nostri,
1053 2903 1114 2946 qui
1150 2903 1184 2934 in
1218 2905 1380 2948 predicto
1410 2906 1547 2939 insultu
1578 2906 1788 2939 interfuisse
1817 2911 1852 2937 et
1877 2902 2077 2936 nonnullos
2104 2900 2288 2946 predicto-
