2488 3386
438 344 502 375 :388
1014 350 1328 372 cuxn‘rutxnlum
1364 348 1552 370 UNtVERS.
1590 346 1718 368 anis.
2200 332 2299 368 [1385

438 427 553 452 fecisset.
579 427 655 452 Dixit
677 427 763 452 etiam
789 426 869 459 quod
892 426 1066 451 multociens
1082 425 1151 450 vidit
1168 424 1278 457 judicio
1298 431 1358 451 suo.
1375 422 1454 455 quod
1472 422 1529 455 ipse
1543 421 1729 447 cancellarius
1749 420 1898 454 preposuit
1920 428 1984 453 sepe
2006 419 2255 453 postponendum.
2271 421 2299 446 et

438 477 563 501 econtra.
581 476 613 500 Et
629 475 717 501 nichil
732 475 811 500 aliud
827 475 878 500 scit
891 474 926 499 de
939 474 1081 499 contentis
1096 474 1126 498 in
1139 473 1215 498 dicto
1230 472 1397 497 articulo...

525 524 590 550 lxx.'
600 523 731 556 Magister
747 524 856 549 Pis-raus
872 531 908 548 m:
923 523 1066 551 Arrmrxco,
1078 522 1178 547 doctor
1192 520 1344 553 theologie,
1356 521 1422 545 actu
1436 526 1537 551 regens
1554 518 1684 547 Parisius,
1697 518 1732 544 de
1746 518 1866 544 nacione
1877 517 2005 546 Francie.
2018 517 2100 543 etatis
2114 517 2195 550 xxxvj
2209 524 2298 542 anno-

439 580 507 597 rum
525 573 565 598 vel
581 573 662 599 circa.
679 572 861 598 examinatus
875 579 961 605 super
976 570 1162 603 infrascriptis
1176 569 1318 602 capitulis.
1335 570 1363 594 et
1385 568 1480 601 primo
1502 575 1587 600 super
1603 567 1642 599 xj⁰
1657 569 1685 592 et
1706 567 1881 592 duodecimo
1902 566 2041 595 articulis,
2057 566 2129 591 dixit
2143 566 2224 599 quod
2244 565 2299 591 suit

439 628 554 653 presens
566 621 616 645 ubi
632 621 767 653 magister
777 620 923 645 Johannes
935 620 970 645 de
983 619 1075 652 Augia
1090 619 1132 643 bis
1144 619 1288 644 coufessus
1301 617 1365 644 fuit.
1381 616 1461 649 quod
1474 615 1593 649 quando
1605 615 1716 640 dimisit
1728 615 1870 643 officium,
1885 614 2021 647 magister
2035 614 2204 647 Flamingus
2216 614 2300 639 solvit

439 677 491 701 pro
506 669 582 694 dicto
602 669 696 694 officio
720 669 748 694 xl
770 669 890 697 francos,
906 668 941 693 de
963 668 1069 701 quibus
1092 667 1186 692 dictus
1207 666 1353 691 Johanues
1374 665 1409 690 de
1433 664 1524 697 Augia
1547 664 1650 689 habuit
1675 664 1719 697 xvj
1743 664 1864 692 francos.
1881 665 1910 690 et
1929 663 2116 689 cancellarius
2135 663 2297 689 residuum.

440 718 603 750 Requisitus
617 718 667 743 ubi
682 717 792 743 audivit
806 717 871 745 dici.
888 717 959 741 dixit
981 716 1060 749 quod
1082 715 1169 741 semel
1191 715 1221 739 iu
1246 714 1339 739 hostio
1358 714 1423 739 aule
1446 713 1572 738 Sarbone
1592 714 1619 738 et
1641 714 1774 746 presente
1795 720 1827 738 ac
1851 712 1903 738 sibi
1928 713 2146 746 improperante
2161 711 2299 745 magistro

439 766 549 791 Thoma
565 766 600 791 de
615 766 773 794 Baucourtq
789 765 824 791 dc
839 765 892 790 alia
908 765 966 790 vice
982 772 1041 790 nou
1057 763 1225 789 recordatur
1240 762 1289 787 ubi
1305 762 1456 787 audiverit.
1474 762 1672 794 Interrogatus
1690 761 1726 787 de
1748 761 1888 794 magistro
1902 761 2015 786 Nicolao
2032 761 2068 786 de
2086 760 2297 790 Vaudemonte‚

440 815 461 840 si
477 822 529 847 pro
541 814 618 839 dicto
633 814 727 839 officio
740 813 851 839 dederit
864 813 985 846 aliquid.
1000 813 1072 837 dixit
1087 812 1166 845 quod
1181 811 1291 836 audivit
1306 810 1361 836 dici
1376 818 1391 836 a
1412 810 1545 843 pluribus
1559 809 1639 843 quod
1656 810 1707 839 sic:
1731 810 1779 836 sed
1798 810 1834 836 de
1853 810 2017 843 quantitate
2032 811 2060 835 et
2078 817 2094 834 a
2109 809 2217 843 quibus
2238 816 2300 834 non

440 863 614 888 recordatur.
630 863 738 888 Tamen
753 864 794 888 cst
814 870 920 894 magna
935 861 1116 894 presumptio
1131 860 1211 893 quod
1230 859 1350 887 dederit.
1372 859 1440 892 quia
1466 859 1602 891 magister
1624 858 1791 884 Franciscus
1805 859 1841 884 de
1861 858 1965 884 Sancto
1980 857 2155 887 Michae1e³⁷.
2172 858 2224 891 qui
2239 859 2300 884 erat

439 911 627 937 sufficientior
640 913 667 936 ct
682 911 817 936 famosior
832 911 902 943 ipso.
921 910 974 935 fuit
991 909 1126 942 expulsus
1138 909 1169 934 in
1184 909 1311 934 favorem
1326 907 1424 941 ipsius.

527 961 599 985 Item
615 967 700 992 super
715 960 797 992 xliiij⁰
813 959 885 984 dixit
900 958 1037 984 audivisse
1054 957 1109 983 dici
1123 959 1258 983 contenta
1278 957 1308 982 in
1323 957 1400 982 dicto
1415 956 1538 981 articulo
1557 964 1572 981 a
1592 956 1735 989 pluribus,
1753 956 1789 982 de
1811 956 1919 989 quibus
1939 963 2000 981 non
2022 956 2198 985 recordatur,
2215 956 2244 981 et
2258 956 2300 981 est

439 1016 540 1034 verum
556 1008 635 1041 quod
657 1008 687 1032 in
707 1007 931 1040 congregacione
947 1006 1090 1032 facultatis
1104 1006 1134 1031 in
1152 1006 1241 1031 domo
1258 1005 1419 1031 cancellarii
1440 1005 1495 1030 fuit
1517 1012 1632 1038 presens
1647 1012 1716 1030 eum
1735 1005 1797 1030 aliis
1816 1005 1970 1038 magistris.
1984 1004 2036 1030 ubi
2051 1012 2106 1030 xxx
2121 1003 2253 1037 magistri
2267 1003 2299 1030 in

439 1056 582 1088 theologia
598 1057 640 1081 vel
662 1056 735 1081 circa
757 1056 877 1081 fuerunt
898 1055 1073 1088 oppinionis‚
1098 1054 1177 1088 quod
1199 1054 1292 1079 dictus
1308 1054 1444 1086 magister
1459 1053 1518 1079 Yvo
1540 1062 1600 1079 non
1623 1055 1684 1079 erat
1706 1053 1915 1082 licenciandus:
1932 1055 1960 1079 et
1982 1055 2082 1079 tamen
2097 1053 2201 1079 eodem
2219 1060 2299 1079 anno

438 1105 534 1138 ipsum
552 1105 709 1130 licenciavit
730 1106 757 1130 et
777 1104 924 1137 preposuit
948 1104 1044 1136 ipsum
1066 1103 1200 1136 pluribus
1222 1102 1431 1128 valencioribus
1446 1102 1507 1136 ipso
1522 1102 1685 1128 seeundum
1707 1102 1816 1128 famam
1831 1102 1981 1135 publicam
1995 1104 2024 1128 et
2035 1101 2182 1135 judicium
2198 1109 2296 1127 suum.

437 1152 530 1188 lte[m]
546 1153 617 1178 dixit
632 1153 726 1178 dictus
741 1153 828 1182 testis,
845 1152 925 1185 quod
940 1152 1059 1185 quando
1073 1152 1168 1177 dictus
1183 1152 1369 1177 cancellarius
1384 1151 1470 1184 peciit
1482 1151 1518 1177 ab
1533 1151 1595 1184 ipso
1610 1153 1713 1177 votum
1729 1159 1828 1181 suum,
1846 1151 1883 1176 ad
1898 1153 2012 1184 partem
2029 1150 2186 1176 inducebat
2201 1150 2299 1184 ipsum

437 1202 473 1227 ad
493 1201 701 1234 deponendum
725 1209 778 1234 pro
800 1201 876 1227 dicto
892 1201 999 1230 Yvone,
1014 1201 1094 1234 quod
1116 1202 1214 1226 tamen
1235 1208 1295 1226 non
1316 1200 1394 1229 fecit:
1420 1208 1511 1233 quare
1532 1200 1622 1226 credit
1643 1200 1738 1226 dictus
1752 1200 1831 1226 testis
1844 1200 1925 1233 quod
1948 1200 2043 1225 dictus
2067 1199 2254 1225 cancellarius
2268 1199 2299 1225 in

437 1251 563 1276 favorem
578 1250 716 1283 peccuuie
730 1250 795 1276 date
808 1250 851 1276 vel
866 1250 1005 1283 promisse
1019 1249 1071 1275 sibi
1086 1251 1146 1275 erat
1161 1249 1332 1275 favorabilis.

524 1300 597 1325 Item
612 1306 698 1332 super
717 1299 772 1327 xlv,
787 1299 859 1324 dixit
876 1298 956 1332 quod
975 1298 1086 1324 audivit
1105 1298 1160 1323 dici
1181 1298 1240 1324 fore
1262 1306 1326 1324 vera
1351 1300 1487 1324 contenta
1511 1298 1541 1323 in
1566 1298 1643 1324 dicto
1667 1298 1790 1324 articulo
1813 1305 1829 1323 a
1851 1297 1929 1323 dicto
1952 1297 2091 1330 magistro
2110 1297 2243 1324 Johanne
2263 1296 2300 1324 de

436 1348 582 1377 Noviomo,
597 1348 647 1373 ubi
662 1349 732 1373 tunc
746 1349 804 1373 crat
822 1347 881 1381 ipse
896 1347 983 1376 testis.
999 1349 1028 1373 et
1045 1349 1141 1380 postea
1159 1347 1282 1372 Parisius
1296 1355 1311 1372 a
1326 1347 1471 1380 pluribus.
1487 1347 1617 1373 videlicet
1631 1354 1646 1372 a
1667 1346 1806 1379 magistro
1820 1346 1955 1372 Johanne
1966 1346 2002 1372 de
2015 1346 2227 1379 Guignicourte
2240 1347 2269 1372 et
2283 1353 2300 1372 a

436 1396 575 1430 magistro
592 1397 725 1422 Johanne
741 1396 865 1429 Luqueti
887 1398 916 1421 et
938 1404 954 1421 a
977 1396 1112 1429 pluribus
1128 1396 1199 1425 aliis,
1213 1396 1249 1422 de
1263 1396 1370 1429 quibus
1386 1403 1445 1421 non
1467 1396 1645 1424 recordatur.
1663 1397 1811 1428 quantum
1826 1395 1862 1420 ad
1877 1395 2088 1428 impedimenta
2103 1395 2156 1420 sibi
2171 1395 2254 1424 facta,
2269 1395 2300 1421 et

436 1445 526 1471 credit
541 1445 620 1478 quod
633 1445 779 1470 occasione
793 1446 929 1470 contenta
941 1445 972 1470 in
986 1445 1063 1470 dicto
1077 1445 1200 1471 articulo
1214 1445 1322 1471 fuerint
1335 1445 1411 1470 dicta
1426 1444 1647 1478 impedimenta.

526 1494 598 1519 Item
614 1501 699 1526 super
714 1493 768 1526 xlvj
783 1493 855 1519 dixit
867 1493 1026 1519 articulum
1042 1494 1102 1519 fore
1116 1501 1218 1519 verum
1232 1493 1310 1527 apud
1326 1494 1451 1519 clericos.

524 1543 597 1568 Item
613 1550 698 1575 super
712 1542 753 1567 lv⁰
766 1542 856 1568 credit
870 1542 1028 1568 articulum
1044 1542 1103 1568 fore
1114 1550 1226 1570 verum.
1239 1544 1266 1568 et
1281 1542 1376 1568 reddit
1390 1549 1507 1568 causam
1523 1550 1573 1568 sue
1585 1542 1733 1568 credencie
1746 1543 1895 1575 quantum
1911 1542 1948 1567 ad
1963 1541 2138 1574 magistrum
2153 1541 2295 1571 Yvonem,

437 1592 524 1624 prout
540 1598 625 1624 supra
639 1591 773 1623 deposuit
792 1591 822 1616 in
841 1591 963 1616 articulo
985 1591 1078 1624 xliiij0.
1103 1591 1255 1623 Quantum
1271 1591 1307 1616 ad
1328 1591 1398 1616 alios
1418 1591 1454 1617 de
1468 1591 1577 1624 quibus
1591 1590 1724 1624 loquitur
1739 1590 1888 1618 articulus.
1902 1590 1975 1616 dixit
1989 1590 2070 1623 quod
2084 1590 2144 1623 ipse
2158 1589 2210 1623 qui
2225 1591 2298 1616 tunc

437 1647 497 1665 non
513 1641 572 1665 erat
588 1639 718 1668 Parisius,
737 1639 847 1665 audivit
865 1639 921 1665 dici
941 1647 956 1665 a
975 1640 1107 1673 pluribus
1129 1639 1292 1672 fidedignis.
1316 1640 1447 1666 videlicet
1467 1647 1483 1665 a
1505 1640 1649 1673 magistris
1673 1639 1820 1673 Stephano
1841 1639 1877 1665 de
1898 1639 2097 1668 Calvomonte.
2114 1638 2247 1665 Johanne
2261 1638 2298 1665 de.

437 1688 550 1717 Trelon,
567 1688 689 1714 Ilenrico
713 1687 855 1723 Herou[t],
877 1688 1044 1714 doctoribus
1065 1689 1219 1722 theologie,
1242 1690 1270 1714 et
1290 1688 1425 1721 pluribus
1446 1688 1600 1722 magistris.
1623 1688 1658 1715 de
1674 1688 1781 1722 quibus
1800 1696 1861 1714 non
1876 1688 2054 1717 recordatur.
2071 1687 2203 1714 videlicet
2216 1687 2298 1721 quod

436 1737 530 1762 dictus
550 1737 736 1762 cancellarius
759 1737 917 1763 lieenciavit
938 1745 984 1762 eos
1005 1737 1065 1763 sine
1080 1737 1261 1770 deposicione
1276 1737 1422 1763 dictorum
1439 1737 1663 1770 magistrorum;
1680 1737 1716 1763 de
1730 1737 1799 1763 locis
1813 1744 1879 1763 vero
1894 1736 1970 1763 male
1982 1736 2131 1766 ordinatis,
2147 1736 2298 1770 prepositis

437 1785 480 1811 vel
495 1785 667 1818 postpositis.
682 1785 771 1811 credit
785 1787 813 1811 et
828 1785 922 1811 reddit
937 1793 1062 1814 causam.
1078 1786 1147 1819 quia
1163 1786 1217 1812 hoc
1232 1786 1303 1811 vidit
1317 1788 1345 1812 et
1360 1794 1475 1819 presens
1492 1786 1548 1812 fuit
1562 1786 1670 1819 pluries
1682 1786 1719 1812 ad
1734 1786 1798 1812 hoc.

525 1834 598 1859 Item
614 1842 699 1867 super
713 1834 786 1867 lviij0
798 1836 826 1860 et
840 1834 891 1859 lixo
902 1834 974 1859 dixit
988 1842 1090 1860 verum
1104 1842 1171 1860 esse.
1189 1835 1288 1860 Dictus
1309 1835 1552 1861 subcancellarius
1571 1837 1702 1868 tempore
1721 1842 1782 1868 quo
1798 1834 1855 1860 ruit
1866 1836 2034 1868 assumptus
2052 1834 2088 1860 ad
2102 1834 2216 1860 dictum
2233 1833 2297 1860 sub-

437 1882 603 1908 cancellarie
617 1883 757 1911 officium.
780 1884 841 1908 erat
863 1891 974 1916 pauper
995 1885 1023 1909 et
1044 1883 1119 1909 male
1140 1883 1289 1913 induttus;
1305 1885 1403 1916 postea
1419 1891 1485 1909 vero
1507 1884 1563 1909 fuit
1586 1883 1659 1910 bene
1678 1883 1814 1909 induttus
1833 1885 1861 1909 et
1885 1883 1951 1909 fecit
1973 1890 2095 1916 magnos
2109 1884 2256 1916 sumptus.
2270 1883 2300 1909 et

437 1931 526 1956 credit
541 1931 620 1964 quod
635 1931 670 1957 de
685 1931 767 1957 dictis
788 1932 959 1957 muneribus
981 1934 1009 1957 et
1029 1932 1176 1957 abusibus.
1194 1932 1294 1958 Cetera
1315 1934 1451 1958 contenta
1466 1933 1496 1958 in
1511 1933 1594 1958 dictis
1608 1932 1738 1958 articulis
1751 1932 1862 1958 audivit
1876 1940 1892 1958 a
1907 1932 2051 1965 pluribus.
2065 1932 2101 1958 de
2116 1931 2224 1965 quibus
2237 1939 2299 1958 non

437 1979 612 2009 recordatur,
627 1981 656 2006 et
674 1980 783 2005 audivit
798 1981 886 2006 semel
901 1980 953 2005 sibi
968 1981 1192 2006 subcancellario
1207 1981 1397 2014 improperari
1413 1989 1428 2007 a
1443 1982 1583 2015 magistro
1599 1981 1733 2007 Johanne
1749 1981 1885 2014 Luqueti,
1901 1981 1953 2014 qui
1968 1982 2029 2007 erat
2048 1980 2159 2006 amicus
2178 1988 2247 2006 suus
2268 1980 2299 2006 in
2345 1986 2350 1989 ’

437 2028 502 2053 aula
518 2028 652 2057 Sarbone.
667 2030 695 2054 et
709 2029 867 2061 specialiter
882 2029 917 2054 de
932 2029 1060 2062 quadam
1075 2030 1195 2062 corrigia
1211 2031 1355 2063 argentea.
1370 2030 1406 2056 de
1421 2038 1479 2063 qua
1495 2038 1555 2056 non
1568 2030 1700 2056 multum
1716 2038 1745 2056 se
1759 2030 1913 2056 excusavit.

526 2077 597 2102 Item
613 2084 698 2110 super
713 2077 786 2110 lxiij0
799 2077 871 2103 dixit
885 2086 987 2103 verum
1003 2086 1060 2104 esse
1073 2078 1152 2111 quod
1166 2079 1221 2104 fuit
1239 2079 1404 2104 verberatus
1419 2079 1514 2105 dictus
1533 2079 1776 2105 subcancellarius
1791 2086 1842 2112 per
1856 2078 1971 2105 dictum
1986 2078 2156 2108 Henricum,
2170 2079 2199 2104 et
2209 2077 2300 2104 credit

437 2125 516 2158 quod
532 2125 617 2151 fuerit
632 2133 685 2158 pro
700 2134 783 2152 causa
796 2128 931 2152 contenta
944 2126 975 2152 in
989 2127 1066 2152 dicto
1081 2127 1212 2157 articulo.
1229 2127 1297 2160 quia
1312 2127 1348 2153 de
1363 2128 1418 2154 hoc
1432 2129 1493 2153 erat
1507 2128 1583 2153 fama
1599 2128 1630 2154 in
1644 2128 1734 2154 domo
1752 2127 1889 2157 Sarbene.
1910 2127 1941 2153 in
1962 2135 2020 2161 qua
2039 2127 2134 2153 dictus
2154 2126 2232 2153 testis
2246 2133 2299 2160 pro

438 2175 509 2199 tunc
524 2174 702 2199 morabatur.

526 2223 598 2248 Item
614 2231 699 2256 super
717 2223 912 2256 octuagesimo
929 2224 1056 2250 secundo
1071 2225 1161 2250 credit
1176 2225 1285 2250 famam
1301 2233 1358 2251 esse
1381 2226 1411 2251 in
1429 2226 1619 2252 Universitate
1633 2227 1661 2252 et
1681 2226 1712 2251 in
1727 2226 1842 2252 ecclesia
1858 2226 1944 2251 Paris.
1961 2225 1997 2251 de
2012 2224 2157 2258 predictis,
2172 2225 2201 2250 et
2215 2231 2299 2250 scan-

438 2271 502 2296 dala
516 2278 573 2296 esse
587 2273 649 2296 orta
662 2279 715 2304 pro
731 2272 873 2305 predictis.
891 2272 925 2298 Et
940 2273 1028 2298 semel
1042 2273 1153 2298 audivit
1167 2281 1183 2299 a
1198 2274 1367 2300 cancellario
1380 2274 1436 2300 dici
1453 2275 1518 2300 talia
1532 2275 1618 2300 verba
1630 2275 1674 2301 vel
1689 2275 1803 2304 similia,
1819 2274 1950 2300 videlicet
1963 2282 1969 2299 :
1988 2284 2001 2298 «
2016 2273 2101 2306 Quod
2114 2273 2208 2306 posito
2219 2272 2300 2306 quod

439 2327 540 2345 omncs
554 2319 599 2345 isti
614 2320 720 2346 abusus
732 2322 824 2346 esseut
839 2323 939 2346 contra
953 2329 1022 2347 eum
1036 2322 1159 2355 probati,
1172 2324 1271 2348 tamen
1287 2323 1338 2349 iste
1353 2323 1508 2349 morcellus
1518 2325 1560 2349 est
1574 2323 1612 2349 sic
1626 2323 1719 2349 dulcis
1731 2323 1767 2349 ad
1779 2323 2008 2356 degluciendum
2022 2323 2054 2348 in
2066 2322 2146 2348 curia
2157 2322 2299 2351 Romana.

440 2368 519 2400 quod
539 2367 597 2400 ipse
617 2368 715 2394 leviter
735 2369 868 2395 transiret
891 2380 914 2395 ».
936 2370 1100 2403 Requisitus
1122 2371 1157 2397 de
1178 2371 1241 2397 loco
1256 2371 1307 2397 ubi
1322 2372 1442 2401 audivit,
1456 2372 1529 2398 dixit
1544 2372 1624 2406 quod
1638 2372 1750 2398 audivit
1764 2372 1820 2398 dici
1834 2380 1851 2398 a
1865 2372 1943 2397 dicto
1957 2371 2127 2397 cancellario
2141 2371 2173 2396 in
2187 2377 2301 2396 camera

440 2416 528 2448 ipsius
543 2417 712 2445 cancellarii,
728 2418 778 2442 ubi
792 2418 942 2444 ortabatur
962 2419 1060 2451 ipsum
1081 2419 1288 2452 deponentem,
1315 2421 1395 2454 quod
1419 2421 1573 2454 impediret
1599 2420 1671 2456 [pro]
1697 2429 1777 2455 posse
1801 2428 1854 2446 suo
1874 2422 2017 2446 rectorem
2039 2420 2074 2445 de
2097 2418 2301 2452 prosecucione

441 2465 610 2497 hujusmodi
625 2466 744 2498 negocii.
761 2466 883 2492 dicendo
898 2467 1025 2500 insuper,
1041 2469 1120 2501 quod
1139 2469 1213 2494 forte
1234 2476 1268 2494 ex
1287 2470 1491 2502 prosecucione
1506 2470 1678 2503 hujusmodi
1694 2469 1806 2502 negocii
1827 2470 2020 2503 sequerentur
2033 2468 2200 2497 homicidia.
2218 2467 2301 2501 quasi

439 2512 590 2538 inserendo
605 2513 698 2539 minas
713 2516 813 2540 contra
827 2517 967 2541 rectorem
982 2517 1011 2541 et
1025 2516 1094 2542 alios
1109 2519 1360 2550 prosequentes...

528 2561 597 2595 lxxj.
618 2562 791 2588 Venerabilis
806 2563 836 2588 in
851 2563 964 2589 Christo
979 2566 1059 2597 pater
1073 2565 1211 2591 dominus
1235 2566 1345 2592 Pmnus
1369 2566 1497 2595 Dumsffl.
1517 2567 1603 2592 abbas
1627 2567 1795 2593 monasterii
1815 2567 1911 2593 Sancti
1930 2566 2051 2592 Victoris
2068 2566 2152 2599 juxta
2166 2564 2299 2594 Parisius.

441 2609 620 2635 bachalarius
635 2610 775 2636 formatus
790 2611 820 2636 in
835 2612 989 2644 theologia,
1006 2613 1088 2638 etatis
1103 2614 1177 2647 xxxij
1193 2622 1340 2640 annorum
1354 2615 1397 2640 vel
1412 2615 1495 2644 circa,
1511 2616 1694 2641 examinatus
1707 2623 1793 2649 super
1808 2621 1875 2641 xxv⁰
1890 2615 2022 2644 articulo,
2038 2614 2112 2640 dixit
2125 2615 2154 2640 et
2167 2613 2302 2648 deposuit

441 2659 475 2683 ut
490 2658 630 2691 sequitur,
647 2658 707 2691 ipso
722 2659 774 2684 sibi
793 2660 873 2692 prius
892 2661 966 2686 lecto
985 2663 1013 2686 et
1036 2669 1087 2694 per
1108 2670 1176 2687 eum
1195 2664 1229 2688 ut
1252 2663 1324 2688 dixit
1347 2663 1420 2689 bene
1442 2664 1599 2693 intellecto,
1618 2664 1749 2690 videlicet
1768 2664 1849 2697 quod
1871 2671 1974 2690 verum
1995 2665 2037 2690 est
2060 2662 2141 2696 quod
2164 2661 2301 2696 magister

441 2706 592 2732 Nicliolaus
606 2707 641 2732 de
657 2707 738 2733 Costa
754 2708 840 2733 frater
855 2709 947 2734 Minor
962 2710 1018 2735 fuit
1032 2710 1197 2736 licenciatus
1213 2711 1243 2736 in
1258 2712 1402 2744 theologia
1418 2720 1469 2745 per
1482 2713 1595 2738 dietum
1610 2713 1816 2739 cancellarium
1832 2720 1892 2738 non
1907 2713 2052 2746 requisitis
2064 2712 2136 2737 votis
2151 2719 2201 2737 seu
2215 2710 2300 2744 depo-

441 2755 595 2780 sicionibus
610 2756 816 2788 magistrorum
831 2757 906 2782 dicte
921 2758 1072 2788 facultatis,
1090 2761 1178 2791 prout
1199 2760 1296 2792 plures
1311 2761 1441 2793 magistri
1456 2761 1531 2787 dicte
1546 2762 1690 2787 facultatis
1705 2762 1871 2788 retulerunt
1885 2761 1938 2787 sibi
1954 2761 2027 2789 testi.
2045 2759 2252 2793 conquerendo
2265 2758 2302 2785 de

442 2803 496 2828 hoc
510 2803 688 2829 admirative.
706 2805 869 2837 Requisitus
884 2813 942 2838 quo
958 2807 1088 2839 tempore
1103 2807 1158 2832 fuit
1173 2808 1349 2838 licenciatus‚
1372 2809 1444 2834 dixit
1463 2810 1543 2842 quod
1566 2810 1597 2835 in
1617 2810 1724 2836 ultimo
1741 2810 1862 2843 jubileo.
1886 2809 2053 2843 Requisitus
2073 2809 2109 2834 de
2132 2807 2302 2834 nominibus

442 2852 648 2884 magistrorum
664 2860 679 2877 a
694 2853 801 2885 quibus
817 2853 871 2879 hoc
885 2854 995 2880 audivit
1009 2856 1037 2880 et
1052 2863 1111 2888 quo
1127 2857 1258 2889 tempore
1273 2857 1328 2882 hoc
1342 2857 1462 2887 audivit,
1479 2858 1551 2883 dixit
1566 2858 1646 2891 quod
1670 2866 1685 2884 a
1709 2858 1849 2891 magistro
1874 2858 2021 2892 Stephano
2042 2858 2077 2883 de
2101 2857 2299 2885 Calvomonte.

441 2900 579 2932 magistro
595 2900 716 2926 llcnrico
732 2901 841 2927 llerout
855 2902 965 2928 audivit
983 2903 1052 2931 dici;
1076 2904 1110 2930 de
1131 2904 1300 2931 nominibus
1320 2913 1385 2931 vero
1405 2906 1529 2932 aliorum
1549 2907 1759 2940 magistrorum
1780 2915 1796 2932 a
1818 2907 1926 2940 quibus
1940 2907 2029 2933 etiam
2043 2906 2155 2932 audivit
2169 2905 2225 2931 dici
2241 2911 2301 2930 non
