2508 3372
453 304 513 325 Xiv
758 283 760 289 Ι
1235 301 1527 323 INTRODUCTIO.

454 377 623 413 momenti
639 380 884 424 argumentum
902 377 1060 412 suerunt.
1080 377 1168 413 Cum
1187 376 1396 412 Universitas
1413 379 1505 411 esset
1525 387 1605 423 pars
1625 375 1739 411 valida
1759 387 1798 411 ac
1816 375 1958 418 rectrix,
1982 386 2053 410 non
2070 374 2168 410 cordi
2189 375 2315 411 habuit

454 448 591 496 regulas
617 449 659 484 de
685 448 810 483 studiis
832 448 1003 490 condere;
1029 459 1224 495 omnesque
1250 447 1322 483 fere
1347 447 1636 494 congregationes
1664 446 1753 481 nihil
1780 446 1877 482 aliud
1901 457 2006 493 quam
2030 445 2194 482 Schisma
2217 431 2315 482 trao—

452 519 585 555 tabant.
610 519 815 555 Peritissimi
836 519 1006 566 magistri,
1029 519 1331 566 quemadmodum
1351 520 1473 554 Petrus
1496 519 1539 554 de
1559 517 1720 561 Ailliaco,
1738 518 1918 553 Johannes
1939 518 2177 560 Breviscoxae,
2198 518 2315 553 Domi-

452 591 554 627 nicus
579 591 691 633 Parvi,
718 592 841 625 Petrus
863 590 998 632 Plaoul,
1019 591 1197 626 Johannes
1219 590 1453 634 Mullechner,
1477 589 1656 625 Johannes
1679 589 1896 631 Mereatoris,
1922 589 2083 625 Galterus
2106 589 2310 632 Forestarii,

452 662 630 697 Arnoldus
647 661 796 704 Uitwiic,
817 666 900 704 etc„
920 661 1021 697 electi
1044 665 1126 696 sunt
1146 661 1249 708 legati
1270 665 1499 708 oratoresque
1519 661 1563 696 ad
1579 661 1738 697 Concilia
1762 661 1941 704 Franciae,
1966 660 2009 696 ad
2029 661 2115 696 alias
2130 660 2313 696 Universi-

452 737 553 776 tates,
573 733 616 768 ad
632 732 828 779 pontifices,
845 732 888 768 ad
900 732 1049 768 consilia
1061 732 1262 779 principum
1277 733 1310 767 in
1325 732 1547 767 Alemannia.
1568 733 1714 779 Semper
1729 732 1763 767 in
1780 732 1904 767 itinere
1922 731 1973 767 vel
1988 731 2150 768 absentes
2166 731 2311 779 quidam

453 803 682 840 nominantur
697 815 848 850 quorum
870 803 1084 850 quandoque
1100 815 1144 838 ne
1164 804 1277 839 studia
1295 803 1437 850 quidem
1455 803 1614 850 perfecta
1629 807 1744 846 erant;
1762 803 1906 850 quando
1925 803 2032 850 igitur
2051 802 2313 838 studue1·unt⁴?

453 874 520 910 Alii
546 875 614 909 alio
635 874 741 909 modo
763 874 799 909 in
821 874 1019 909 Schismate
1046 874 1293 917 versabantur3
1325 886 1407 909 sane
1432 886 1556 909 cursus
1584 874 1701 909 adhuc
1724 874 1974 920 sequebantur,
2003 874 2063 910 sed
2092 885 2177 909 sana
2201 874 2314 910 disci-

452 943 548 992 plina
563 949 801 981 evanescente.
822 946 1006 981 Orationes
1027 949 1194 992 actusque
1216 949 1366 989 tument,
1390 945 1711 981 demonstrationes
1733 945 1905 980 invalidae
1924 945 2027 989 fiunt,
2049 945 2313 993 argumentatio

452 1028 555 1064 saepe
575 1017 664 1051 nihil
682 1016 749 1051 nisi
771 1016 886 1051 inanis
906 1016 1093 1052 verborum
1113 1016 1291 1063 strepitus,
1315 1027 1399 1051 usus
1420 1017 1544 1051 Sacrae
1565 1016 1766 1063 Scripturae
1788 1015 1838 1051 vel
1857 1016 2008 1051 aliorum
2030 1019 2219 1051 auctorum
2239 1027 2311 1052 non

453 1099 530 1123 raro
547 1087 751 1123 arbitrarius
766 1091 799 1122 et
819 1087 917 1122 nullo
940 1087 1174 1122 fundamento
1196 1087 1302 1122 fultus
1323 1086 1496 1122 abe1=rat².

551 1160 731 1193 Praeterea
751 1158 958 1193 Schismatis
977 1169 1083 1192 causa
1102 1169 1223 1204 graves
1243 1158 1400 1205 jacturas
1421 1169 1521 1204 passa
1544 1161 1596 1192 est
1614 1157 1827 1192 Universitas
1848 1158 1975 1201 Paris,
1995 1169 2076 1193 cum
2102 1170 2175 1194 non
2200 1169 2313 1205 pauca

451 1230 629 1277 supposita
658 1230 699 1264 ‹le
728 1240 808 1264 vero
831 1240 919 1275 papa
946 1228 1047 1264 aliter
1068 1240 1107 1264 ac
1132 1229 1245 1276 major
1269 1240 1348 1276 pars
1372 1229 1620 1273 magistrorum
1647 1228 1834 1264 sentientia
1860 1228 2127 1264 Universitatem
2159 1229 2312 1265 derelin-

451 1304 612 1347 querent.
640 1302 735 1335 Inter
755 1311 844 1346 quae
870 1312 939 1335 non
963 1300 1128 1347 ignobilis
1156 1300 1268 1335 famae
1291 1299 1435 1335 suerunt
1458 1299 1634 1335 Henricus
1658 1299 1701 1335 de
1723 1299 1859 1342 Hassia,
1887 1299 2064 1335 Mai-silius
2091 1300 2135 1336 de
2157 1300 2308 1348 Inghen,

451 1371 631 1407 Conradus
648 1371 691 1406 de
707 1371 942 1411 Gelnhausen,
964 1371 1134 1406 ilenricus
1148 1371 1190 1406 de
1205 1371 1331 1418 Oytha.
1347 1372 1437 1410 Cum
1456 1371 1598 1406 illorum
1613 1371 1838 1418 aliorumque
1854 1370 2076 1418 profectione
2087 1372 2312 1407 connectitur

449 1454 577 1477 novaru
585 1454 616 1476 m
641 1442 910 1477 Universitatum
926 1443 961 1477 in
976 1442 1184 1477 Alemannia
1203 1442 1359 1477 fundatio
1374 1442 1425 1477 vel
1441 1442 1683 1489 reintegratio.
1703 1442 1741 1477 Id
1757 1453 1829 1478 non
1845 1442 2025 1478 immerito
2041 1442 2207 1490 patefacit
2220 1444 2312 1478 Hen-

451 1514 545 1548 ricus
564 1513 607 1548 de
627 1513 780 1548 11assia3.
800 1513 883 1548 Illas
903 1514 1152 1548 Universitates
1170 1525 1238 1548 non
1255 1514 1349 1560 parvi
1367 1513 1544 1560 pendebat
1561 1514 1636 1560 ipsa
1652 1513 1873 1557 Parisiensis,
1893 1525 1975 1549 cum
1995 1513 2310 1550 Vindobonensem

450 1585 624 1620 Heni-icus
641 1584 683 1619 de
704 1585 838 1624 Hasna,
864 1584 1198 1631 Heidelbergensem
1215 1584 1389 1619 Marsilius
1408 1584 1451 1619 de
1476 1585 1613 1632 lnghen
1639 1585 1843 1629 illustraret,
1863 1584 2111 1621 Coloniensem
2125 1585 2220 1633 justa
2235 1585 2311 1621 laus

450 1659 669 1701 sequeretur,
695 1659 780 1690 teste
806 1657 905 1691 Petro
929 1655 1044 1702 Regis,
1068 1655 1195 1691 abbate
1222 1657 1256 1691 S.
1284 1656 1479 1699 Michaelis,
1504 1656 1562 1702 qui
1588 1667 1667 1691 eam
1694 1660 1791 1691 notat
1814 1656 2081 1692 Universitatem
2110 1671 2124 1688 «
2144 1656 2204 1692 ubi
2229 1659 2312 1692 sunt

450 1726 653 1762 famosiores
667 1726 727 1761 viri
746 1727 780 1761 in
803 1727 950 1761 scientia
967 1726 1164 1774 theologica
1180 1727 1285 1762 totius
1302 1726 1444 1762 mundi⁴
1460 1742 1474 1759 n
1489 1756 1496 1762 .

548 1797 706 1844 Denique
728 1797 824 1832 aliud
847 1797 979 1832 malum
1004 1798 1227 1833 Universitati
1246 1798 1353 1833 Paris.
1377 1798 1539 1834 Schisma
1557 1799 1711 1834 attuliff.
1732 1801 1862 1834 Omnes
1880 1799 2082 1846 intelligunt
2105 1800 2310 1846 pontificem

449 1868 729 1904 Avenionensem
748 1868 789 1903 iis
807 1868 985 1915 subjectis,
1006 1869 1066 1916 qui
1084 1868 1148 1904 sibi
1165 1869 1344 1904 fideliores
1361 1874 1600 1905 remanserant
1617 1875 1650 1905 et
1666 1870 1795 1917 quibus
1810 1870 1920 1906 sidere
1934 1870 2099 1915 debehat,
2116 1870 2258 1915 favisse;
2276 1874 2311 1906 at

448 1939 471 1973 ii
493 1939 643 1986 subjecti
659 1951 730 1974 non
746 1951 886 1987 semper
901 1940 1025 1986 optimi
1038 1940 1223 1987 judicandi
1242 1944 1354 1976 erant.
1373 1942 1461 1976 Cum
1477 1941 1563 1976 tanti
1579 1941 1746 1988 ponderis
1764 1941 1807 1977 sit
1823 1941 2061 1977 Cancellarius
2076 1942 2113 1977 in
2133 1942 2312 1978 Universi-

449 2013 517 2045 tate
538 2011 659 2054 Paris,
679 2010 879 2045 mirandum
896 2014 948 2045 est
965 2011 1183 2046 Clementem
1200 2012 1262 2048 Vll
1284 2012 1319 2047 id
1340 2024 1470 2047 munus
1490 2012 1685 2048 contulisse
1710 2013 1881 2048 cardinali
1905 2013 2052 2048 Nieolao
2069 2013 2113 2049 de
2136 2014 2171 2049 S.
2191 2014 2312 2049 Satur-

448 2081 547 2124 nino,
561 2081 620 2128 qui
633 2081 750 2116 officio
765 2081 965 2117 cancellarii
983 2081 1077 2129 fungi
1094 2082 1281 2129 nequibat;
1297 2094 1384 2129 quae
1399 2083 1646 2119 tantummodo
1660 2095 1794 2119 merces
1811 2087 1886 2120 erat
1896 2096 1961 2131 pro
1975 2084 2170 2120 ministerio
2184 2086 2311 2120 causae
2365 2076 2369 2079 ³

449 2151 638 2187 Clementis
653 2154 716 2188 Vll
731 2152 862 2187 oblato.
877 2154 997 2187 Postea
1014 2153 1105 2188 venit
1120 2153 1209 2188 alius
1224 2154 1395 2189 Clementi
1410 2155 1472 2191 Vll
1488 2154 1706 2199 carissimus,
1720 2155 1898 2191 Johannes
1914 2155 2118 2198 Blanchart,
2132 2156 2191 2202 qui
2205 2155 2310 2203 quale

450 2226 626 2258 certamen
644 2223 679 2257 in
695 2224 811 2258 sinum
826 2223 1067 2259 Universitatis
1085 2225 1330 2271 provocaverit
1348 2226 1492 2261 scimus.
1512 2225 1648 2261 Deinde
1666 2226 1913 2261 cancellariam
1931 2227 2115 2274 occupavit
2131 2226 2312 2262 Johannes

542 2355 565 2378 1.
582 2355 640 2378 Jaln
652 2356 711 2378 ante
726 2355 788 2378 hanc
801 2356 910 2378 aetatem
926 2355 1057 2379 Mat-silius
1069 2356 1100 2379 de
1114 2356 1220 2387 Inghen,
1234 2357 1318 2380 Simon
1337 2357 1367 2380 de
1382 2357 1538 2387 Cramaudo,
1554 2357 1648 2381 Petrus
1661 2357 1692 2381 de
1707 2358 1825 2387 Ailtiaco,
1844 2359 1974 2382 Johannes
1987 2358 2094 2387 Gerson,
2109 2358 2204 2382 Petrus
2219 2358 2310 2383 Plaoul

448 2398 544 2430 aliique
558 2398 648 2430 plures
668 2398 762 2422 iterum
778 2399 923 2430 iterumque
938 2401 969 2422 ut
984 2400 1068 2423 nuntii
1086 2400 1118 2423 ad
1133 2400 1231 2424 curiam
1246 2401 1321 2425 electi
1334 2401 1487 2433 quandoque
1504 2409 1547 2432 per
1562 2402 1669 2433 longum
1683 2402 1807 2434 temporis
1825 2403 1936 2434 spatium
1952 2402 2071 2427 absentes
2085 2405 2166 2432 erant,
2183 2403 2248 2434 quod
2264 2410 2309 2427 nec

448 2442 506 2467 istis
521 2442 680 2470 absentibus,
697 2451 742 2466 nec
754 2442 888 2474 discipulis
903 2437 1011 2467 Parisiis
1028 2445 1220 2469 remanentibus
1233 2446 1436 2469 emolumentum
1454 2446 1622 2470 scientificum
1637 2445 1704 2470 alere
1719 2446 1816 2478 potuit.

539 2487 562 2510 2.
582 2487 622 2510 Sic
640 2495 662 2510 v.
681 2495 705 2518 g.
724 2487 885 2511 Universitas
900 2488 925 2511 in
942 2487 1037 2512 famosa
1050 2488 1158 2520 epistola
1171 2497 1212 2513 an.
1230 2489 1298 2519 1394,
1315 2490 1375 2513 Jun.
1391 2490 1415 2520 6,
1431 2490 1462 2513 ad
1478 2498 1564 2521 regem
1581 2490 1659 2520 (iun-a
1678 2496 1706 2514 n⁰
1722 2490 1790 2520 1683)
1809 2492 1897 2515 textus
1911 2500 1917 2515 ε
1935 2501 1948 2513 ιε
1963 2499 2053 2515 omnes
2068 2499 2159 2515 sumus
2174 2491 2269 2516 fratres
2283 2492 2310 2516 in

448 2531 552 2555 Christo
567 2541 590 2560 ι),
606 2532 632 2554 et
653 2541 665 2553 ι(
679 2531 699 2555 si
715 2531 805 2555 oculus
821 2534 882 2555 tuus
897 2531 1051 2556 scandalizat
1064 2535 1088 2556 te
1102 2543 1123 2557 ».
1138 2538 1195 2561 etc„
1213 2534 1286 2558 affert
1305 2534 1337 2558 ad
1359 2534 1515 2566 probandam
1537 2535 1675 2558 cessionem
1698 2535 1837 2567 utriusque
1850 2535 1987 2567 pontificis.
2011 2536 2062 2559 Pro
2079 2535 2119 2559 via
2133 2535 2310 2567 compromissi

447 2575 591 2599 inveniebat
608 2575 687 2599 verba
702 2575 798 2599 Christi
817 2584 822 2599 :
843 2586 855 2596 τι
871 2575 915 2599 ubi
931 2577 993 2600 sunt
1011 2577 1060 2600 duo
1076 2578 1112 2601 vel
1131 2580 1184 2601 tres
1203 2578 1227 2601 in
1245 2579 1347 2602 nomine
1362 2586 1417 2603 meo
1431 2579 1591 2610 congregati,
1605 2587 1651 2610 ego
1666 2587 1723 2603 sum
1744 2579 1770 2603 in
1788 2579 1873 2604 medio
1891 2587 1980 2604 eorum
1994 2590 2016 2609 »,
2032 2580 2198 2612 eumdemque
2210 2582 2309 2604 textum

447 2620 522 2643 affert
538 2627 581 2651 pro
596 2619 708 2644 Concilio
720 2619 841 2651 generali.

540 2664 562 2687 3.
577 2664 605 2687 In
621 2664 745 2694 Epistola
760 2664 957 2694 informatoria
974 2672 1060 2695 super
1073 2666 1221 2690 schismate
1237 2667 1326 2691 scribit
1342 2676 1348 2691 z
1363 2678 1375 2689 «
1392 2667 1456 2694 Quid
1473 2669 1551 2692 etiam
1567 2668 1685 2700 estquod
1699 2668 1787 2693 studia
1801 2668 1964 2700 dissipantur
1978 2668 2067 2699 Gallie,
2084 2667 2119 2692 sol
2134 2668 2261 2700 sapientie
2272 2668 2308 2693 ibi

448 2718 460 2730 n
477 2708 636 2740 eclipsatur?
659 2708 764 2731 Recedit
784 2708 919 2739 sapientia,
940 2710 971 2732 ut
993 2709 1108 2733 illustret
1132 2713 1232 2741 gentem
1254 2711 1370 2735 alteram.
1394 2712 1526 2744 Numquid
1542 2721 1591 2737 non
1610 2713 1662 2745 jam
1679 2712 1747 2744 apud
1768 2712 1906 2736 Germanos
1926 2712 2028 2736 lucerne
2050 2715 2161 2744 quatuor
2180 2713 2307 2745 sapientie

448 2763 460 2774 α
478 2759 588 2782 accense,
604 2751 691 2775 studia
706 2752 822 2776 veritatis
839 2752 920 2776 radiis
932 2752 1128 2778 choruscantia?
1144 2764 1166 2778 n.
1185 2754 1252 2778 Bibl.
1269 2755 1371 2779 Caesar.
1386 2756 1543 2787 Vindobon.,
1561 2765 1610 2781 ms.
1627 2757 1673 2781 lat.
1689 2757 1760 2786 4923,
1774 2757 1815 2781 fol.
1831 2757 1887 2780 671’.
2201 2753 2203 2755 ¹

538 2797 561 2820 4.
579 2796 656 2819 Areh.
674 2796 745 2825 Vatu,
761 2804 826 2819 arm.
845 2796 884 2825 54,
900 2803 926 2820 n⁰
941 2797 979 2825 27,
997 2797 1039 2822 fol.
1053 2797 1106 2821 125.

539 2842 562 2864 5.
580 2841 637 2864 Jam
653 2841 701 2864 hoc
716 2841 930 2872 praestrinximus
943 2841 969 2865 in
986 2842 1095 2866 Introd.
1111 2844 1128 2867 t.
1143 2843 1176 2872 11,
1195 2851 1216 2874 p.
1234 2850 1252 2867 x

570 2886 596 2909 b..
