2488 3386
186 320 281 362 1393]
951 337 999 359 nr:
1035 336 1276 358 5001511110.
1979 326 2042 360 601

184 411 314 444 iterum
332 422 402 451 me,
425 409 651 443 ecclesiam¹⁵
668 410 806 443 iteratis
823 409 965 443 vicibus
982 410 1252 443 recommendo.
1272 411 1314 442 Et
1331 409 1480 443 valeatis
1501 410 1656 443 feliciter
1673 417 1706 443 et
1726 410 1869 443 felicius
1890 417 1928 443 ut
1944 416 2044 455 opta-

185 477 243 510 tis.
267 477 446 522 Scriptum
474 476 569 523 apud
593 476 818 511 Condomum
841 476 944 520 xviija
964 476 1022 508 die
1043 476 1309 510 Novembris¹⁶.
1333 477 1434 521 Rogo
1457 483 1491 509 et
1514 476 1692 521 supplico,
1716 477 1859 522 quando
1883 476 2044 510 reveniet

185 544 351 590 portitor,
370 544 417 577 sit
433 550 471 577 ut
486 543 620 588 poterit
635 542 850 576 informatus
868 542 912 575 de
935 549 1028 576 statu
1046 554 1204 587 persone
1220 542 1331 588 regis.
1347 544 1434 576 Item
1454 543 1597 588 quando
1615 549 1670 576 est
1686 550 1855 576 tractatus
1871 543 2043 588 pac[is]¹⁷.

186 612 273 644 Item
304 610 391 655 quid
418 609 574 643 intendit
599 609 791 642 consilium
820 609 961 654 regium
993 608 1087 642 circa
1116 609 1288 642 unitatem
1318 609 1472 642 ecclesie
1504 610 1714 654 procedere.
1743 610 1903 643 Servitor
1925 616 2045 643 vester

1083 677 1334 717 ffimmnnusL
1357 675 1551 720 episcopus
1573 676 1866 709 Condoiuiensis.

277 773 353 798 Arch.
368 773 436 803 Vnt„
452 781 518 797 arm.
538 774 575 802 54,
592 777 622 796 n⁰
636 774 674 801 38,
694 773 739 797 sol.
755 773 806 797 65¹¹.
826 786 854 790 -—-
873 773 1033 802 Tractatus,
1049 772 1122 804 cujus
1138 773 1164 796 in
1180 773 1294 804 epistola
1309 773 1405 796 mentio
1421 773 1458 803 fit,
1475 776 1500 796 et
1519 772 1564 804 qui
1579 772 1605 795 in
1620 773 1710 796 eodem
1725 774 1786 796 1105ω
1800 781 1830 796 ex
1844 777 1919 804 parte
1937 774 2046 796 adversa

183 817 338 842 inscribitur
355 826 361 841 ·.
379 827 392 839 <t
409 818 548 841 Tractatus
565 818 693 849 reprobus
710 821 735 841 et
750 825 876 841 erroneus
890 817 1019 841 Bernardi
1034 818 1171 841 Alamandi
1190 827 1211 847 υ,
1228 821 1313 841 exstat
1327 817 1402 847 ibid„
1419 818 1464 841 sol.
1480 818 1552 845 1-64;
1569 822 1597 840 11ο
1619 818 1657 847 21,
1677 817 1722 842 fol.
1741 818 1815 845 2-30;
1832 818 1895 841 Cod.
1911 819 2046 848 Rotomag.

184 862 215 887 Ο.
232 863 270 891 20,
287 863 304 885 f.
322 861 451 886 134b-168.
466 861 551 885 Paris.
565 870 630 885 mss.
647 862 716 890 1481,
734 863 752 886 f.
767 863 810 890 50;
832 862 917 891 14643,
934 863 951 886 f.
968 862 1025 889 197;
1042 862 1120 885 index
1135 862 1164 885 15
1181 862 1297 893 partium
1310 863 1381 893 apud
1397 862 1520 890 Μαι-10110,
1540 861 1617 886 Thes.
1633 868 1697 886 nov.
1713 863 1819 891 anecd„
1836 862 1868 890 11,
1882 862 1941 884 1131
1958 864 1982 889 (a
1997 870 2048 893 quo

183 909 297 930 tractatu
312 906 514 938 distinguendus
537 909 577 929 est
601 910 741 931 tractatus
763 905 799 931 II
816 906 933 937 ejusdem
949 914 1008 929 cum
1024 907 1038 929 9
1053 906 1175 938 partibus
1196 906 1257 929 anni
1273 907 1333 930 1398
1347 914 1352 929 ’.
1371 916 1382 929 (ι
1397 907 1474 930 ,Iesus
1491 906 1536 929 Dei
1551 906 1621 929 filius
1643 906 1805 934 benedictus,
1822 914 1912 929 verum
1929 909 2009 937 caput
2027 915 2049 934 u,

183 951 211 974 111
225 951 304 974 Arch.
315 951 384 981 Vat„
402 959 468 975 arm.
487 952 525 980 54,
539 955 568 973 n⁰
583 951 621 980 26,
639 951 684 974 sol.
699 952 738 980 24,
754 952 822 980 εἰς.)
840 951 988 979 Tractatus,
1002 951 1097 982 plenus
1116 951 1318 974 auctoritatibus
1333 951 1359 974 S.
1374 951 1526 982 Scripturae
1543 954 1568 974 et
1581 951 1626 974 SS.
1641 953 1756 982 patrum,
1770 950 1902 982 imprimis
1917 951 1943 974 S.
1960 951 2049 982 Augu—

184 994 256 1025 stini,
279 999 304 1019 et
327 995 406 1018 nimis
428 1003 522 1027 vagus,
537 995 626 1026 potius
644 995 675 1018 de
698 995 768 1018 malo
784 995 940 1018 Schismatis
956 995 1020 1027 agit,
1037 1003 1083 1018 nec
1098 995 1168 1018 viam
1184 995 1318 1026 proponit.
1335 995 1410 1018 Circa
1426 995 1504 1019 finem
1517 998 1619 1018 tantum
1632 998 1723 1018 auctor
1738 995 1802 1018 dicit
1819 1002 1824 1018 τ
1843 1004 1854 1017 ι(
1870 994 2050 1018 attestationes

184 1039 350 1063 dominorum
369 1040 546 1063 cardinalium
566 1048 581 1063 a
602 1039 735 1071 principio
757 1039 889 1063 scismatis
913 1039 1043 1063 universis
1066 1039 1164 1063 Christi
1180 1040 1302 1063 fidelibus
1318 1039 1452 1071 publicate
1475 1039 1528 1063 sint
1546 1039 1572 1063 in
1592 1039 1707 1063 medium
1729 1039 1878 1063 deducende
1897 1040 1937 1068 (de
1955 1039 2050 1071 quibus

184 1092 267 1115 supra
279 1088 309 1107 n⁰
327 1084 397 1113 1631,
416 1087 470 1108 not.
487 1085 551 1113 1)...,
567 1084 713 1115 Diligenter
729 1083 856 1115 inspectis
874 1083 932 1107 istis
946 1083 1159 1107 attestationibus
1175 1087 1199 1107 et
1215 1092 1264 1115 que
1279 1087 1338 1107 ante
1354 1087 1379 1107 et
1392 1087 1453 1115 post
1467 1084 1526 1107 illas
1542 1084 1691 1115 publicatas
1706 1082 1754 1107 toti
1770 1084 1867 1107 mundo
1883 1085 1952 1107 circa
1967 1087 2051 1107 mate-

183 1128 251 1152 riam
266 1129 367 1152 notorie
386 1130 453 1152 facte
471 1131 540 1156 sunt,
559 1137 639 1160 penes
661 1137 740 1160 quam
759 1132 863 1160 partem
878 1128 913 1152 sit
929 1129 1008 1160 culpa
1026 1128 1167 1157 scismatis,
1187 1132 1212 1152 et
1226 1129 1339 1160 qualiter
1356 1132 1409 1152 tam
1425 1129 1501 1160 gravi
1516 1132 1541 1152 et
1559 1129 1707 1160 periculose
1726 1129 1834 1152 materie
1850 1128 1884 1151 sit
1898 1128 1989 1152 utilius
2006 1128 2053 1160 [et]

185 1172 310 1196 scelerius
331 1173 531 1201 occurrendum,
550 1174 687 1203 ponderet
707 1177 731 1197 et
751 1172 879 1197 deliberet
897 1173 1052 1203 providum
1071 1177 1097 1197 et
1115 1172 1172 1196 Deo
1192 1173 1312 1197 amabile
1331 1173 1479 1198 consilium
1496 1174 1607 1203 reyium
1673 1173 1696 1205 [e
1718 1173 1843 1205 tractatu]
1862 1173 1966 1196 videtur
1985 1172 2053 1195 cari-

183 1217 296 1241 tativum
310 1217 389 1249 [esse]
403 1220 428 1240 et
440 1217 503 1240 utile
517 1217 659 1240 deliberari
675 1216 765 1240 modos
780 1217 899 1240 salubres
915 1225 963 1248 per
978 1225 1043 1248 quos
1101 1217 1259 1240 dissidentes
1274 1218 1382 1240 redeant
1395 1217 1427 1240 ad
1443 1217 1572 1248 gremium
1588 1217 1696 1240 unitatis
1712 1226 1723 1240 n
1741 1217 1808 1248 (cod.
1825 1217 1912 1247 Arch.,
1930 1217 1974 1242 sol.
1989 1217 2051 1246 471²).

184 1261 240 1285 Non
255 1261 407 1286 dubitamus
420 1262 482 1293 quin
499 1265 628 1285 tractatus
644 1265 670 1285 et
684 1261 812 1293 epistolae
827 1261 926 1293 aliquid
938 1262 1096 1285 contulerint
1111 1262 1144 1284 ad
1159 1261 1255 1284 bonum
1271 1270 1428 1292 responsum
1444 1270 1459 1284 a
1474 1270 1535 1293 rege
1550 1261 1722 1285 Universitati
1738 1270 1779 1285 an.
1794 1262 1862 1290 1394,
1876 1262 1944 1290 Jan.,
1961 1262 2051 1284 datum

184 1306 248 1335 (vid.
265 1310 293 1329 n⁰
309 1306 388 1336 1674).
408 1307 460 1329 Rex
475 1314 519 1330 an.
537 1306 604 1334 1394,
622 1306 718 1335 Martii,
734 1306 851 1337 scripsit,
864 1314 875 1330 (1
889 1314 916 1329 50
931 1307 964 1329 ad
982 1306 1108 1329 unitatem
1123 1306 1330 1337 promovendam
1347 1314 1425 1337 quam
1444 1306 1550 1329 brevius
1570 1306 1667 1337 poterit
1683 1314 1870 1337 processurum
1886 1314 1907 1334 »,
1925 1309 1953 1329 ut
1970 1309 2051 1329 testa-

185 1353 228 1373 tur
247 1350 328 1382 episc.
349 1350 532 1374 Condomiens.
550 1350 637 1374 Martii
658 1351 687 1373 26
704 1350 766 1379 (vid.
782 1354 835 1374 not.
855 1351 902 1380 13).
920 1351 955 1374 De
972 1350 1030 1381 ipso
1046 1353 1071 1373 et
1086 1351 1117 1373 de
1132 1350 1255 1381 Philippo
1271 1351 1302 1373 de
1319 1350 1453 1374 Maisieres
1469 1350 1523 1374 vid.
1541 1351 1618 1374 etiam
1636 1350 1704 1373 infra
1721 1352 1857 1375 Addenda
1871 1351 1903 1373 ad
1920 1354 1970 1373 num
1982 1351 2052 1373 1615.

266 1434 303 1459 .1.
313 1434 378 1457 Cum
389 1434 486 1457 decret.
498 1434 568 1458 doct.
579 1437 605 1457 et
617 1438 774 1465 praecentor
786 1434 934 1458 Mimatens.
950 1434 1051 1463 suisset,
1067 1443 1108 1457 an.
1123 1435 1184 1458 1369
1196 1437 1256 1464 (non
1268 1435 1337 1463 1371,
1350 1435 1414 1457 utin
1428 1434 1501 1458 Gall.
1513 1434 1619 1462 christ„
1633 1435 1664 1462 ΙΙ,
1677 1443 1703 1466 p.
1714 1435 1779 1465 963),
1792 1435 1913 1458 Decemh.
1930 1436 1953 1464 3,
1970 1436 2054 1458 factus

184 1481 223 1502 est
238 1478 318 1509 episc.
336 1478 408 1509 (Reg.
425 1479 471 1502 Av.
486 1478 551 1502 Urb.
568 1478 597 1507 V,
614 1479 666 1501 vol.
683 1479 760 1507 xxn,
779 1480 796 1502 f.
810 1480 860 1508 63).
874 1493 903 1496 —
918 1480 941 1502 2.
960 1479 997 1502 ΑΙ)
1013 1487 1055 1503 an.
1071 1479 1131 1502 1397
1148 1479 1245 1503 decano
1262 1480 1288 1503 S.
1305 1479 1428 1503 Germani
1441 1479 1595 1508 Autissiud„
1607 1479 1638 1501 de
1651 1488 1702 1510 quo
1717 1479 1840 1503 Journal
1850 1481 1882 1503 de
1897 1479 2008 1504 Nicolas
2023 1481 2055 1504 cle

184 1523 272 1554 Baye,
285 1522 326 1546 ed.
343 1523 449 1554 Tuetey,
466 1523 497 1550 11,
515 1523 569 1546 326.
585 1536 616 1540 —-
633 1524 655 1546 3.
671 1523 807 1546 Dominica
828 1523 874 1546 1ιιῃὶ
894 1523 1121 1554 Quadragesimae
1137 1523 1187 1547 suit
1201 1523 1339 1547 Februarii
1354 1524 1392 1547 23.
1409 1524 1534 1555 Apparet,
1551 1531 1639 1554 regem
1652 1531 1703 1546 non
1719 1524 1805 1546 solum
1824 1533 1837 1544 «
1857 1523 1927 1546 circa
1940 1524 2055 1547 medium

184 1566 256 1590 Junii
270 1576 292 1594 ιι,
312 1569 340 1590 ut
355 1566 448 1590 scribit
463 1567 523 1591 ΗΕΖ,
537 1568 569 1591 de
589 1567 789 1598 saint-Denys,
804 1568 838 1597 11,
851 1569 889 1595 86,
905 1568 950 1591 sed
963 1568 1018 1599 jam
1034 1576 1049 1590 a
1064 1568 1114 1591 fine
1130 1568 1268 1591 Februarii
1286 1571 1423 1599 aegrotum
1441 1568 1530 1595 fuisse,
1546 1568 1725 1591 verisimiliter
1740 1571 1827 1591 tamen
1842 1569 1958 1591 nondum
1973 1569 2058 1600 aegri-

184 1610 275 1635 tudine
291 1611 395 1640 mentis,
411 1611 472 1635 licet
490 1611 690 1642 praevideretur
705 1619 763 1634 eam
779 1615 807 1635 ut
822 1620 890 1635 anno
905 1612 1048 1643 praeterito
1069 1612 1280 1640 subsecuturam,
1298 1613 1367 1644 quod
1383 1615 1408 1635 et
1425 1612 1522 1635 evenit.
1545 1626 1571 1629 —
1585 1613 1609 1635 4.
1628 1612 1677 1635 Per
1691 1612 1740 1635 1100
1755 1616 1855 1635 001·ιι1111
1871 1613 1907 1640 fit,
1926 1621 2014 1643 regem
2030 1613 2055 1636 in

184 1655 236 1679 ista
259 1655 425 1687 aegritudine
441 1656 546 1686 mentis,
563 1664 629 1687 quae
649 1664 732 1687 usque
754 1656 787 1679 ud
807 1664 850 1680 an.
870 1657 939 1685 1394,
961 1656 1098 1684 Januario,
1122 1657 1236 1685 duravit,
1254 1657 1343 1680 lucida
1361 1660 1492 1680 momenta
1508 1656 1643 1680 habuisse.
1659 1670 1689 1674 —
1705 1659 1728 1680 5.
1746 1657 1866 1688 Epistola
1885 1660 1925 1680 est
1939 1657 2056 1688 ejusdem

185 1700 311 1731 temporis
327 1702 412 1728 notae,
429 1703 454 1723 et
469 1703 553 1723 exstat
568 1700 594 1723 in
610 1701 701 1723 eodem
717 1701 815 1730 codice,
831 1702 849 1724 s.
865 1702 908 1729 65;
925 1709 991 1724 arm.
1008 1702 1046 1729 54,
1059 1705 1088 1724 n⁰
1103 1701 1140 1729 21,
1160 1702 1203 1724 sol.
1221 1702 1248 1729 1;
1265 1701 1328 1724 Cod.
1348 1702 1486 1732 Rotomag.
1502 1701 1532 1725 O.
1549 1702 1586 1729 20,
1605 1702 1622 1724 f.
1639 1702 1698 1731 1343
1714 1701 1798 1724 Paris.
1815 1702 1900 1730 14643,
1915 1703 1932 1724 f.
1947 1702 2055 1731 38,190;

185 1745 308 1772 Martene,
323 1745 340 1767 1.
358 1753 390 1773 0.,
406 1744 475 1768 1129.
488 1759 519 1762 ——
533 1746 557 1768 6.
573 1745 688 1768 Arnaldo
704 1745 735 1768 de
749 1745 852 1769 Corbie.
864 1759 894 1763 —
909 1747 931 1769 7.
948 1745 1068 1768 Michaeli
1084 1746 1115 1769 de
1132 1746 1247 1777 Crencyo
1265 1747 1356 1777 (supra
1371 1750 1400 1768 n⁰
1415 1746 1485 1774 1368,
1502 1749 1556 1769 not.
1571 1747 1604 1774 6),
1619 1754 1661 1769 an.
1678 1746 1747 1774 1388,
1764 1746 1821 1769 Jau.
1839 1747 1852 1769 3
1869 1746 2056 1775 (verisimiliter

184 1789 227 1812 ad.
246 1797 286 1813 an.
302 1789 370 1818 1390)
387 1789 473 1811 adhuc
488 1789 688 1812 eleemosinario
704 1789 775 1820 regis
793 1790 863 1821 (Reg.
879 1790 960 1813 Aven.
978 1790 1059 1813 Clem.
1076 1790 1130 1818 VII,
1147 1790 1199 1813 vol.
1217 1791 1256 1818 LI,
1275 1791 1291 1813 f.
1309 1791 1353 1813 362
1361 1789 1392 1820 b).
1408 1790 1470 1813 Inde
1485 1790 1592 1820 scimus,
1610 1790 1764 1818 Launoium,
1779 1790 1847 1814 Ναυ.
1863 1797 1960 1820 yymn.
1981 1791 2056 1819 hist„

186 1842 213 1864 p.
232 1834 287 1861 470,
309 1833 468 1856 Tschackert
489 1834 581 1862 (Peter
595 1840 650 1858 von
665 1833 747 1864 Aillz',
762 1843 789 1865 p.
810 1835 846 1862 77,
865 1835 901 1862 78,
921 1835 959 1863 82)
979 1838 1004 1858 et
1019 1835 1174 1862 Salembier,
1197 1835 1300 1859 Petrus
1314 1836 1346 1858 de
1360 1835 1480 1863 Alliaco,
1498 1843 1525 1865 p.
1545 1835 1582 1863 34,
1602 1843 1743 1865 perperam
1761 1835 1885 1864 scribere,
1902 1835 2008 1858 Petrum
2026 1836 2057 1858 de

186 1877 296 1901 Ailliaco
319 1877 352 1900 ab
374 1885 416 1900 (111.
438 1877 499 1900 1389
514 1879 692 1901 consessorem
713 1878 783 1909 regis
801 1878 890 1902 fuisse.
908 1892 935 1896 ——
950 1880 972 1902 8.
990 1879 1036 1902 Ms.
1055 1887 1060 1902 ·.
1076 1889 1088 1900 t‹
1104 1879 1241 1910 Jo[hanni]
1258 1887 1278 1902 1).
1296 1880 1343 1902 Ast
1357 1879 1464 1902 minime
1481 1879 1625 1907 Johannffi,
1642 1879 1687 1902 sed
1703 1880 1795 1902 Petrus
1820 1879 1850 1902 de
1866 1879 1983 1907 Ailliaco,
2002 1879 2056 1911 jam

188 1930 231 1946 an.
246 1922 316 1951 1391,
331 1922 416 1953 April.
433 1922 506 1953 (Reg.
517 1923 564 1946 Av.
581 1922 662 1946 Clem.
678 1923 733 1952 VII,
748 1923 800 1946 vol.
817 1923 893 1952 LXII,
909 1924 942 1947 de
956 1924 1053 1953 benef„
1072 1927 1144 1955 quat.
1161 1924 1194 1954 7),
1212 1925 1277 1947 sorte
1294 1923 1326 1946 ab
1342 1932 1383 1948 an.
1402 1924 1462 1947 1390
1478 1923 1693 1946 eleemosinarius
1710 1923 1780 1954 regis
1798 1923 1855 1947 suit.
1874 1924 1930 1947 Vid.
1946 1928 1975 1947 n⁰
1990 1924 2056 1952 1556,

187 1969 242 1990 not.
255 1980 286 1984 —
300 1967 324 1989 9.
340 1966 400 1989 Fuit
414 1966 588 1989 cancellarius
605 1966 678 1998 Cipri
695 1970 720 1990 et
735 1967 903 1990 consiliarius
919 1968 1000 1997 regis,
1017 1968 1061 1999 qui
1080 1968 1230 1991 litterarum
1252 1968 1438 1991 commercium
1458 1976 1517 1990 cum
1539 1968 1661 1991 litteratis
1686 1968 1779 1991 habuit
1798 1969 1947 1999 famamque
1966 1968 2056 1999 acqui-

187 2010 259 2034 sivit.
280 2011 315 2033 De
335 2018 386 2041 quo
406 2010 552 2039 Chevalier,
573 2011 743 2042 Repertoire,
766 2014 824 2041 etc„
842 2020 868 2043 p.
886 2012 955 2035 1782.
972 2013 1064 2035 Petrus
1081 2013 1112 2035 de
1127 2012 1237 2035 Ailliaco
1260 2012 1398 2043 epistolam
1415 2014 1453 2036 ad
1466 2019 1550 2036 novos
1569 2013 1707 2036 Hebraeos
1725 2012 1788 2042 (vid.
1807 2013 1973 2040 Tschackert¹
1991 2013 2008 2036 l.
2024 2021 2056 2041 c.,

186 2063 214 2086 p.
230 2054 272 2087 [7])
289 2055 320 2078 de
339 2054 512 2078 translatione
526 2055 551 2078 S.
571 2055 724 2086 Hieronymi
744 2064 754 2077 «
771 2055 827 2078 viro
844 2056 926 2079 nobili
942 2056 1075 2079 consulari
1098 2056 1253 2080 celsitudine
1269 2060 1294 2080 et
1309 2057 1417 2080 militari
1434 2057 1586 2080 fortitudine
1601 2057 1785 2088 praepollenti,
1803 2057 1873 2080 dom.
1889 2057 2012 2088 Philippo
2027 2057 2059 2080 de

187 2099 316 2123 Maiseriis
333 2109 344 2120 u
360 2098 506 2130 inscripsit.
523 2113 553 2116 —
572 2100 610 2123 10.
628 2099 755 2128 Obtinuit,
773 2103 801 2123 ut
822 2108 853 2123 ex
872 2100 986 2131 epistola
1000 2101 1087 2124 Martii
1104 2102 1133 2124 26
1155 2103 1217 2131 (not.
1235 2102 1272 2130 13)
1289 2104 1409 2132 apparet.
1425 2114 1455 2118 —
1468 2101 1506 2124 11.
1524 2102 1596 2129 Quae
1611 2101 1711 2124 scilicet
1722 2101 1873 2130 ,cardinales
1890 2101 2057 2131 dissidentes,

187 2145 253 2175 Aug.
272 2145 295 2171 2,
311 2151 352 2167 an.
374 2144 444 2171 1378,
460 2143 562 2175 publici
580 2144 648 2175 juris
671 2145 796 2173 fecerunt,
813 2147 838 2167 et
857 2153 938 2175 supra
954 2149 982 2167 n⁰
998 2145 1067 2172 1631,
1084 2149 1137 2169 not.
1155 2146 1178 2178 1,
1194 2145 1353 2169 indicantur.
1375 2146 1479 2175 Mirumy
1501 2146 1663 2168 Bernardum
1686 2145 1733 2168 has
1756 2145 1936 2169 attestationes
1957 2149 2058 2169 tantum

187 2188 321 2212 extulisse.
338 2202 366 2206 —
381 2189 419 2212 12.
433 2189 461 2211 In
477 2188 545 2211 libro
563 2188 730 2211 transmisso.
752 2202 783 2206 —
807 2189 846 2212 13.
863 2189 882 2212 1.
899 2197 921 2212 0.
937 2189 1080 2213 Clementis
1096 2190 1150 2213 Vll.
1173 2190 1210 2213 Ad
1225 2190 1313 2221 ipsum
1333 2190 1483 2213 Ber-nardus
1500 2190 1579 2213 ctiam
1600 2190 1707 2221 scripsit
1726 2190 1874 2221 epistolam,
1893 2198 1959 2221 quae
1974 2193 2059 2213 exstat

186 2232 213 2255 in
229 2232 291 2257 Cod.
308 2233 447 2264 Rotomag.
467 2233 497 2257 Ο.
520 2234 557 2262 20,
576 2234 592 2256 s.
611 2233 676 2256 134b.
695 2233 819 2261 Man-tene,
834 2233 850 2256 l.
868 2242 900 2261 c.,
917 2242 943 2264 p.
969 2234 1042 2262 1130;
1065 2234 1196 2265 aliamque
1214 2242 1256 2258 an.
1276 2235 1345 2266 1394,
1363 2234 1449 2257 Martii
1465 2235 1503 2264 26,
1523 2243 1535 2257 0
1551 2243 1602 2265 qua
1618 2237 1728 2265 apparet
1743 2235 1901 2258 Clementem
1917 2237 2057 2258 tractatum

188 2285 239 2300 non
254 2277 427 2308 approbasse.
450 2278 509 2301 Vid.
531 2285 575 2308 ap.
600 2277 670 2308 Bul.⁷
694 2277 735 2305 IV,
750 2279 805 2306 680,
824 2286 836 2301 0
853 2278 914 2301 ms‘0
935 2278 1020 2301 Paris.
1037 2279 1122 2306 14644,
1147 2279 1192 2303 sol.
1209 2279 1262 2302 222.
1278 2292 1305 2296 —
1326 2279 1363 2301 14.
1391 2279 1439 2301 Per
1454 2279 1503 2301 hoc
1522 2287 1592 2309 papa
1616 2282 1641 2301 et
1656 2279 1802 2302 cardinales
1818 2279 2009 2310 vituperantur.
2027 2293 2057 2296 —

188 2321 225 2344 15.
244 2330 255 2344 (1
269 2321 347 2344 etiam
364 2323 392 2344 n?
405 2322 454 2345 Ms.
470 2322 519 2345 sub
535 2322 690 2353 compendio
707 2330 718 2344 ((
734 2322 872 2345 ecclesiam
890 2331 911 2345 ».
930 2337 957 2340 —-
974 2322 1012 2346 16.
1029 2323 1082 2346 Hoc
1100 2323 1180 2346 fuisse
1194 2331 1236 2346 an.
1253 2323 1323 2350 1393,
1341 2326 1453 2354 apparet
1467 2331 1480 2346 e
1496 2323 1558 2346 Cod.
1575 2323 1711 2354 Rotomag.
1726 2323 1757 2346 O.
1771 2324 1809 2352 20,
1824 2324 1841 2346 s.
1854 2324 1897 2346 134
1905 2323 1923 2351 b,
1940 2323 1985 2346 ubi
2000 2327 2057 2347 tra—

188 2368 273 2388 ctatus
290 2365 444 2389 inscribitur
461 2374 466 2389 t
485 2375 496 2389 (1
512 2367 650 2390 Tractatus
667 2375 746 2398 super
763 2367 873 2389 materia
891 2367 1024 2390 scismatis
1040 2375 1088 2398 per
1103 2368 1172 2391 dom.
1190 2367 1271 2398 episc.
1288 2367 1413 2390 Condom.
1429 2367 1586 2398 compilatus
1600 2370 1624 2390 et
1639 2367 1695 2398 regi
1710 2368 1869 2390 Francorum
1885 2368 2057 2391 transmissus

189 2418 231 2433 an.
248 2410 308 2434 1393
326 2418 346 2433 r».
365 2412 481 2442 Apparet
493 2411 571 2434 etiam
587 2419 617 2434 ex
629 2411 687 2442 ipso
701 2414 791 2434 tenore
805 2411 942 2442 epistolae.
960 2425 987 2429 —
1005 2412 1043 2435 17.
1056 2412 1120 2435 Cum
1136 2412 1263 2443 Anglicis.
1277 2412 1335 2435 Yid.
1354 2413 1455 2436 Chron.
1471 2413 1509 2435 du
1522 2412 1581 2439 rel,
1601 2412 1631 2441 ΙΙ,
1649 2412 1686 2439 74,
1704 2412 1756 2435 128.

196 2617 336 2654 1672.
360 2626 529 2660 Bonifacius
546 2627 738 2663 lXpermittit
754 2626 936 2652 scholaribus
954 2626 1177 2652 ultramontanis
1192 2628 1317 2653 Parisiis
1332 2627 1448 2653 studere
1464 2632 1489 2653 el
1504 2628 1613 2663 gradus
1629 2629 1762 2664 recipere.
1781 2638 1835 2654 non
1850 2632 1944 2654 lamen
1960 2638 1977 2654 α
1994 2638 2059 2654 can-

283 2674 404 2700 cellario
420 2675 516 2701 Paris.

1552 2722 1593 2748 An.
1612 2722 1774 2748 7389-1393.

281 2807 337 2839 Ad
358 2807 513 2839 suturam
536 2807 588 2840 rei
609 2808 835 2841 memoriam.
859 2807 960 2849 Illos,
986 2808 1046 2853 qui
1074 2814 1111 2841 ut
1139 2808 1286 2853 dignius
1307 2808 1448 2841 valeant
1477 2809 1631 2842 Domino
1657 2809 1819 2842 famulari
1847 2809 1997 2853 cupiunt
2023 2809 2058 2841 in

195 2873 366 2906 exercitio
396 2873 507 2906 studii
536 2873 722 2907 literarum
758 2874 949 2920 acquirere
979 2874 1129 2907 scientie
1167 2875 1408 2920 margaritam,
1440 2887 1508 2920 qua
1537 2876 1728 2908 decoratur
1760 2876 1888 2907 doinus
1914 2875 2058 2907 Domini

318 2934 362 2950 *Η
387 2931 481 2969 chart.
505 2931 583 2956 Univ.
602 2932 696 2957 Paris.
714 2932 760 2955 111.
1906 2933 1935 2955 76
