2488 3386
195 335 291 372 1387]
613 349 659 370 AB
694 349 799 371 ANNO
832 349 964 372 MCCCL
997 350 1126 378 usone
1160 351 1208 372 An
1246 351 1511 373 BENssmc'ruu
1542 353 1631 373 X111.
1992 345 2054 377 441

192 422 293 453 gesimo
306 425 386 450 sexto,
404 422 547 445 secundum
562 430 661 445 morem
677 422 786 446 ecclesie
799 423 943 452 Gallicane,
960 423 1101 446 indictione
1112 424 1222 451 decima,
1236 424 1332 446 mensis
1350 424 1446 455 Aprilis
1461 424 1501 447 die
1518 425 1640 452 secunda,
1657 425 1720 448 hora
1738 426 1877 449 tcrciarum
1890 427 1928 449 vol
1944 427 2056 452 circiter.

193 466 361 497 pontificatus
378 466 538 490 sanctissimi
561 467 586 489 in
607 467 711 490 Christo
733 467 817 498 patris
833 476 862 490 ac
878 467 978 490 domini
997 468 1079 490 nostri
1096 468 1194 490 domini
1215 468 1356 491 Clementis
1372 468 1461 490 divina
1477 469 1643 499 providentia
1658 478 1726 500 pape
1745 471 1848 501 septimi
1865 479 1932 494 anno
1952 480 2017 494 nono
2034 481 2055 494 i).

198 659 338 696 1533.
365 669 490 694 Clemens
522 670 571 694 VII
593 669 728 703 (Iohanni
748 669 783 695 de
809 670 1002 703 Gnignicurte)
1032 669 1207 695 cancellario
1239 669 1305 695 eccl.
1338 670 1431 694 Paris.
1456 670 1587 704 injungit,
1613 674 1642 695 zct
1666 672 1839 704 Berengario
1869 672 1903 697 de
1935 673 2054 702 (Ionicis,

285 717 350 743 Ord.
368 719 451 751 fratr.
468 718 548 751 Min„
568 718 596 743 in
612 717 756 752 theologia
773 718 834 743 bac.
853 722 880 743 et
896 718 923 743 in
939 718 1020 743 domo
1036 720 1160 752 fratrum
1176 719 1244 744 Min.
1263 718 1477 752 Barcinonens.,
1497 718 1546 743 ubi
1561 719 1631 753 viget
1645 719 1770 744 studium
1786 720 1928 754 generale,
1947 721 2053 753 lector-i,

282 766 310 791 in
326 765 422 791 studio
437 766 599 792 Parisiensi
618 766 658 791 ad
677 766 825 800 legendum
842 766 944 792 librum
963 767 1173 792 Sententiarum
1189 767 1217 792 in
1234 766 1323 792 hieme
1343 767 1476 799 proxima
1492 768 1562 792 anni
1578 768 1646 793 1337
1663 769 1690 793 in
1710 768 1815 793 scholis
1836 769 1966 803 praefati
1990 770 2054 794 ord.

281 814 455 840 auctoritate
471 815 631 850 apostolica
650 815 740 840 locum
756 816 886 849 assignet
902 819 929 841 et
945 815 1048 841 deinde
1071 816 1231 850 magisterii
1247 815 1378 841 honorem
1395 819 1421 841 et
1437 815 1558 841 docendi
1578 815 1721 842 licentiam
1746 817 1774 841 in
1796 817 1895 842 eadem
1916 817 2058 851 facultale

281 862 434 897 largiatur.
452 864 516 889 Dat.
534 864 675 890 Avinione
690 865 716 898 vj
734 872 804 890 non.
819 865 923 893 Martii,
938 872 1016 891 anno
1032 872 1121 890 nono.
1141 875 1153 887 «ι
1169 865 1227 890 Viri
1243 872 1319 890 sacre
1336 875 1359 889 n.

1413 901 1490 929 1387,
1507 901 1592 926 Martii
1605 902 1628 929 2.
1645 901 1773 927 Avenione.

287 983 349 1013 Reg.
368 983 425 1007 vat.
438 984 517 1006 Aven.
529 983 669 1006 Clementis
684 984 739 1012 VH,
751 984 803 1006 vol.
820 984 917 1011 XLVII,
932 984 976 1007 sol.
993 984 1055 1007 &27¹¹
1083 998 1102 1001 —
1115 983 1274 1007 Licentiatus
1291 987 1329 1006 est
1345 984 1369 1006 in
1386 984 1465 1008 theol.
1482 992 1523 1007 an.
1544 985 1603 1007 1392
1621 993 1634 1007 e
1651 985 1738 1008 Catal.
1756 985 1859 1012 licent„
1876 985 1919 1008 ubi
1935 994 1945 1007 α
1962 985 2059 1008 Beron-

192 1026 283 1058 gnrius
301 1027 464 1051 Gamaneus
478 1036 500 1050 n.

197 1179 360 1216 15333.
383 1190 519 1224 Definitio
543 1189 670 1225 Capituli
696 1190 873 1216 Cluniacens.
897 1199 951 1226 per
973 1199 1058 1225 qnam
1078 1194 1229 1215 renovatur
1247 1194 1386 1216 statutum
1403 1190 1480 1215 alias
1500 1193 1607 1224 sactum
1629 1194 1726 1216 contra
1745 1191 1865 1226 priores,
1888 1192 1937 1227 qni
1957 1192 2059 1218 debent

282 1238 393 1264 mittere
404 1237 552 1264 scholares
568 1239 707 1272 Parisios,
727 1238 802 1274 quod
818 1242 948 1264 tenentur
960 1238 1000 1264 ad
1016 1239 1154 1273 integram
1167 1239 1330 1274 pensionem
1343 1248 1377 1264 ac
1390 1239 1416 1264 si
1432 1239 1585 1264 misissent.

1401 1324 1475 1352 1387,
1491 1324 1581 1355 Aprilis
1598 1324 1643 1352 28,
1660 1324 1773 1349 Cluniae-i.

283 1406 372 1440 Cum
395 1406 482 1439 alias
503 1406 613 1439 fuerit
633 1406 838 1439 ordinatum
860 1413 895 1439 et
920 1413 1105 1443 statutum,
1128 1407 1238 1451 quod,
1263 1407 1293 1439 si
1324 1407 1479 1451 priores,
1504 1407 1565 1451 qui
1595 1414 1717 1439 tenere
1743 1407 1877 1440 debent
1902 1408 2061 1441 scolares

194 1472 230 1505 in
254 1472 411 1518 collegio
434 1472 681 1514 Cluniacensi,
707 1485 771 1518 per
791 1485 923 1505 annum
947 1480 1043 1506 stent
1066 1473 1163 1518 quod
1184 1473 1234 1505 ibi
1257 1473 1432 1506 scolarem
1456 1485 1529 1505 non
1550 1473 1702 1514 mittant,
1726 1474 1894 1507 dominus
1916 1474 2062 1507 Clunia—

193 1539 314 1572 censis
336 1539 445 1572 debet
471 1539 613 1572 mittere
635 1546 670 1572 et
695 1539 871 1572 deffectus
892 1551 1018 1572 eorum
1046 1539 1231 1584 supplere,
1256 1546 1291 1572 et
1319 1538 1578 1572 nichilominus
1606 1540 1692 1572 dicti
1723 1541 1863 1584 priores
1895 1547 2063 1573 tenentur

194 1605 238 1638 ad
255 1605 480 1638 solucionem
502 1605 597 1638 dicte
619 1606 808 1651 pensionis
829 1605 1069 1651 integraliter,
1088 1618 1126 1638 ac
1149 1606 1179 1638 si
1201 1605 1335 1638 ibidem
1358 1605 1517 1638 scolares
1540 1606 1756 1644 tenuissent,
1776 1606 1819 1638 ad
1841 1606 1946 1639 finem
1966 1607 2062 1651 quod

195 1672 280 1704 dicti
301 1672 443 1717 priores
464 1671 595 1704 melius
616 1672 835 1705 inducantur
855 1672 898 1705 ad
922 1672 1136 1705 mittendum
1159 1672 1195 1704 in
1217 1672 1313 1704 (licto
1336 1671 1492 1717 collegio
1515 1672 1675 1704 scolares
1694 1684 1700 1704 :
1721 1672 1936 1706 diffinitores
1957 1685 2064 1706 reno-

194 1745 277 1771 vant
298 1738 432 1771 dictum
455 1745 625 1772 statutum
648 1746 683 1771 et
704 1739 873 1771 ordinant
893 1739 1080 1784 perpetuis
1102 1738 1328 1784 temporibus
1350 1737 1609 1771 inviolabiliter
1629 1738 1827 1771 observari.

287 1836 355 1859 Bihl.
371 1839 425 1860 nat.
439 1836 534 1863 Paris.y
553 1844 631 1860 nouv.
648 1845 715 1868 neq.¹
730 1845 779 1860 ms.
795 1837 841 1860 lat.
858 1838 928 1867 2263,
946 1837 988 1860 sol.
1006 1838 1044 1865 69,
1063 1837 1116 1859 88¹²v

198 2028 338 2065 1534.
364 2040 480 2064 Statuta
503 2038 657 2073 facultatis
682 2039 842 2074 theologiae
867 2041 962 2065 Paris.
989 2039 1024 2065 de
1049 2038 1237 2064 admittendis
1264 2038 1304 2063 ad
1328 2038 1465 2063 lecturam
1493 2039 1702 2063 Sententiarum
1728 2042 1755 2063 et
1777 2039 1811 2064 de
1839 2039 2060 2072 Quaestionibus

300 2087 455 2121 faciendis.

1452 2123 1523 2151 1387,
1540 2123 1608 2148 dunis
1621 2124 1646 2151 4,
1662 2123 1772 2149 Parisiis.

281 2211 472 2244 Universis
493 2218 684 2256 presentes
705 2211 844 2244 litteras
865 2212 1099 2256 inspecturis,
1127 2223 1194 2243 nos
1221 2222 1347 2243 omnes
1374 2217 1408 2242 et
1436 2209 1573 2254 singuli
1602 2209 1765 2254 magistri
1793 2210 1829 2241 in
1855 2209 2058 2255 theologica

191 2277 357 2310 facultate
379 2277 539 2310 parisius
556 2285 635 2311 actu
657 2285 829 2323 regentes
850 2285 886 2311 et
908 2290 979 2310 non
1002 2284 1186 2323 regentes,
1209 2277 1361 2310 salutem
1383 2277 1420 2308 in
1442 2288 1484 2308 eo
1507 2276 1568 2320 qui
1591 2282 1646 2308 est
1665 2276 1823 2308 omnium
1841 2288 1924 2309 vera
1946 2277 2056 2310 salus.

192 2344 295 2376 Facta
316 2344 488 2388 preterita
513 2356 580 2377 nos
609 2344 775 2386 edocent,
806 2357 848 2377 ex
874 2345 1102 2389 promotione
1125 2343 1352 2389 quorundam
1380 2342 1541 2374 indebite
1571 2342 1722 2386 gradum
1751 2342 1994 2387 magistralem
2022 2345 2058 2376 in

193 2409 285 2443 dicta
314 2410 480 2443 facultate
511 2411 759 2453 ambientium,
789 2411 895 2444 fidem
924 2411 1048 2444 multis
1076 2410 1249 2456 periculis
1276 2417 1310 2442 et
1335 2416 1494 2442 nostram
1518 2408 1647 2441 dictam
1668 2408 1871 2442 facultatem
1893 2409 2058 2455 dampnis

192 2482 227 2509 et
242 2476 433 2521 vituperiis
454 2489 559 2522 quam
582 2478 749 2523 plurimis
766 2478 967 2523 subjacere.
985 2479 1059 2511 Nos
1080 2478 1192 2522 igitur
1207 2476 1373 2510 volentes
1390 2475 1522 2508 talibus
1544 2475 1717 2520 periculis
1735 2475 1895 2514 obviare,
1912 2477 2058 2510 fraudes

192 2549 226 2575 et
242 2542 396 2576 fabricas
413 2551 520 2589 prout
540 2557 737 2589 possumus
754 2545 960 2586 excludere,
979 2556 1046 2577 nos
1063 2555 1190 2577 omnes
1212 2543 1340 2588 prefati
1357 2542 1534 2587 magistri,
1552 2541 1672 2574 habita
1688 2548 1823 2575 matura
1841 2549 1875 2575 et
1892 2543 2058 2588 diligenti

193 2609 455 2643 deliberatione
481 2611 518 2643 in
544 2612 820 2657 quamplurimis
847 2610 1197 2656 congregationibus
1225 2621 1335 2654 super
1360 2609 1428 2641 hoc
1458 2608 1665 2653 specialiter
1686 2608 1892 2650 celebratis,
1914 2610 1958 2642 ad
1983 2610 2058 2643 lau-

193 2675 273 2709 dem
305 2677 371 2709 Dei
403 2683 438 2710 et
467 2678 577 2711 totius
609 2679 725 2711 nostri
753 2678 900 2724 collegii
930 2678 1106 2711 honorem
1137 2684 1172 2710 et
1200 2676 1514 2709 conservationem
1542 2675 1702 2707 unanimi
1730 2687 1925 2717 consensu,
1958 2676 2057 2709 nullo

194 2743 338 2787 penitus
359 2744 641 2786 contradicente,
663 2746 855 2778 statuimus
876 2757 945 2790 que
967 2750 1171 2790 sequuntur
1190 2756 1196 2776 :

282 2810 402 2843 Primo
419 2811 517 2855 quod
538 2811 660 2845 nullus
681 2811 896 2845 bacallarius
918 2812 1102 2856 gratiosus
1123 2811 1292 2843 decetero
1314 2809 1521 2842 admittatur
1537 2808 1580 2841 ad
1602 2807 1773 2840 lecturam
1796 2808 2058 2841 Sententiarum

194 2875 265 2908 nisi
286 2876 388 2920 prius
409 2876 530 2910 debite
552 2878 784 2923 responderit
804 2878 848 2911 de
865 2879 1057 2923 questione
1079 2877 1275 2918 ordinaria,
1292 2882 1352 2909 aut
1372 2876 1408 2908 in
1431 2874 1608 2915 Sorbona,
1626 2880 1662 2907 et
1682 2874 1812 2919 legerit
1832 2873 1983 2906 Bibliam
2004 2881 2061 2907 aut

320 2937 369 2954 Η*
387 2935 481 2959 ΟῙιανι.
505 2935 582 2960 Um'v.
601 2937 697 2961 Paris.
716 2937 762 2960 111.
1909 2933 1939 2954 56
