2488 3386
913 497 1343 559 APPENDIX

200 717 340 754 1696.
364 727 464 751 Forma
480 725 642 751 litterarum
658 725 995 751 recommendaioriarum
1012 726 1160 761 cujusdam
1178 727 1308 760 magistr-i
1325 727 1439 751 artium.

284 828 427 854 Universis
449 829 594 861 presentes
616 828 725 854 litteras
747 829 919 862 inspecturis
938 830 1033 855 rector
1048 830 1076 855 et
1096 829 1268 854 Universitas
1289 829 1497 862 magistrorum
1518 831 1547 854 et
1562 829 1716 855 scolarium
1740 830 1861 855 Parisius
1876 830 2059 856 studentium

194 877 319 903 salutem
334 879 362 903 et
377 877 517 903 sinceram
533 877 564 902 in
580 877 707 903 Domino
722 877 886 903 karitatem.
905 877 932 903 Si
948 885 1049 904 omnes
1069 879 1130 903 tam
1146 878 1272 903 naturali
1291 878 1419 911 equitate
1434 886 1525 911 quam
1545 878 1642 904 divine
1662 878 1731 911 legis
1751 880 1885 911 precepto
1906 881 2060 905 teneantur

196 928 230 952 ut
244 926 358 952 veritati
373 926 576 952 testimonium
592 926 776 959 perhibeant,
793 927 889 952 multo
905 927 997 959 magis
1012 927 1065 952 viri
1083 926 1220 952 scolastici
1235 928 1263 952 et
1279 927 1492 960 cujuscumque
1507 926 1623 952 scientie
1645 928 1816 960 professores
1834 927 1870 952 ad
1890 928 1966 953 hane
1985 928 2059 953 veri-

196 975 262 1001 tatis
276 974 504 1008 perhibitionem
520 974 679 1008 specialiter
701 977 770 1000 sunt
789 975 907 1003 astricti.
931 977 964 1000 ut
984 975 1022 1001 sic
1047 983 1099 1001 nec
1122 976 1217 1001 favore
1239 983 1291 1001 nec
1313 975 1418 1001 timore
1433 975 1548 1001 devient
1562 983 1578 1001 a
1593 975 1766 1001 rectitudine
1786 976 1914 1002 rationis.
1932 976 2005 1002 llinc
2020 978 2061 1002 est

196 1023 276 1057 quod
292 1031 353 1049 non
373 1024 469 1049 solum
489 1023 566 1049 fama
588 1024 739 1052 referente.
756 1024 804 1049 sed
823 1023 912 1057 ipsius
928 1024 967 1049 rei
983 1024 1125 1049 evidentia
1140 1024 1313 1053 declarante,
1331 1024 1468 1050 veraciter
1486 1024 1568 1049 nobis
1583 1026 1695 1050 constat
1709 1024 1850 1050 dilectum
1870 1025 1966 1050 virum
1982 1025 2012 1050 B.
2027 1025 2063 1051 de

197 1072 247 1098 tali
262 1072 334 1101 loco,
353 1072 528 1104 magistrum
550 1072 580 1098 in
602 1073 722 1101 artibus,
748 1073 825 1098 fama
847 1074 875 1098 et
895 1073 952 1098 vita
968 1073 1159 1105 moribusque
1174 1073 1234 1098 fore
1256 1073 1458 1106 multipliciter
1473 1073 1754 1099 commendandum.
1772 1073 1905 1099 Volentes
1926 1074 2017 1106 igitur
2030 1073 2062 1099 in

196 1122 345 1154 quantum
361 1121 444 1146 nobis
460 1121 489 1146 in
506 1121 559 1146 hac
578 1122 660 1154 parte
677 1121 825 1146 incumbit
840 1121 951 1147 veritati
967 1121 1170 1147 testimonium
1190 1121 1351 1154 perhibere,
1369 1123 1469 1147 tenore
1483 1121 1664 1154 presentium
1684 1122 1849 1147 litterarum
1869 1123 1976 1148 notum
1992 1122 2062 1148 faci-

198 1177 265 1195 mus
280 1169 360 1203 quod
382 1170 528 1203 predictus
548 1170 684 1202 magister
706 1170 820 1195 licentia
838 1170 974 1202 rigorosa,
991 1170 1143 1203 prehabita
1165 1170 1379 1196 examinatione
1399 1170 1541 1202 diligenti,
1559 1172 1668 1196 statum
1688 1171 1885 1203 magistralem
1905 1171 1935 1196 in
1953 1171 2062 1197 artium

197 1219 333 1244 facultate
349 1218 512 1244 secundum
526 1218 689 1244 Parisiensis
704 1219 900 1245 Universitatis
915 1219 1140 1245 consuetudines
1157 1220 1245 1252 atque
1260 1227 1354 1244 mores
1369 1219 1432 1247 rite,
1447 1219 1523 1244 licite
1538 1220 1566 1244 et
1581 1219 1723 1251 legittime
1736 1221 1777 1245 est
1790 1220 1921 1252 adeptus,
1938 1221 1966 1246 et
1982 1221 2063 1253 post-

198 1267 323 1293 modum
339 1267 369 1293 in
385 1267 513 1300 predicta
533 1267 722 1293 Universitate
742 1267 891 1293 Parisiensi
907 1267 1051 1293 studendo
1067 1269 1095 1293 et
1116 1268 1239 1300 legendo
1260 1268 1291 1293 in
1311 1268 1385 1293 dicta
1400 1268 1509 1293 artium
1524 1268 1660 1293 facultate
1674 1270 1715 1293 est
1737 1268 1920 1294 laudabiliter
1941 1276 2063 1295 conver·

198 1318 290 1345 satus:
307 1318 426 1349 propter
440 1317 520 1349 quod
534 1318 639 1342 merito
651 1316 765 1342 dictum
781 1316 956 1349 magistrum
970 1317 1080 1342 socium
1097 1318 1232 1342 nostrum
1245 1316 1426 1342 carissimum
1439 1317 1522 1342 omni
1532 1324 1592 1350 quo
1603 1316 1775 1351 poss[umus]
1790 1318 2064 1343 recommendamus

199 1365 304 1391 affectu
324 1365 463 1390 omnibus
486 1365 615 1398 personis
636 1367 696 1390 tam
712 1365 904 1391 ecelesiasticis
924 1373 1014 1398 quarn
1037 1365 1222 1394 secularibus,
1246 1366 1459 1398 cujuscumque
1482 1367 1572 1391 status
1586 1366 1718 1395 existant,
1742 1366 1780 1391 eis
1798 1366 1936 1392 omnibus
1955 1368 2065 1393 attente

199 1414 390 1447 supplicando
408 1414 488 1447 quod
503 1414 634 1447 predicto
654 1414 793 1447 magistro
806 1414 1033 1440 benivolentiam
1051 1416 1079 1440 ct
1095 1414 1237 1439 honorem
1253 1422 1340 1447 seque
1359 1414 1525 1440 favorabiles
1540 1416 1568 1440 et
1583 1414 1724 1447 benignos
1739 1415 1881 1444 exibeant,
1898 1415 2063 1444 consilium,

199 1462 343 1488 auxilium
358 1464 386 1488 et
401 1463 529 1488 favorem
544 1463 575 1488 in
590 1463 647 1488 suis
664 1463 788 1495 negociis
803 1463 1012 1496 impendendo,
1032 1464 1151 1488 tantum
1166 1463 1196 1488 in
1212 1463 1267 1488 hiis
1284 1463 1428 1491 facientes,
1446 1464 1479 1488 ut
1497 1463 1535 1488 eis
1550 1465 1704 1489 teneamur
1719 1463 1754 1488 ad
1767 1464 1927 1496 gratiarum
1941 1464 2066 1490 actiones

199 1511 342 1538 efficacius
357 1511 476 1544 alligati,
496 1511 615 1538 scientes
635 1512 715 1545 quod
731 1512 877 1545 quidquid
893 1519 946 1545 pro
968 1512 1097 1545 predicto
1119 1512 1257 1544 magistro
1280 1512 1408 1541 fecerint,
1431 1519 1483 1544 pro
1506 1512 1588 1537 nobis
1609 1512 1671 1537 fieri
1692 1514 1872 1545 reputamus.
1891 1512 1999 1538 Datum
2013 1513 2066 1538 sub

200 1560 293 1594 sigillo
312 1568 421 1593 magno
441 1562 538 1586 nostre
560 1560 757 1586 Universitatis
776 1560 807 1585 in
830 1562 928 1586 nostra
951 1561 1174 1594 congregatione
1189 1561 1317 1593 generali
1335 1561 1415 1594 apud
1431 1560 1569 1586 Sanctum
1589 1561 1770 1586 Maturinum
1795 1569 1846 1594 per
1861 1561 2067 1594 juramentum

200 1609 379 1636 sollemniter
394 1609 534 1635 celebrata
549 1617 628 1635 anno
641 1609 761 1635 Domini
776 1609 815 1634 M0
829 1609 909 1635 CCC0
923 1609 1044 1635 Lxxxo.

294 1697 363 1720 Bibl.
379 1700 432 1720 nat.
455 1696 540 1720 Paris.
560 1705 609 1720 ms.
626 1697 671 1720 lat.
691 1697 775 1724 16219,
794 1697 838 1720 sol.
855 1697 909 1720 230.
924 1710 955 1714 -
973 1697 1042 1719 llaec
1063 1696 1176 1727 epistola
1192 1696 1217 1719 in
1234 1696 1324 1719 multis
1340 1697 1481 1719 concordat
1496 1705 1555 1719 cum
1576 1696 1670 1719 litteris
1687 1697 1909 1719 testimonialibus
1933 1698 2067 1724 Clzarculi,

200 1741 233 1770 H,
250 1745 279 1764 ¹1⁰
294 1741 362 1769 1045,
380 1741 466 1770 editis,
484 1750 497 1764 e
515 1750 566 1772 quo
582 1741 738 1765 concludere
758 1741 893 1770 debemus,
910 1745 963 1764 tam
982 1741 1083 1764 litteras
1103 1741 1294 1764 testimoniales
1315 1749 1392 1772 quam
1411 1741 1677 1764 recommendutorias
1699 1750 1803 1772 semper
1823 1742 1855 1764 ud
1878 1742 1995 1764 eamdem
2017 1744 2070 1765 sere

202 1786 313 1808 sormam
325 1786 485 1817 compositas
502 1785 591 1809 fuisse.

683 1936 898 1969 STATUTA
932 1936 1224 1969 FACULTATIS
1262 1935 1583 1969 DECRETORUM

952 2034 1100 2063 (Continent
1115 2038 1152 2056 11⁰³
1167 2033 1321 2063 1697-1712.)

300 2117 328 2139 In
342 2117 495 2140 collectione
513 2120 683 2146 statutorum,
699 2126 712 2140 e
728 2125 779 2148 qua
794 2118 930 2149 sequentia
945 2118 1085 2149 desumpta
1101 2121 1171 2146 sunt,
1187 2117 1337 2148 promiscue
1350 2120 1438 2140 vetera
1454 2125 1512 2139 cum
1528 2116 1602 2139 novis
1620 2116 1795 2147 reperiuntur.
1818 2117 1965 2139 Notandum
1985 2120 2071 2139 tamen

205 2161 232 2184 in
247 2164 404 2192 tempestate
424 2161 565 2192 posteriori
582 2162 710 2193 quaedum
730 2165 828 2185 statuta
849 2162 935 2193 specie
952 2166 1053 2185 tantum
1074 2166 1102 2185 ut
1124 2170 1191 2185 nova
1209 2162 1278 2185 edita
1296 2170 1362 2190 esse,
1383 2169 1442 2184 cum
1464 2161 1519 2192 jam
1542 2164 1618 2184 antea
1639 2161 1767 2192 vigerent.
1783 2161 1834 2184 Nos
1854 2161 1880 2183 in
1903 2161 2071 2192 sequentibus

205 2213 235 2229 ea
250 2205 448 2236 exscripsimus,
466 2214 533 2237 quae
550 2206 583 2229 ml
600 2214 668 2229 saec.
684 2214 728 2229 x1v
746 2206 831 2229 adhuc
846 2207 978 2237 pertinere
994 2207 1125 2235 videntur,
1142 2206 1211 2237 quod
1225 2214 1275 2229 non
1289 2214 1348 2228 raro
1362 2213 1410 2236 pro
1426 2208 1496 2228 certo
1512 2205 1637 2228 affirmari
1652 2208 1747 2236 potest.

213 2293 353 2330 1697.
378 2311 393 2328 <<
414 2304 473 2328 JIec
493 2306 560 2328 sunt
579 2306 692 2328 statuta
715 2311 768 2337 que
789 2302 892 2328 debent
914 2302 970 2337 legi
982 2311 1035 2338 per
1052 2302 1186 2328 bidellum
1204 2310 1375 2327 communem
1396 2309 1470 2326 anno
1492 2300 1618 2336 quolibet
1634 2301 1662 2326 in
1676 2300 1827 2336 principiis
1848 2300 1999 2326 lectionum
2015 2304 2072 2326 tam

278 2351 472 2377 Decretalium
490 2360 575 2387 quam
591 2353 773 2377 Decretorum
790 2352 818 2377 in
833 2351 977 2385 facultate
992 2353 1174 2377 Decretorum
1188 2351 1283 2377 Paris.
1300 2359 1315 2376 »

1456 2399 1551 2425 Partim
1567 2407 1605 2425 an.
1622 2399 1787 2425 7340-7390.

298 2489 337 2524 (1)
354 2490 451 2515 Primo
471 2489 626 2515 statuendo
647 2489 832 2515 decernimus
854 2489 973 2514 nullum
989 2489 1120 2514 decetero
1135 2489 1315 2514 censendum
1338 2489 1476 2514 scolarem
1492 2488 1636 2514 facultatis
1656 2488 1856 2517 Decretorum,
1873 2489 1906 2513 ut
1921 2488 2076 2521 privilegiis

209 2538 300 2572 ipsius
315 2539 458 2564 facultatis
480 2538 780 2571 immunitatibusquc
803 2538 919 2563 fruatur
940 2537 1001 2571 (ms.
1026 2537 1189 2571 fungatur).
1208 2538 1262 2563 nisi
1282 2537 1436 2563 lectionem
1452 2537 1562 2570 proprii
1577 2537 1702 2562 doctoris
1721 2537 1863 2562 audiverit
1879 2538 1907 2563 et
1922 2537 2074 2562 lectionem

209 2587 388 2613 ordinariam
401 2587 437 2613 de
453 2595 539 2613 mane
554 2587 650 2613 debite
665 2587 892 2620 frequentaverit
906 2586 943 2612 ad
955 2586 1055 2612 minus
1068 2586 1109 2612 bis
1125 2587 1167 2612 vel
1182 2588 1223 2612 ter
1238 2586 1268 2611 in
1283 2585 1470 2611 ebdomada&

299 2636 337 2670 (2)
350 2637 424 2662 Item
439 2636 461 2661 si
475 2636 627 2669 contingat
638 2635 774 2670 ,aliquem
797 2636 936 2661 scolarem
960 2635 1022 2668 capi
1042 2635 1094 2668 qui
1118 2643 1178 2661 non
1201 2635 1305 2661 habeat
1324 2635 1473 2660 doctorem
1493 2636 1607 2660 certum
1627 2642 1643 2660 a
1661 2642 1721 2668 quo
1741 2635 1896 2660 Decretum
1919 2634 2027 2662 audiat,
2043 2635 2076 2659 ut

210 2685 324 2711 dictum
339 2687 390 2714 est,
405 2693 466 2710 non
479 2686 628 2718 repetetur
643 2686 677 2710 ut
692 2684 816 2710 scolari&
833 2685 868 2710 Et
881 2684 902 2709 si
917 2684 978 2710 aliis
994 2684 1149 2717 privilegiis
1165 2685 1193 2710 et
1207 2684 1320 2710 auxiliis
1333 2685 1367 2709 ut
1382 2683 1496 2709 scolaris
1509 2683 1539 2709 in
1554 2684 1690 2709 facultate
1702 2683 1891 2709 Decretorum
1908 2683 2074 2715 indiguerit,

213 2734 308 2760 eidem
324 2734 492 2760 nullatenus
505 2733 702 2762 subvenietur,
719 2741 788 2759 eum
804 2733 868 2759 talis
883 2741 944 2759 non
960 2733 995 2758 sit
1010 2733 1170 2759 censendus
1185 2733 1308 2758 scolaris.

303 2782 340 2816 (3)
354 2781 447 2808 Item2
459 2782 559 2807 nullus
578 2782 753 2808 baccalarius
767 2782 803 2808 de
818 2789 904 2807 mane
924 2782 1021 2814 legens
1037 2782 1080 2808 vel
1097 2782 1170 2807 alius
1184 2782 1292 2815 poterit
1307 2782 1435 2815 repetere
1454 2781 1592 2807 scolarem
1610 2782 1729 2814 captum
1744 2778 1780 2806 ab
1793 2780 1918 2807 officiali,
1934 2780 2078 2813 preposito

212 2839 262 2857 seu
277 2831 379 2864 quovis
395 2831 450 2856 alio
467 2831 565 2864 judice
580 2830 767 2857 ecclesiastico
783 2831 826 2857 vel
841 2831 971 2860 seculari,
989 2831 1042 2856 sub
1064 2838 1138 2864 pena
1156 2830 1287 2864 perjurii,
1306 2837 1374 2856 cum
1391 2829 1454 2855 talis
1472 2829 1605 2863 repetitio
1622 2829 1658 2855 ad
1677 2829 1825 2855 doctorem
1844 2830 1909 2854 actu
1930 2830 2078 2861 regentem

213 2879 402 2913 dignoscatur
417 2879 571 2913 pertinere.

305 2928 344 2963 (A)
360 2929 433 2954 Item
449 2928 645 2954 observabunt
658 2928 775 2957 statuta,
793 2928 952 2962 privilegia,
968 2928 1194 2955 consuetudines
1206 2927 1374 2956 laudabiles,
1392 2927 1589 2953 ordinationes
1603 2928 1631 2952 et
1645 2926 1799 2952 sententias
1813 2925 1913 2952 decani
1927 2927 1955 2951 et
1970 2925 2080 2958 collegii

341 2979 390 2996 *ἢ
409 2977 501 3000 Chart.
526 2976 602 3000 Univ.
621 2976 716 3000 Paris.
735 2976 781 2999 111.
1925 2973 1952 2996 81
