2488 3386
202 332 296 366 1388]
612 343 658 364 ΑΒ
694 343 799 364 ,111Νο
834 342 966 365 1110001,
1000 343 1131 371 USQUE
1166 344 1214 364 An
1251 344 1514 366 BENEntcrura
1550 345 1638 366 X111.
1999 334 2064 367 469

197 416 299 449 factis
321 423 355 449 et
386 416 615 461 postmodum
644 416 849 461 publicatis,
873 416 981 449 lectio
1002 416 1222 450 matutinalis
1249 424 1284 450 et
1313 418 1494 450 ordinaria
1520 418 1760 451 Decretalium
1784 419 1819 450 in
1840 418 1919 451 vico
1941 418 2065 451 Clausi

198 482 360 515 Brunelli
386 483 603 516 Parisicnsis
625 482 837 515 doctoribus
864 483 899 514 in
921 483 1044 515 eadem
1067 483 1233 516 facultate
1255 484 1494 528 competebat,
1517 486 1620 528 cujus
1646 484 1814 517 lectionis
1834 485 1966 518 virtute
1994 484 2065 529 ipsi

197 550 366 582 doctores
383 549 533 582 eandem
555 549 749 582 lectionem
770 549 937 594 legentes
955 550 1113 594 reputari
1135 549 1317 583 debebant
1337 557 1508 595 regentes
1529 551 1566 583 in
1583 551 1706 583 eadem
1724 551 1904 592 facultate,
1921 563 2064 584 necnon

191 616 352 660 juribus,
374 616 590 662 privilegiis,
613 616 856 657 libertatibus,
879 616 1087 648 franchisiis
1116 623 1150 648 et
1178 616 1433 650 emolumentis
1461 616 1752 662 quibuscumque
1782 617 1825 650 ad
1845 629 1952 650 veros
1981 618 2066 650 doc-

197 690 294 715 tores
317 689 487 727 regentes
509 682 757 727 spectantibus
779 682 955 728 gaudere3
975 689 1010 715 et
1030 695 1110 715 cum
1131 682 1199 715 hoc
1217 683 1354 716 eisdem
1374 683 1585 716 doctoribus
1606 683 1799 716 lectionem
1822 684 1957 716 decreti
1977 683 2065 716 hora

196 750 310 794 prime
331 749 368 781 in
389 749 484 782 dicto
505 749 585 782 vico
607 749 731 794 legere
753 749 896 790 licebat,
914 749 1046 782 virtute
1068 761 1219 794 quarum
1242 749 1437 783 lectionum
1459 757 1494 783 et
1519 750 1715 795 cujuslibet
1740 750 1935 782 earundem
1958 750 2064 783 dictis

189 815 349 860 juribus,
363 815 607 856 libertatibus,
620 815 827 848 franchisiis
845 822 880 848 et
897 815 1152 848 emolumentis
1170 817 1221 849 sic
1238 816 1404 861 legentes
1422 823 1588 861 tanquam
1605 817 1681 850 veri
1699 817 1868 849 doctores
1885 816 1922 849 in
1939 816 2063 849 eadem

194 882 361 915 facultate
378 889 550 927 regentes
567 883 618 915 uti
636 889 670 915 et
690 882 850 927 gaudere
867 889 1034 927 poterant
1050 890 1085 915 et
1101 882 1301 924 debebant,
1320 883 1491 928 quodque
1513 884 1672 928 prefatus
1690 883 1734 916 de
1756 882 1893 924 Brolio,
1912 883 2066 927 quierat

195 948 321 981 doctor
342 948 454 981 Paris.
478 948 514 981 in
534 949 702 982 facultate
731 949 905 994 predicta,
928 956 996 981 tam
1024 949 1067 982 de
1088 950 1172 993 jure
1200 962 1305 994 quam
1334 950 1445 982 eciam
1472 950 1650 983 dictorum
1681 956 1896 982 statutorum
1917 949 2063 990 virtute,

195 1022 361 1060 tanquam
393 1015 578 1048 sufficiens
612 1022 647 1048 et
676 1015 855 1061 ydoneus,
887 1028 989 1061 pure,
1026 1016 1241 1061 simpliciter
1271 1023 1305 1049 et
1331 1016 1469 1061 absque
1498 1016 1706 1049 difficultate
1734 1028 1799 1049 seu
1827 1015 2064 1048 condiccione

193 1081 236 1114 ad
267 1081 439 1115 lecturam
469 1082 563 1115 dicte
587 1082 756 1115 lectionis
777 1083 960 1115 ordinarie
987 1089 1022 1116 et
1050 1083 1270 1116 matutinalis
1298 1095 1362 1128 per
1383 1083 1499 1116 dictos
1522 1083 1566 1116 de
1587 1083 1744 1128 collegio
1766 1082 1809 1115 ab
1833 1082 1959 1115 eodem
1983 1094 2065 1127 pre-

193 1149 291 1189 stito,
319 1155 354 1181 et
379 1161 444 1194 per
464 1149 581 1182 dictos
603 1149 647 1182 de
675 1149 831 1194 collegio
861 1156 1006 1194 recepto
1035 1149 1143 1182 solito
1169 1150 1389 1194 juramento,
1417 1157 1565 1195 excepto
1589 1151 1795 1194 juramento
1815 1149 1962 1194 legendi
1984 1149 2063 1182 sine

192 1215 377 1257 candela⁵,
410 1215 507 1249 dicto
538 1228 631 1249 anno
662 1216 807 1249 Domini
834 1216 1028 1249 millesimo
1054 1216 1160 1250 CCC⁰
1182 1217 1408 1261 octogesimo
1439 1217 1579 1261 quinto,
1610 1217 1792 1249 admissus
1826 1223 1860 1248 et
1894 1222 2062 1260 receptus

192 1283 319 1315 fuerat.
341 1283 419 1326 Qua
441 1283 650 1328 receptione
675 1284 778 1324 sacta,
803 1283 1035 1328 presentibus
1057 1283 1162 1316 dictis
1195 1283 1239 1316 de
1269 1283 1426 1328 collegio
1457 1290 1492 1316 et
1521 1283 1565 1316 de
1598 1283 1759 1328 ipsorum
1788 1294 1984 1323 consensu,
2005 1282 2063 1315 vel

192 1349 308 1382 saltim
332 1349 423 1394 ipsis
445 1361 518 1382 non
539 1349 886 1391 contradicentibus,
907 1349 1061 1382 dilectus
1082 1356 1117 1382 et
1137 1349 1256 1382 fidelis
1278 1349 1510 1383 consiliarius
1533 1356 1658 1382 noster
1674 1350 1774 1394 prior
1790 1349 2061 1389 Carnotensis⁰,

192 1416 320 1449 doctor
340 1416 377 1448 in
398 1416 523 1449 eadem
552 1416 733 1457 facultate,
759 1428 908 1461 magnas
935 1416 1052 1449 scolas
1074 1416 1160 1449 dicti
1181 1416 1251 1449 vici
1272 1417 1315 1449 ad
1337 1417 1492 1449 eundem
1521 1417 1678 1461 priorem
1700 1422 1905 1461 spectantes
1927 1416 2064 1460 prefato

193 1482 237 1515 de
259 1482 383 1515 Brolio
405 1494 470 1527 pro
492 1482 650 1528 legendo
674 1483 802 1515 dictam
825 1483 1019 1515 lectionem
1041 1483 1258 1515 ordinariam
1287 1483 1484 1515 tradiderat
1509 1490 1543 1515 et
1570 1489 1814 1523 concesserat,
1837 1482 2006 1515 dilectum
2030 1489 2064 1515 et

191 1548 337 1582 fidelem
358 1549 607 1582 consiliarium
639 1556 801 1582 nostrum
832 1550 1045 1594 magistrum
1075 1551 1220 1582 Petrum
1252 1549 1453 1590 Biaublef⁷‚
1476 1550 1537 1594 qui
1568 1549 1604 1581 in
1633 1549 1769 1582 eisdem
1802 1549 1911 1582 scolis
1934 1549 2062 1581 dictam

191 1615 383 1648 lectionem
406 1616 588 1649 ordinarie
610 1616 734 1661 legere
756 1622 1008 1657 consueverat,
1027 1622 1062 1648 et
1082 1616 1143 1661 qui
1164 1616 1262 1661 ipsas
1283 1615 1401 1649 scolas
1423 1627 1487 1660 pro
1509 1616 1602 1648 (11013
1624 1628 1688 1648 5113
1709 1616 1844 1648 lectura
1866 1615 2010 1660 petebat
2029 1622 2064 1648 et

192 1682 411 1727 requirebat,
437 1694 479 1716 eo
501 1683 599 1727 quod
621 1683 791 1716 doctores
813 1683 857 1716 ad
879 1683 1008 1716 (11013111
1036 1682 1230 1715 lectionem
1258 1682 1449 1727 legendam
1481 1689 1582 1715 erant
1609 1682 1777 1723 ordinati,
1801 1682 1994 1727 repulerat.
2022 1683 2065 1714 In

189 1748 324 1794 quibus
345 1749 456 1783 scolis
478 1750 638 1795 prefatus
656 1750 700 1782 de
722 1749 845 1782 Brolio
866 1750 903 1782 in
923 1749 1048 1794 vigilia
1069 1749 1163 1782 beati
1185 1749 1349 1794 Dyonisii
1370 1761 1464 1782 anno
1487 1749 1650 1794 predicto
1672 1749 1898 1794 octogesimo
1921 1749 2062 1793 quinto,

190 1827 295 1848 suum
325 1816 552 1861 propositum
585 1823 753 1861 tanquam
785 1816 981 1849 notabilior
1012 1822 1047 1848 et
1078 1815 1329 1848 honorabilior
1356 1816 1400 1848 de
1433 1828 1536 1848 mane
1569 1822 1651 1848 111110
1679 1815 1884 1860 legencium
1913 1815 2061 1848 ultimus

189 1883 335 1923 fecerat,
354 1889 389 1915 et
409 1883 526 1916 statim
549 1889 632 1928 post
652 1883 787 1916 dictum
809 1883 941 1915 festum
963 1883 1149 1927 inceperat
1170 1882 1379 1915 Decretales
1401 1882 1444 1914 de
1466 1894 1569 1914 inane
1591 1882 1714 1927 legere
1732 1894 1812 1914 cum
1832 1882 1927 1915 dicto
1949 1882 2061 1927 magi-

189 1955 264 1982 stro
286 1950 392 1982 Petro
414 1949 584 1982 Biaublef
600 1956 684 1982 tunc
706 1961 829 1983 secum
858 1950 895 1982 in
925 1949 1049 1982 eadem
1076 1949 1212 1981 lectura
1234 1955 1487 1981 concurrente.
1516 1950 1555 1981 In
1577 1937 1688 1993 'cujus
1713 1949 1850 1981 lecture
1881 1949 2060 1993 principio

190 2016 317 2061 prefati
339 2016 523 2057 doctores,
543 2023 581 2049 ut
601 2016 712 2049 moris
734 2023 823 2057 erat,
846 2022 881 2048 et
901 2028 966 2061 per
991 2016 1136 2048 modum
1160 2015 1308 2059 collegii
1329 2015 1448 2060 ipsum
1470 2015 1704 2056 honorantes,
1730 2015 1773 2047 ad
1798 2015 1915 2048 scolas
1942 2015 2059 2059 ipsius

188 2082 232 2115 de
254 2082 378 2115 Brolio
399 2089 641 2123 accesserant,
667 2082 703 2114 in
725 2094 878 2127 quorum
901 2082 1089 2115 doctorum
1118 2081 1308 2126 presencia
1335 2088 1613 2126 ceterorumque
1642 2081 1776 2114 ibidem
1804 2081 2057 2114 assistencium

188 2149 282 2182 idem
315 2149 359 2181 de
390 2149 514 2182 Brolio
543 2155 715 2182 statutum
736 2149 794 2182 vel
823 2149 1094 2181 ordinacionem
1124 2148 1304 2193 predictas
1332 2160 1396 2193 per
1421 2148 1568 2180 eosdem
1598 2148 1766 2181 doctores
1793 2160 1903 2192 super
1924 2147 2060 2180 lectura

187 2216 283 2248 dicte
311 2215 481 2248 lectionis
509 2215 691 2248 ordinarie
719 2216 843 2256 factas,
874 2215 1018 2260 publice
1049 2221 1084 2247 et
1110 2214 1248 2259 absque
1276 2214 1564 2247 contradictione
1592 2226 1817 2258 quacumque
1852 2226 1914 2259 per
1942 2214 2059 2247 dictos

186 2282 356 2315 doctores
377 2282 434 2315 vel
455 2282 546 2314 alios
569 2282 792 2323 recitaverat,
816 2288 851 2314 et
872 2281 1102 2326 postmodum
1126 2281 1220 2314 dicte
1242 2292 1307 2313 sue
1334 2280 1501 2313 lectionis
1530 2281 1701 2313 lecturam
1729 2280 1850 2314 debite
1871 2281 2059 2314 continua-

185 2356 299 2382 verat.

276 2416 390 2460 Cujus
411 2415 548 2448 lecture
577 2422 741 2460 tempore
767 2415 948 2460 pendente
980 2414 1249 2459 presuppositis
1277 2414 1421 2447 statutis
1450 2413 1635 2459 predictis,
1666 2414 1793 2458 prefati
1824 2414 1992 2447 doctores
2021 2415 2057 2447 in

185 2482 295 2515 certis
316 2482 394 2515 suis
415 2482 771 2527 congregacionibus
793 2482 836 2514 de
858 2481 1120 2514 circonstancia
1146 2481 1325 2513 dictorum
1352 2487 1567 2513 statutorum
1591 2480 1775 2513 tractando
1801 2481 2057 2514 ordinaverant

186 2555 221 2581 et
237 2554 448 2590 statuerant,
466 2549 563 2593 quod
585 2549 672 2581 dicti
694 2548 864 2581 doctores
882 2548 926 2580 de
946 2559 1046 2580 mane
1068 2547 1234 2592 legentes
1255 2547 1291 2579 in
1312 2547 1390 2591 ipsa
1411 2546 1546 2579 lectura
1564 2558 1670 2591 capas
1688 2546 1818 2579 rubeas
1836 2559 1907 2579 non
1925 2547 2056 2579 deffer-

185 2621 277 2656 rent,
309 2614 522 2660 litterasque
552 2615 817 2648 testimoniales
847 2627 920 2647 non
951 2614 1091 2654 darent,
1122 2625 1189 2646 nec
1221 2625 1308 2646 suos
1337 2612 1498 2646 scolares
1528 2613 1565 2645 in
1595 2613 1803 2646 carceribus
1834 2614 2054 2657 mancipatos

185 2687 404 2726 repeterent,
428 2688 557 2715 statuta
588 2682 820 2727 perlegentes
849 2682 893 2714 de
921 2693 1024 2714 1113110
1051 2680 1165 2725 jurari
1195 2686 1369 2712 consueta
1391 2680 1569 2724 jurarent,
1593 2686 1740 2724 excepta
1771 2680 1863 2712 dicta
1893 2680 2053 2712 clausula

184 2747 263 2780 sine
284 2747 451 2789 candela3
474 2754 509 2780 et
535 2748 633 2793 quod
663 2748 833 2781 bacalarii
862 2748 898 2780 in
927 2747 1051 2780 eadem
1080 2747 1237 2779 lectione
1266 2758 1331 2779 seu
1359 2745 1496 2779 lectura
1516 2758 1597 2778 cum
1623 2746 1714 2791 ipsis
1736 2746 1947 2778 doctoribus
1968 2758 2053 2778 con-

183 2826 331 2847 currere
353 2821 516 2859 possent,
539 2815 570 2847 si
590 2814 725 2847 bonum
747 2815 934 2848 videretur
954 2813 1113 2847 facultati
1141 2813 1316 2858 predicte.
1340 2813 1543 2845 Statuerant
1571 2812 1722 2857 insuper
1743 2819 1777 2845 et
1798 2812 2050 2844 ordinaverant

183 2881 281 2925 quod
302 2881 388 2914 dicti
409 2881 579 2914 doctores
601 2881 645 2914 de
673 2893 776 2914 mane
803 2881 970 2926 legentes
998 2887 1122 2913 essent
1149 2887 1184 2913 et
1213 2885 1468 2924 reputarentur
1489 2879 1563 2912 veri
1595 2885 1763 2923 regentes
1792 2879 1909 2923 quoad
1942 2878 2050 2922 privi-
