2488 3386
429 319 473 351 46
1008 326 1326 349 cultui-ommium
1363 325 1551 347 uutvsns.
1589 324 1717 346 imnis.
2195 308 2293 345 [1357

430 401 486 435 vel
511 401 691 434 interesse
718 401 849 446 poterit
873 400 1037 445 quolibet
1062 400 1098 432 in
1127 400 1285 432 futurum
1315 399 1491 444 premissa
1514 398 1631 431 omnia
1654 404 1689 430 et
1709 396 1853 443 singula
1874 408 1914 429 ac
1936 395 2081 428 modum
2104 394 2295 428 electionis

431 468 584 500 inferius
609 474 814 500 annotatum
846 474 982 505 tenere,
1014 466 1209 499 observare
1239 478 1278 498 ac
1308 465 1464 498 fideliter
1491 464 1689 509 adimplere
1718 470 1752 497 et
1778 475 1851 497 non
1877 469 2001 495 contra
2023 473 2063 494 ea
2087 460 2144 495 vel
2170 473 2295 494 eorum

431 534 579 578 aliquod
601 545 665 578 per
686 545 724 566 se
745 533 801 566 vel
823 533 929 566 alium
953 544 1017 566 seu
1044 533 1135 565 alios
1161 533 1297 565 directe
1323 532 1380 564 vel
1406 531 1596 570 indirecte,
1624 530 1768 575 publice
1797 529 1855 562 vel
1881 528 2035 569 occulte,
2061 527 2199 568 venire,
2226 527 2297 560 fide

433 600 549 633 media
572 599 679 632 michi
700 599 845 644 publico
867 599 1007 632 notario
1029 599 1258 643 infrascripto
1276 610 1340 643 per
1361 598 1555 642 magistros
1576 596 1785 642 hujusmodi
1806 596 1959 641 partium
1982 595 2166 640 predictos
2187 605 2298 639 super

432 666 500 699 hoc
522 667 669 711 prestita
686 666 877 710 corporali.

523 733 654 765 Modus
675 744 760 765 vero
782 732 984 772 electionis,
1001 732 1045 764 de
1067 743 1138 776 quo
1160 743 1268 776 supra
1289 731 1328 764 fit
1343 731 1491 771 mentio,
1512 731 1680 775 sequitur
1700 736 1736 762 et
1756 736 1811 762 est
1831 729 1924 762 talis.
1943 728 2107 773 Magistri
2129 727 2299 760 Nicotaus

433 799 479 832 de
500 799 705 831 Savoneriis
728 810 792 843 pro
818 798 999 831 Gallicana
1022 804 1055 830 et
1077 810 1141 842 per
1161 797 1335 838 Gallicos,
1358 804 1391 830 et
1417 797 1602 830 Arnoldus
1630 797 1674 829 de
1700 795 1845 841 Capella
1873 807 1938 840 pro
1964 794 2124 828 Picardis
2150 801 2185 827 et
2209 795 2300 827 Nor-

436 866 576 898 mannis
606 877 645 898 ac
677 877 740 910 per
768 864 939 897 Picardos
964 871 998 897 et
1028 866 1268 904 Normannos,
1291 876 1309 896 a
1338 863 1445 897 dictis
1472 863 1633 908 partibus
1665 862 1884 895 unanimiter
1905 861 2010 894 electi
2037 867 2072 894 et
2096 860 2140 894 ab
2161 860 2299 893 eisdem

436 931 598 976 partibus
625 943 688 964 seu
715 943 733 963 a
759 931 838 964 loco
861 943 931 975 quo
958 930 1167 975 hujusmodi
1189 937 1308 975 partes
1330 929 1507 962 sedebant
1527 929 1787 974 aliquantulum
1816 928 1988 972 elongati,
2012 927 2105 960 duos
2130 927 2301 960 denarios

435 1004 653 1042 acceperunt
673 1004 708 1030 et
728 997 822 1030 inter
842 1009 880 1030 se
902 997 1162 1029 ordinaverunt
1183 996 1293 1041 quod,
1316 996 1373 1029 cui
1396 996 1549 1041 partium
1571 995 1782 1040 hujusmodi
1804 1006 1868 1039 per
1890 1006 1997 1027 unum
2016 994 2167 1026 aliorum
2190 993 2302 1038 magi-

437 1071 595 1097 strorum
618 1063 699 1096 talis
720 1063 891 1096 denarius
913 1062 1122 1107 hujusmodi
1143 1062 1373 1095 denariorum
1398 1062 1614 1101 traderetur,
1632 1061 1698 1094 hec
1721 1073 1803 1106 pars
1825 1067 1959 1106 partem
1982 1072 2086 1105 quam
2108 1059 2219 1093 vellet
2239 1059 2303 1092 eli-

438 1137 552 1175 geret,
585 1136 620 1162 et
644 1129 745 1162 alteri
774 1129 863 1174 parti
893 1129 959 1161 alia
988 1129 1118 1162 electio
1149 1135 1363 1161 remaneret.
1396 1130 1476 1170 Quo
1507 1129 1598 1161 sacto
1632 1127 1750 1160 taliter
1779 1127 1874 1160 inter
1905 1127 2006 1172 ipsos
2032 1125 2242 1159 Nicholaum
2270 1132 2305 1159 et

438 1196 638 1228 Arnoldum
668 1207 707 1228 ac
735 1195 845 1228 eciam
877 1195 1056 1234 ordinato,
1088 1195 1195 1227 iidem
1229 1195 1391 1240 magistri
1423 1194 1593 1227 Nicolaus
1624 1200 1658 1227 et
1687 1193 1874 1226 Arnoldus
1895 1193 1938 1226 ad
1959 1193 2050 1226 alios
2075 1192 2303 1232 accedentes,

440 1263 612 1307 magistro
632 1261 786 1294 Johanni
809 1261 852 1294 de
879 1262 1058 1294 Couciaco
1080 1261 1243 1306 predicto
1265 1261 1473 1306 hujusmodi
1496 1261 1726 1294 denariorum
1755 1272 1865 1293 unum
1887 1260 1950 1293 uni
1971 1259 2076 1305 parti,
2098 1266 2133 1292 et
2153 1258 2304 1292 alterum

438 1328 539 1361 alteri
570 1328 659 1373 parti
694 1328 887 1360 casualiter
916 1328 1209 1361 distribuendum
1241 1328 1481 1368 tradiderunt,
1522 1328 1582 1372 qui
1614 1327 1786 1372 magister
1822 1326 2007 1360 Johannes
2047 1325 2090 1358 de
2126 1325 2305 1359 Couciaco

440 1394 647 1439 hujusmodi
679 1394 847 1427 denarios
875 1394 1025 1439 accepit,
1058 1401 1092 1427 et
1119 1395 1236 1427 statim
1263 1406 1372 1427 unum
1402 1394 1446 1427 de
1472 1394 1681 1438 hujusmodi
1707 1394 1867 1426 denariis
1895 1393 2069 1438 magistro
2095 1392 2243 1425 Nicolao
2273 1397 2308 1424 et

439 1461 589 1494 alterum
618 1461 791 1505 magistro
819 1460 983 1493 Arnoldo
1020 1473 1037 1493 a
1070 1461 1242 1505 predictis
1271 1460 1464 1493 casualiter
1498 1460 1696 1493 distribuit.
1732 1461 1772 1492 Et
1807 1460 1889 1504 quia
1919 1471 1983 1504 per
2011 1458 2306 1492 distributionem

441 1527 649 1571 hujusmodi
684 1527 857 1572 magister
887 1526 1081 1559 Nicholaus
1113 1527 1297 1572 predictus
1331 1527 1517 1560 denarium
1547 1539 1611 1571 pro
1640 1526 1819 1559 electione
1853 1526 2032 1571 signatum
2069 1525 2238 1566 obtinuit,
2273 1530 2310 1557 et.

442 1593 614 1638 magister
636 1592 822 1625 Arnoldus
843 1593 1029 1625 denarium
1052 1593 1203 1626 alterum
1225 1593 1362 1634 habuit,
1384 1593 1467 1625 hinc
1494 1600 1548 1626 est
1569 1593 1665 1638 quod
1692 1593 1856 1638 magistri
1882 1593 1926 1625 de
1953 1592 2098 1625 natione
2123 1591 2308 1625 Gallicana

442 1659 616 1692 decanum
647 1659 784 1704 eligere
812 1659 990 1698 volentes,
1023 1660 1232 1705 magistrum
1268 1659 1482 1693 Guibertum
1511 1660 1555 1692 (le
1585 1660 1750 1693 Celseto⁹
1781 1671 1846 1704 pro
1872 1659 2009 1692 decano
2039 1658 2243 1703 elegerunt,
2275 1663 2311 1690 et

444 1726 607 1770 magistri
638 1725 785 1758 aliarum
815 1726 998 1758 nationum
1031 1726 1272 1771 predictarum
1299 1727 1494 1771 magistros
1523 1726 1723 1760 Johannem
1750 1726 1794 1759 de
1823 1726 2015 1767 Couciaco,
2047 1724 2233 1758 Nicolaum
2265 1724 2309 1757 de

445 1792 666 1833 Savoneriis,
689 1792 922 1825 Guillelmum
952 1792 1083 1826 Osberi
1106 1800 1140 1825 et
1162 1793 1356 1826 Robertum
1385 1793 1552 1826 Bermain
1579 1793 1763 1838 predictos
1788 1805 1853 1838 pro
1880 1791 2187 1825 examinatoribus
2216 1791 2310 1824 dicte

445 1859 624 1891 facultatis
648 1858 851 1903 elegerunt.
876 1860 916 1891 Et
940 1859 1135 1892 voluerunt
1156 1859 1250 1892 dicte
1278 1866 1409 1904 partes,
1433 1860 1530 1904 quod
1552 1860 1710 1892 decanus
1736 1866 1771 1892 et
1795 1859 2059 1892 examinatores
2084 1858 2237 1903 predicti
2259 1857 2311 1891 sic

448 1925 553 1958 electi
576 1937 691 1969 usque
711 1925 754 1958 ad
777 1925 967 1958 terminum
991 1926 1186 1958 decanatus
1207 1933 1420 1959 consuetum
1449 1926 1581 1959 durent
1608 1927 1644 1958 in
1668 1926 1745 1959 suis
1775 1926 1916 1965 officiis,
1948 1925 2019 1958 nisi
2049 1924 2175 1958 arbitri
2201 1935 2312 1970 super

448 1991 544 2024 dicto
559 1992 824 2036 compromisso
846 1992 951 2024 electi
973 2004 1083 2037 super
1104 1993 1230 2025 dicta¹⁰
1252 1993 1399 2025 materia
1420 1993 1720 2026 sententiaverint
1735 1993 1792 2025 vel
1813 1992 1873 2025 alii
1894 1992 1975 2025 loco
1996 1992 2172 2037 ipsorum.
2196 1991 2312 2036 Super

449 2057 582 2102 quibus
610 2058 798 2102 premissis
824 2058 995 2091 omnibus
1021 2065 1054 2091 et
1080 2059 1237 2104 singulis
1258 2071 1274 2091 a
1296 2071 1352 2092 me
1374 2059 1520 2104 publico
1543 2059 1682 2092 notario
1704 2059 1935 2104 infrascripto
1958 2058 2140 2104 publicum
2163 2057 2313 2103 petitum

449 2124 516 2157 suit
536 2124 829 2157 instrumentum.
852 2125 938 2157 Acta
960 2125 1106 2158 suerunt
1126 2125 1191 2158 hec
1214 2126 1257 2158 de
1278 2138 1381 2158 mane
1403 2126 1497 2159 sicut
1517 2133 1551 2158 et
1571 2125 1632 2158 ubi
1654 2138 1775 2171 supra,
1799 2125 2031 2170 presentibus
2052 2125 2096 2158 ad
2117 2124 2185 2157 hoc
2205 2135 2315 2157 vene-

450 2189 626 2223 rabilibus
648 2197 683 2222 et
703 2190 870 2223 discretis
892 2191 979 2223 viris
1001 2192 1185 2236 magistris
1205 2191 1368 2225 Johanne
1389 2192 1597 2233 Martinelli,
1625 2192 1823 2226 Guillelmo
1850 2191 2058 2237 Poignant¹¹
2084 2191 2179 2224 dicte
2203 2189 2316 2223 sacul-

451 2256 532 2289 tatis
560 2256 756 2301 magistris,
784 2257 1099 2290 consentientibus
1125 2258 1161 2290 in
1190 2259 1379 2303 premissis
1405 2266 1440 2291 et
1471 2259 1514 2292 ab
1540 2259 1630 2304 ipsis
1660 2259 1754 2291 sieut
1778 2265 1813 2291 et
1838 2258 1983 2299 ceteris,
2010 2257 2081 2290 fide
2108 2268 2219 2302 super
2248 2256 2316 2289 hoc

452 2323 601 2367 prestita
622 2323 816 2368 corporali,
838 2323 993 2356 testibus
1015 2336 1094 2356 cum
1115 2324 1249 2357 Jacobo
1272 2326 1319 2357 Le
1341 2326 1525 2366 Fourrier,
1548 2326 1665 2370 ipsius
1686 2325 1865 2358 facultatis
1886 2324 2045 2365 bedello,
2068 2323 2111 2357 ad
2140 2323 2317 2368 premissa

451 2389 587 2421 vocatis
608 2389 814 2434 specialiter
835 2397 869 2422 et
890 2391 1038 2435 rogatis.

543 2456 586 2487 Et
607 2456 683 2500 Ego
706 2456 883 2488 Henricus
905 2457 948 2489 de
971 2457 1293 2501 Septeiiwannis¹²,
1316 2458 1472 2491 clericus
1494 2458 1718 2502 Bajocensis,
1742 2457 1910 2503 publicus
1931 2456 2128 2502 apostolica
2150 2463 2184 2489 et
2205 2456 2318 2501 impe-

454 2521 533 2553 riali
554 2522 765 2554 auctoritate
787 2523 962 2563 notarius,
987 2524 1176 2567 premissis
1198 2524 1367 2557 omnibus
1390 2531 1424 2557 et
1445 2525 1603 2570 singulis
1630 2537 1699 2557 una
1726 2536 1806 2557 cum
1836 2524 1942 2556 dictis
1967 2522 2123 2556 testibus
2144 2523 2230 2563 vidi,
2252 2527 2316 2556 etc.

531 2614 608 2637 Arch.
627 2618 681 2637 nat.
699 2614 783 2637 Paris.
800 2615 859 2638 MM.
878 2616 931 2642 266,
950 2624 976 2646 p.
995 2616 1049 2639 162.
1067 2616 1106 2639 Cf.
1125 2617 1279 2640 documenta
1297 2618 1441 2649 sequentia.

537 2689 556 2712 l.
575 2689 723 2712 Secundum
741 2689 831 2712 stilum
852 2698 1025 2719 communem,
1044 2694 1072 2714 ut
1089 2699 1118 2714 ex
1137 2691 1278 2715 indictione
1293 2695 1318 2715 et
1333 2700 1401 2716 anno
1420 2692 1589 2724 pontificatus
1610 2695 1729 2724 apparet.
1745 2706 1771 2709 —
1794 2692 1817 2715 2.
1834 2691 1908 2715 Multi
1929 2691 2092 2723 sequentium
2109 2691 2164 2722 jam
2187 2690 2213 2713 in
2230 2691 2317 2715 Char-

456 2733 518 2762 tul„
537 2734 569 2756 11.
591 2733 648 2756 Vid.
667 2733 757 2758 Indic.
778 2747 804 2751 —
824 2735 848 2758 3.
866 2734 914 2757 Ms.
935 2742 941 2757 ε
962 2743 973 2757 1(
992 2735 1104 2759 Guinurt
1122 2744 1144 2759 »-
1169 2736 1227 2759 vid.
1250 2737 1390 2765 Chartul„
1417 2737 1449 2765 11,
1473 2737 1527 2765 528,
1552 2737 1607 2761 630.
1631 2750 1661 2754 —
1680 2738 1704 2760 ¹1.
1723 2737 1844 2760 Fortasse
1863 2745 1874 2759 «
1893 2736 1924 2759 de
1941 2736 2011 2759 West
2033 2744 2055 2765 »‚
2074 2734 2118 2766 qui
2136 2735 2162 2758 in
2181 2734 2320 2763 Chartul„

457 2778 489 2806 11,
504 2778 559 2801 64¹⁴.
577 2791 606 2794 —
621 2780 644 2801 5.
656 2777 832 2801 celeberrimo
850 2778 918 2802 inter
930 2787 1029 2808 ornnes,
1047 2779 1091 2810 qui
1108 2779 1227 2803 fundavit
1239 2780 1379 2811 collegium
1397 2781 1515 2804 Parisiis.
1535 2794 1563 2798 —
1574 2783 1597 2804 6.
1614 2780 1672 2804 Vid.
1691 2780 1830 2810 Chartul.,
1850 2781 1882 2809 11,
1897 2781 1953 2803 630.
1968 2793 1999 2797 -
2009 2779 2032 2803 7.
2049 2781 2099 2802 Seu
2116 2788 2127 2802 «
2140 2779 2284 2804 Guibberto
2297 2786 2320 2802 ».

457 2821 515 2846 Via.
535 2822 672 2850 Chartul„
691 2822 723 2851 11,
742 2823 796 2846 633.
819 2822 899 2845 Notus
918 2826 958 2846 est
975 2832 986 2846 (1
1002 2823 1112 2847 Guibert
1127 2824 1158 2847 de
1180 2824 1265 2848 Celsoi
1282 2833 1304 2854 1),
1322 2825 1353 2848 de
1369 2834 1419 2856 quo
1435 2826 1468 2848 Le
1484 2825 1558 2849 Clcrc
1578 2828 1603 2848 et
1622 2826 1719 2853 Renun,
1742 2825 1814 2849 Hist.
1839 2825 1902 2853 lita,
1926 2825 1944 2852 l,
1970 2833 1997 2855 p.
2016 2824 2070 2847 516.
2095 2823 2277 2847 Verisimiliter
2291 2831 2320 2846 eo

454 2866 562 2897 jubente
578 2866 693 2897 ingentia
709 2866 760 2889 duo
776 2866 910 2889 volumina
925 2867 1010 2891 Rasis
1025 2868 1218 2893 Continentem
1234 2869 1377 2897 offerentia,
1396 2878 1406 2892 (t
1419 2878 1467 2900 pro
1484 2869 1611 2901 magistro
1622 2869 1766 2894 Guibberto
1779 2878 1790 2891 1)
1802 2877 1845 2893 an.
1860 2869 1919 2892 1379
1933 2868 2032 2899 scripta
2047 2871 2118 2900 sunt,
2134 2875 2200 2899 quae
2211 2875 2280 2890 nunc
2294 2866 2321 2890 in
