2488 3386
443 346 536 384 304⁴
1023 354 1343 378 CHARTULARIUM
1378 353 1568 375 UNivmzs.
1606 352 1733 373 lunis.
2207 336 2306 373 [1382

442 435 541 457 laboret
557 441 582 461 »;
601 436 662 456 tunc
674 431 928 456 Arnaldi-Amanieu.
942 444 973 449 —-
987 432 1009 453 6.
1024 429 1162 460 Culpabile
1176 432 1285 460 propter
1295 427 1496 450 commotionem
1512 426 1701 450 Parisiensium
1717 425 1854 448 occasione
1870 423 2060 452 subsidiorum,
2077 423 2108 446 de
2123 431 2175 454 qua
2190 431 2307 446 commo-

442 479 510 501 tione
526 478 577 500 vid.
594 478 696 502 θὴν-οη.
711 478 750 500 du
766 476 816 500 rel.
832 477 865 500 de
880 475 1082 504 Saint-Denys,
1098 474 1139 497 ed.
1156 473 1301 503 Bellaguet,
1318 473 1337 500 Ι,
1351 473 1395 495 128
1411 480 1478 502 sqq.,
1494 471 1612 501 aliosque
1628 469 1858 500 historiographos
1875 471 2022 491 coetaneos.
2036 467 2123 491 Martii
2137 467 2160 496 1,
2176 475 2218 491 an.
2236 467 2305 495 1382,

441 523 555 554 populus
571 521 711 545 seditiosus
727 521 805 544 ctiam
820 521 955 551 llugonem
970 518 1103 542 Aubriote
1119 517 1269 540 carceribus
1285 516 1408 539 liberavit
1424 516 1486 545 (vid.
1503 516 1520 538 l.
1535 524 1567 543 c„
1583 524 1610 546 p.
1625 515 1689 543 140).
1702 514 1772 537 Idem
1789 515 1884 537 facturn
1901 516 2007 536 enarrat
2019 512 2138 535 Clemens
2155 512 2200 535 VII
2218 511 2245 534 in
2260 519 2307 535 sua

441 566 553 598 epistola
570 575 581 589 (t
597 566 635 589 Ad
649 567 695 588 fut.
710 565 746 588 rei
760 573 835 587 mem.
853 573 864 586 n
882 573 923 587 an.
938 564 1007 592 1383,
1024 562 1116 586 Ootob.
1133 563 1171 585 26.
1186 562 1211 584 in
1223 569 1283 592 qua,
1296 564 1436 592 postquam
1455 559 1615 587 observavit,
1632 559 1658 581 in
1674 559 1788 590 quadum
1804 558 1870 581 turri
1886 557 1979 580 domus
1998 556 2157 588 episcopalis
2173 556 2306 579 detentum

441 619 498 634 esse
513 614 538 634 et
550 610 599 633 sub
612 618 695 641 poena
711 610 832 640 relapsus
847 609 872 631 in
884 608 1014 631 haeresim
1027 607 1132 638 jurasse
1145 614 1172 629 se
1188 613 1320 636 nunquam
1337 605 1368 627 de
1383 604 1453 627 dicta
1466 604 1533 627 turri
1548 604 1696 632 absentare,
1713 603 1749 626 ita
1764 602 1951 634 prosequitur:
1969 610 1980 624 «
1994 601 2115 632 quodque
2127 600 2305 631 postmodum,

441 664 500 678 cum
515 655 633 686 prefatus
648 655 723 684 Hugo
740 653 764 676 in
780 653 849 676 dicta
864 656 936 676 turre
952 654 1076 678 maneret,
1095 654 1123 673 ut
1141 652 1281 681 prefertur,
1298 649 1425 677 inclusus,
1443 649 1608 680 quadamque
1623 647 1664 670 die
1679 648 1706 670 in
1721 647 1826 670 civitate
1842 646 1984 669 Pnrisiensi
2005 653 2116 676 magnus
2136 644 2306 676 popularium

441 700 569 723 tumultus
585 699 715 726 existeret,
730 698 872 729 populares
889 696 1003 720 civitatis
1019 695 1146 727 ejusdem,
1164 698 1226 717 tunc
1241 694 1360 718 Mailleti
1375 702 1420 716 seu
1435 693 1617 717 Malleatores
1635 691 1789 723 nuncupati,
1809 692 1842 714 ad
1858 691 1954 714 dietam
1975 690 2070 713 turrim
2086 698 2182 721 magno
2197 697 2306 712 numero

442 752 492 767 non
507 744 540 767 ad
555 743 707 774 petitionem
723 751 768 765 seu
786 745 934 773 requestam
951 740 1012 763 dicti
1029 739 1157 770 BugoniS,
1174 739 1218 761 sed
1237 738 1329 769 pocius
1343 746 1372 761 cu
1388 737 1471 760 inscio
1487 740 1511 760 et
1524 737 1662 768 ignorante
1677 739 1702 760 et
1719 736 1869 759 nullatenus
1883 738 2050 766 procurante,
2065 735 2110 757 sed
2123 742 2183 766 ymo
2198 734 2306 757 timente

441 788 510 819 quod
523 796 602 811 causa
615 787 748 810 occidendi
765 794 823 809 eum
840 785 904 808 inihi
917 784 1107 811 convenissent,
1124 786 1215 814 portas
1231 782 1312 805 turris
1326 782 1442 813 predicte
1459 783 1618 812 frangentes,
1633 781 1720 812 ipsum
1735 781 1870 811 Hugonem
1884 788 1934 803 non
1946 779 2124 803 voluntarium
2137 779 2182 802 sed
2193 778 2305 801 invitum

441 833 472 855 de
487 833 575 855 eadem
592 835 663 855 turre
679 839 723 854 seu
741 838 844 853 carcere
860 838 918 852 cnm
935 829 1063 852 violencia
1083 830 1251 851 extraxerunt
1266 835 1376 857 eumque
1393 827 1426 849 ad
1442 825 1590 857 hospicium
1606 825 1632 848 in
1648 833 1698 856 qno
1715 825 1812 848 morari
1835 827 1910 847 antea
1925 827 2097 847 consueverat
2115 823 2304 851 conduxerunt,

441 885 470 900 ac
485 876 624 899 voluerunt
639 875 707 907 quod
726 875 782 906 ipse
799 882 889 897 eorum
904 876 973 896 esset
988 873 1150 903 capitaneus,
1167 874 1192 894 et
1206 871 1401 902 cnpituneatum
1421 873 1568 893 assumeret
1584 869 1746 892 eorumdem.
1763 870 1794 892 Et
1807 869 1877 900 quod
1892 869 1961 892 idem
1979 869 2054 900 Hugo
2070 868 2218 896 advertens,
2236 867 2306 899 quod

442 922 509 944 facta
532 920 649 951 ipsorum
675 922 764 942 contra
789 921 885 941 statum
908 921 932 940 et
951 917 1076 940 honorem
1092 915 1223 939 carissimi
1239 915 1265 938 in
1282 914 1386 938 Christo
1404 914 1451 937 filii
1474 914 1561 937 Caroli
1577 914 1647 945 regis
1663 914 1824 936 Francorum
1839 913 1952 936 illustris
1968 912 2153 936 redundabant
2166 912 2267 943 pariter
2281 914 2307 935 et

441 965 575 993 cedebant,
592 967 617 987 et
632 964 701 994 quod
718 971 766 994 pro
782 966 843 985 tunc
858 965 967 993 propter
984 964 1081 984 metum
1102 960 1193 983 mortis
1210 959 1243 982 ad
1258 959 1355 982 dictam
1370 959 1464 981 turrim
1483 967 1563 981 ausus
1579 958 1683 989 regredi
1700 966 1750 981 non
1771 957 1872 985 fuisset,
1890 957 1995 988 aufugit
2009 960 2034 980 et
2049 957 2158 980 recessit
2172 956 2206 980 ab
2228 956 2266 979 eis
2281 958 2306 979 et

440 1009 489 1032 iter
505 1008 618 1039 arripuit
633 1007 751 1031 veniendi
769 1007 801 1029 nd
817 1006 905 1029 sedem
921 1005 1104 1037 apostolicam,
1119 1004 1236 1035 ejusdem
1252 1003 1322 1026 sedis
1338 1003 1470 1034 preceptis
1486 1006 1511 1026 ct
1526 1002 1657 1025 mandatis
1674 1002 1837 1033 quibuslibet
1852 1002 1877 1024 in
1898 1001 2037 1033 premissis
2054 1004 2079 1024 et
2094 1001 2154 1024 aliis
2170 1000 2306 1023 humiliter

439 1053 574 1084 pariturus
579 1069 626 1075 .....
642 1053 693 1075 Nos
765 1051 929 1074 declaramus
947 1050 1065 1073 eumdem
1083 1049 1219 1080 liugonem
1234 1056 1283 1079 pro
1298 1051 1323 1070 et
1338 1055 1367 1070 ex
1383 1056 1411 1070 eo
1426 1048 1495 1078 quod
1509 1055 1523 1070 a
1538 1047 1608 1070 dicta
1623 1050 1695 1070 turre
1710 1049 1842 1074 extractus
1860 1046 1945 1069 extitit
1959 1049 1984 1069 et
1999 1046 2031 1068 ad
2048 1045 2136 1068 sedem
2151 1044 2305 1076 predictam,

441 1101 469 1120 ut
484 1098 624 1128 prefertur,
644 1095 754 1119 accessit
769 1095 839 1126 apud
854 1102 963 1125 eamque
975 1093 1139 1125 aliquamdiu
1154 1101 1255 1115 morum
1270 1092 1357 1120 traxit,
1373 1095 1464 1115 contra
1477 1092 1657 1123 juramentum
1675 1094 1700 1114 et
1719 1090 1907 1122 obligationem
1925 1090 2071 1121 predictam
2089 1089 2195 1112 minime
2210 1092 2305 1113 attem-

441 1145 541 1172 ptasse,
557 1141 696 1172 ipsumque
712 1143 851 1171 propterea
866 1139 1001 1169 relapsum
1020 1138 1045 1160 in
1066 1137 1179 1160 heresim
1195 1137 1302 1159 minime
1317 1136 1435 1167 reputari
1455 1136 1560 1165 debere,
1575 1144 1621 1158 nec
1637 1135 1663 1158 in
1683 1143 1765 1166 penas
1781 1138 1826 1158 aut
1845 1135 1988 1158 sententias
2004 1134 2107 1165 aliquas
2124 1133 2258 1157 incidisse.
2274 1134 2306 1157 Et

440 1186 548 1216 insuper
567 1185 729 1207 attendentes
750 1183 819 1214 quod
839 1184 959 1214 prefatus
982 1183 1066 1213 Hugo,
1088 1181 1132 1212 qui
1153 1181 1251 1204 dudum
1275 1180 1427 1212 prepositus
1450 1180 1584 1203 Castelleti
1606 1179 1764 1203 Parisiensis
1787 1179 1880 1208 extitit,
1902 1187 1950 1210 pro
1975 1178 2149 1210 extirpatione
2173 1177 2305 1201 scismatis

440 1229 518 1260 quod,
539 1229 621 1260 proch
648 1228 731 1256 dolor,
757 1227 863 1250 humani
885 1226 988 1257 generis
1010 1226 1131 1248 inimicus
1153 1225 1178 1248 in
1199 1225 1244 1248 Dei
1260 1225 1370 1248 ecclesia
1396 1224 1543 1252 suscitavit,
1569 1224 1674 1247 labores
1692 1224 1780 1247 varios
1797 1223 1897 1246 subivit
1911 1223 2047 1253 hactenus,
2066 1226 2147 1254 prout
2165 1222 2251 1246 adhuc
2266 1225 2307 1246 est

440 1273 548 1296 solicitis
569 1273 663 1295 studiis
686 1272 815 1295 sustinere
835 1275 860 1294 et
882 1271 970 1294 subire
991 1274 1109 1302 paratus,
1132 1278 1161 1292 ac
1188 1269 1257 1301 quod
1279 1269 1335 1300 ipse
1361 1269 1472 1300 grandia
1495 1273 1570 1299 grata
1591 1268 1735 1300 plurimum
1753 1271 1778 1291 et
1798 1271 1905 1299 accepta
1926 1267 2068 1299 probitatis
2088 1266 2215 1299 obsequia
2235 1267 2306 1291 clare

440 1318 562 1341 memorie
577 1317 671 1340 Carolo
687 1316 742 1347 regi
760 1317 918 1339 Francorum
943 1315 1040 1338 illustri
1061 1323 1090 1337 nc
1111 1314 1210 1337 civitati
1231 1315 1332 1345 prefate
1348 1314 1373 1336 iu
1391 1313 1474 1337 officio
1490 1313 1657 1344 prepositure
1672 1313 1789 1344 predicte
1809 1316 1862 1335 tam
1888 1312 2063 1335 ministrando
2080 1311 2211 1343 justitiam
2226 1319 2305 1343 quam

439 1365 512 1385 actus
528 1362 594 1384 alios
608 1360 817 1392 quamplurimos
833 1359 980 1383 laudabiles
994 1359 1136 1382 exercendo
1153 1360 1283 1381 ferventer
1298 1358 1415 1389 prestitit
1427 1361 1452 1380 et
1464 1357 1593 1389 impendit
1608 1365 1612 1380 ζ
1631 1365 1677 1380 nos
1694 1366 1723 1380 ex
1739 1357 1790 1380 hiis
1805 1360 1830 1380 et
1846 1356 1905 1380 aliis
1921 1356 2008 1379 causis
2025 1356 2087 1379 moti
2103 1356 2187 1379 eidem
2203 1355 2306 1387 Hugoni

439 1406 583 1437 apostolica
596 1405 751 1428 auctoritate
766 1404 932 1428 concedimus
948 1404 1018 1435 quod
1033 1403 1090 1434 ipse
1105 1404 1179 1434 Hugo
1193 1403 1393 1434 premissorum,
1405 1406 1430 1425 et
1445 1402 1586 1433 cujuslibet
1601 1402 1751 1424 eorumdem
1765 1401 1902 1424 occasione
1912 1401 1945 1424 ad
1957 1401 2053 1424 dictam
2066 1400 2162 1424 turrim
2177 1403 2222 1424 aut
2238 1400 2305 1424 alios

439 1459 556 1474 carceres
577 1450 694 1481 episcopi
716 1449 851 1472 memorati
874 1449 914 1471 vel
934 1448 1043 1471 alterius
1066 1448 1253 1479 cujuscumque
1273 1447 1304 1470 ad
1328 1447 1479 1470 ulteriorem
1499 1446 1674 1478 penitenciam
1693 1446 1871 1477 peragendam
1892 1446 1978 1469 redire
1998 1445 2105 1468 minime
2123 1448 2244 1468 teneatur
2246 1461 2304 1473 ......

437 1495 614 1526 juramentum
637 1494 782 1525 predictum
807 1493 911 1524 penitus
932 1493 1088 1515 relaxantes.
1146 1492 1202 1515 Dat.
1224 1492 1295 1522 apud
1317 1491 1509 1514 villamnovam
1527 1491 1695 1514 Avinioncns.
1710 1491 1777 1514 dioc.
1794 1490 1828 1521 vij
1845 1491 1897 1513 kal.
1912 1490 2076 1518 Novembris,
2093 1498 2161 1512 anno
2179 1489 2280 1521 quinto.
2293 1497 2304 1512 υ

442 1540 516 1570 (Reg.
531 1540 578 1562 Av.
594 1539 675 1562 Clem.
689 1539 744 1566 Vll,
761 1538 811 1562 vol.
829 1538 903 1565 XXX,
921 1537 965 1560 fol.
981 1538 1045 1565 245).
1063 1537 1112 1560 Per
1127 1536 1176 1559 hoc
1196 1536 1338 1567 corrigitur
1353 1536 1421 1567 quod
1438 1536 1471 1559 Le
1488 1536 1560 1558 Roux
1577 1536 1608 1558 de
1630 1535 1710 1566 Lincy
1725 1535 1751 1558 in
1770 1535 1839 1559 Bibt.
1856 1536 1888 1559 de
1906 1534 2004 1559 l'Ecole
2020 1536 2067 1559 des
2086 1535 2212 1564 Chanes,
2232 1542 2254 1557 Β.
2273 1534 2303 1562 V,

439 1586 458 1606 t.
475 1584 520 1611 ΙΙΙ,
534 1591 561 1614 p.
577 1583 630 1611 201,
648 1582 749 1605 scribit.
768 1596 798 1599 —
813 1583 835 1605 7.
851 1581 1018 1605 Aimericum.
1038 1595 1065 1598 —
1084 1582 1107 1604 8.
1126 1580 1168 1603 Sic
1181 1581 1259 1603 etiam
1275 1580 1300 1603 in
1317 1581 1374 1604 Lib.
1386 1587 1463 1610 proc.
1480 1584 1541 1604 nat.
1557 1580 1676 1610 Aitolia,
1695 1587 1782 1602 mense
1799 1579 1895 1602 Martii.

445 1731 585 1767 1466.
612 1739 736 1765 Clemens
763 1741 813 1766 Vll
831 1739 965 1774 (Johanni
985 1739 1154 1772 Blanclzart)
1176 1738 1350 1764 cancellario
1370 1739 1476 1772 Paris,
1500 1742 1530 1763 ut
1548 1739 1632 1763 Petro
1652 1737 1687 1763 de
1706 1739 1733 1764 S.
1753 1738 1887 1771 Martino,
1910 1737 1977 1763 ord.
1998 1738 2068 1771 frat.
2091 1738 2122 1764 Β.
2140 1737 2254 1763 Mariae
2269 1735 2305 1763 de

530 1790 624 1815 Monte
637 1788 767 1821 Carmeli,
786 1789 835 1823 qui
847 1788 971 1814 Parisiis
984 1797 1037 1824 per
1053 1787 1152 1823 plures
1168 1796 1258 1813 annos
1278 1788 1306 1813 in
1320 1789 1379 1822 fac.
1399 1787 1482 1813 theol.
1500 1787 1621 1818 studuit,
1639 1786 1776 1812 studendi
1792 1786 1820 1812 in
1836 1786 1933 1812 eodem
1948 1786 2045 1811 studio
2060 1794 2112 1822 per
2126 1785 2199 1811 duos
2214 1793 2305 1811 annos

528 1840 687 1872 sequentes,
706 1840 732 1862 et
747 1836 858 1862 demum
870 1840 935 1872 post
950 1836 1113 1870 diligentem
1129 1837 1380 1870 ezaminationem,
1394 1836 1507 1870 legendi
1523 1835 1625 1861 librum
1643 1836 1856 1861 Sententiarum
1867 1834 2003 1861 aestivali
2019 1838 2144 1870 tempore
2159 1834 2305 1860 licentiam

529 1885 674 1911 concedat.
693 1886 756 1912 Dat.
776 1886 916 1912 Avinione
931 1886 949 1919 ij
966 1886 1022 1911 kal.
1038 1885 1117 1915 Julii,
1134 1885 1323 1918 pontificatus
1340 1885 1430 1911 nostri
1447 1893 1526 1911 anno
1539 1887 1653 1918 quarto.
1673 1895 1686 1908 «
1702 1884 1762 1910 viri
1776 1891 1853 1911 sacre
1867 1894 1891 1910 ».

1660 1965 1735 1994 1382,
1750 1965 1821 1991 dunis
1830 1965 1875 1994 30,
1890 1964 2020 1990 Ᾰνοηίοηο,

534 2041 596 2071 neg.
615 2040 672 2064 Vat.
691 2041 769 2063 Aven.
791 2040 931 2063 Clementis
949 2040 1002 2068 VII,
1020 2040 1071 2063 vol.
1093 2040 1166 2069 XXV,
1186 2040 1231 2063 sol.
1250 2041 1303 2063 293.
1322 2054 1349 2057 —
1366 2040 1384 2063 E
1402 2040 1492 2064 Catal.
1509 2040 1603 2064 licent.
1619 2039 1768 2063 licentiatus
1791 2042 1831 2063 est
1845 2039 1871 2062 in
1886 2038 2019 2070 theologia
2035 2047 2077 2062 an.
2094 2038 2164 2061 1389.

447 2187 586 2224 1467.
613 2197 737 2223 Clemens
760 2199 811 2223 VII
822 2198 956 2232 (Iohanni
971 2197 1140 2232 Blanchart)
1157 2197 1331 2223 cancellario
1346 2198 1454 2232 Paris.,
1471 2202 1501 2223 ut
1519 2197 1639 2223 Nicolao
1662 2197 1786 2233 Piqnier,
1810 2197 1876 2223 ord.
1893 2198 1964 2231 frat.
1982 2197 2062 2231 Min„
2079 2196 2129 2232 qui
2143 2204 2196 2232 per
2208 2195 2307 2232 plures

531 2256 621 2273 annos
638 2249 760 2274 Parisiis
776 2253 802 2274 et
821 2249 894 2274 alibi
915 2249 943 2274 in
962 2249 1045 2275 theol.
1061 2249 1173 2274 studuit
1187 2258 1221 2274 ac
1238 2248 1326 2274 lector
1339 2249 1514 2285 principalis
1530 2250 1558 2274 in
1574 2249 1655 2274 domo
1671 2250 1795 2283 fratrum
1813 2249 2012 2282 Botomagens.
2031 2247 2138 2281 existit,
2161 2246 2306 2272 licentiam

531 2296 643 2330 tegendi
659 2296 760 2322 librum
782 2298 991 2323 Sententiarum
1011 2298 1040 2323 in
1055 2297 1136 2323 domo
1151 2300 1275 2332 fratrum
1297 2302 1420 2334 tempore
1441 2297 1576 2324 aestivali
1591 2298 1661 2323 anni
1674 2298 1769 2332 futuri
1787 2297 1962 2323 auctoritate
1977 2296 2140 2332 apostolica
2158 2295 2304 2322 concedat.

532 2345 595 2371 Dat.
613 2346 754 2372 Avinione
769 2347 787 2380 ij
804 2347 860 2372 kal.
876 2347 956 2376 Julii,
971 2354 1049 2373 anno
1062 2348 1177 2380 quarto.
1194 2357 1207 2370 κ
1223 2347 1282 2372 Viri
1297 2355 1374 2374 sacre
1389 2358 1414 2373 ».

1648 2384 1727 2412 1382,
1743 2382 1812 2408 danii
1824 2383 1868 2411 30,
1885 2382 2020 2408 Avenione.

536 2455 598 2485 Reg.
614 2455 671 2478 Vat.
685 2456 765 2479 Aven.
779 2456 919 2479 Clementis
935 2457 990 2485 VII,
1009 2457 1060 2481 vol.
1077 2457 1162 2483 XXVI.
1180 2457 1224 2480 sol.
1244 2457 1315 2481 179b.
1330 2471 1360 2475 —
1373 2458 1532 2481 Licentiatus
1548 2461 1588 2480 est
1603 2457 1628 2480 in
1639 2457 1719 2480 theol.
1734 2459 1756 2486 (e
1771 2457 1860 2481 Catal.
1876 2456 1966 2480 licent.
1978 2456 2003 2478 in
2020 2455 2088 2480 Bihl.
2103 2456 2167 2483 nat.)
2180 2462 2222 2478 an.
2237 2454 2306 2480 1391.

444 2498 488 2521 uhi
504 2499 629 2522 scribitur
643 2508 648 2522 1
664 2508 674 2521 <t
692 2500 800 2522 Michael
814 2500 919 2531 Piqnier
935 2510 955 2523 ».

448 2605 588 2642 1468.
611 2615 825 2641 Par-lamentum
839 2617 1004 2643 Parisiense
1013 2618 1063 2652 jus
1079 2618 1252 2644 candidatos
1268 2619 1296 2644 in
1313 2619 1396 2645 theol.
1415 2623 1442 2645 et
1458 2620 1485 2645 in
1499 2624 1553 2645 art.
1570 2620 1740 2646 licentiandi
1756 2624 1783 2646 et
1799 2620 2012 2645 examinatores
2025 2617 2193 2644 nominandi
2206 2616 2309 2643 abbati

532 2667 559 2689 et
573 2663 746 2690 cancellario
764 2666 789 2690 S.
811 2666 965 2699 Genovefae
981 2667 1074 2692 Paris.
1093 2669 1253 2701 confirmat,
1271 2671 1369 2693 contra
1383 2669 1589 2704 oppositionem
1605 2669 1752 2695 nationum
1768 2669 1890 2703 Anglic.,
1909 2667 2024 2693 Pieard.
2045 2671 2071 2692 et
2086 2668 2240 2692 Normann.

1690 2750 1767 2779 1382,
1783 2749 1845 2775 dulit
1856 2750 1894 2778 12,
1910 2748 2023 2774 Parisiis.

534 2818 622 2850 Cum
641 2818 795 2851 dilectus
813 2826 936 2852 noster
953 2820 1080 2853 ahbas¹
1100 2822 1310 2854 monasterii
1332 2823 1440 2855 Beate
1454 2824 1639 2856 Genovefe
1657 2824 1874 2856 parisiensis
1895 2835 1961 2856 nec
1978 2835 2051 2855 non
2067 2820 2307 2855 cancellarius

446 2883 530 2916 dicti
551 2885 759 2917 monasterii
784 2886 890 2917 Beate
912 2886 1098 2919 Genovefe
1120 2894 1154 2919 et
1176 2895 1387 2932 procurator
1408 2890 1662 2933 magistrorum
1682 2897 1716 2923 et
1733 2890 1924 2923 scolarium
1944 2888 2101 2921 nationis
2122 2886 2307 2921 Gallicane
