2488 3386
191 350 286 387 1364]
604 362 650 383 AB
684 361 790 383 ANNO
824 361 955 384 MCCCL
987 362 1119 390 USQUE
1153 362 1200 383 AD
1236 362 1500 385 ssExEnic‘rUM
1536 364 1625 385 thl.
1992 357 2051 388 111

188 448 301 482 genas
322 447 483 469 remeare
502 447 509 468 :
533 435 704 480 dignetur
724 435 848 467 eadem
877 435 1047 468 sanctitas
1070 435 1186 467 eidem
1208 435 1308 468 fratri
1329 436 1530 469 concedere
1552 437 1648 481 quod
1675 438 1878 471 Sententias
1899 439 1995 483 ipsas
2017 440 2056 472 in·

189 502 363 548 proximis
383 501 631 535 vacationibus
651 501 767 535 valeat
787 501 824 534 in
845 501 1090 534 Universitate
1112 502 1309 534 Parisiensi
1335 501 1471 546 legere,
1495 515 1533 535 ac
1554 515 1595 535 ex
1617 510 1700 535 tunc
1720 504 1919 548 magisterii
1939 505 2054 537 hono-

191 581 263 602 rem
285 569 460 613 consequi
480 568 596 602 valeat
621 568 712 601 infra
733 568 826 600 duos
847 580 962 600 annos
988 568 1025 600 in
1054 568 1214 613 predicta
1234 568 1431 601 Parisiensi
1456 569 1710 610 Universitate,
1733 570 2054 604 constitutionibus

188 635 399 680 apostolicis
419 647 458 667 ac
479 634 808 667 consuetudinibus
916 634 1027 666 studii
1055 640 1090 666 et
1116 634 1266 667 Ordinis
1297 634 1543 678 predictorum
1647 647 1685 668 ac
1714 636 1817 668 etiam
1841 648 2054 680 quacunque

189 702 416 735 ordinatione
438 707 471 734 et
500 700 723 733 inhibicione
750 712 815 745 per
840 700 1047 745 generalem
1071 700 1157 732 dicti
1178 700 1328 733 Ordinis
1350 700 1464 733 edita2
1487 708 1609 734 contra
1630 702 1758 734 fratres
1780 701 1942 746 ejusdem
1966 703 2052 735 Ord.

190 774 426 813 procurantes
443 767 647 801 Sententias
666 767 702 799 in
718 766 967 800 vacationibus
988 766 1111 811 legere
1134 773 1169 799 ct
1188 767 1349 799 faventes
1371 767 1507 799 eisdem
1531 779 1569 799 ac
1592 767 1694 799 etiam
1718 767 1819 812 ipsos
1840 779 2058 812 promoven-

188 841 256 876 tes,
280 833 495 867 cancellario
523 833 720 866 Parisiensi
751 839 1017 878 presentantes,
1039 833 1075 865 in
1097 832 1300 865 scolasticis
1321 832 1461 865 actibus
1488 833 1725 874 associantes,
1748 840 1783 866 et
1803 845 1866 866 eos
1889 840 2056 878 tanquam·

187 901 400 934 bacallarios
431 906 673 945 acceptantes,
704 906 739 932 et
770 899 1026 932 universaliter
1051 905 1175 931 contra
1206 910 1332 931 omnes
1361 899 1413 931 eis
1443 899 1480 931 in
1511 899 1570 931 tali
1601 899 1829 944 promotione
1860 899 2059 944 prebentes

186 967 371 1008 auxilium,
398 966 591 1000 consilium
620 966 678 999 vel
707 966 865 999 savorem
887 965 1078 998 contrariis
1108 977 1181 998 non
1212 965 1441 998 obstantibus
1549 986 1593 990 -—
1620 966 1706 998 Fiat.
1737 967 1776 998 B.
1804 987 1847 990 —
1877 966 1960 999 Sine
1989 966 2056 999 alia

186 1034 354 1080 lectione.
371 1054 415 1058 —u
436 1033 522 1066 Fiat.
547 1034 586 1066 B.
603 1053 648 1057 —
668 1034 745 1066 Dat.
768 1032 948 1065 Avinione
970 1032 1221 1065 tertiodecimo
1243 1031 1312 1066 kal.
1336 1032 1467 1072 Martii,
1490 1044 1584 1064 anno
1607 1032 1781 1065 secundo.

278 1132 341 1163 Reg.
358 1132 416 1155 Vnt.
441 1131 535 1162 Suppl.
552 1131 653 1154 Urbani
666 1131 695 1157 V,
714 1139 755 1153 an.
775 1131 797 1159 2,
818 1139 844 1161 p.
862 1130 886 1158 2,
902 1130 946 1153 fol.
961 1131 1001 1154 57.
1019 1144 1044 1148 —
1061 1131 1154 1153 Exstat
1170 1129 1196 1152 in
1216 1130 1279 1160 Reg.
1298 1130 1356 1153 vat.
1376 1130 1456 1152 Aven.
1471 1130 1571 1153 Urbani
1587 1130 1617 1157 V,
1633 1130 1684 1152 vol.
1701 1130 1756 1158 VH,
1772 1130 1816 1153 fol.
1832 1131 1886 1157 537,
1903 1130 2055 1153 mandatum

183 1179 271 1207 apost.
284 1176 317 1199 ad
332 1176 440 1200 cancell.
454 1176 539 1199 Paris.
554 1175 602 1198 sub
618 1175 708 1198 eudem
724 1175 852 1206 temporis
869 1178 948 1198 nota:
966 1183 977 1197 «
994 1174 1049 1197 Viri
1063 1182 1136 1198 sacre
1152 1174 1271 1197 lectionis
1287 1183 1309 1197 n.

278 1261 300 1283 1.
317 1260 431 1283 Viennae
451 1260 477 1282 in
497 1259 603 1282 Austria
620 1267 663 1283 an.
680 1259 741 1282 1362
761 1259 810 1281 sub
828 1259 959 1282 Matthaeo
975 1259 1006 1282 de
1029 1259 1125 1282 Asculo
1145 1258 1279 1282 celebrati.
1296 1259 1326 1281 V.
1343 1258 1450 1286 Tor-elli,
1467 1258 1526 1282 Sec.
1547 1260 1653 1289 Ayost„
1672 1259 1714 1287 VI,
1730 1260 1767 1286 62,
1790 1262 1819 1281 n⁰
1837 1259 1860 1282 2.
1876 1273 1907 1276 —
1921 1260 1943 1282 2.
1959 1259 2055 1282 Notatu

183 1305 272 1336 dignu,
289 1313 349 1328 cum
366 1304 462 1335 ubique
477 1304 509 1327 de
525 1303 675 1334 hujusmodi
695 1306 792 1326 statuto
808 1303 915 1327 Eremit⁴
931 1303 956 1326 S.
974 1304 1084 1334 August.
1101 1303 1188 1334 quoad
1204 1303 1371 1326 baccalareos
1387 1303 1472 1326 Paris.
1487 1303 1570 1326 altum
1586 1303 1720 1326 silentium
1737 1303 1778 1331 εἰῑ,
1794 1303 1975 1326 deficientibus
1994 1304 2055 1327 Col-

183 1349 294 1373 lectione
309 1348 395 1380 Cupit.
410 1349 525 1380 general.
542 1351 567 1371 et
581 1349 644 1379 Reg.
660 1348 780 1379 priorum
795 1348 959 1379 generalium
975 1347 1053 1378 hujus
1069 1347 1206 1379 temporis.

189 1505 328 1542 1292.
359 1515 489 1541 Urbanus
511 1515 694 1549 V(Grimerio
710 1514 869 1548 Bonisacii)
885 1514 1060 1540 cancellario
1076 1514 1183 1549 Paris„
1202 1518 1232 1540 ut
1247 1514 1371 1540 Iohanni
1386 1514 1421 1540 de
1440 1514 1544 1547 Grosis,
1568 1514 1704 1539 monacho
1727 1514 1894 1540 monasterii
1916 1514 2054 1539 Grandis-

271 1559 362 1590 silvae‘
376 1564 490 1590 Cisterc.
508 1563 586 1594 0rd.‚
604 1563 694 1589 Tolos.
709 1563 809 1595 dium,
826 1563 874 1598 qui
890 1564 918 1589 in
929 1563 1025 1589 studio
1036 1563 1199 1589 Parisiensi
1209 1563 1313 1589 librum
1329 1563 1539 1589 Sententiarum
1552 1562 1621 1597 legit
1637 1566 1663 1588 et
1678 1562 1752 1588 alios
1768 1567 1851 1588 actus
1866 1562 2054 1588 scholasticos

270 1612 336 1647 fieri
358 1616 507 1638 consuetos
528 1612 642 1646 ibidem,
660 1612 710 1638 diu
730 1616 781 1645 est,
805 1612 960 1648 complevit,
978 1616 1005 1638 et
1025 1612 1074 1647 qul
1086 1621 1139 1648 pro
1160 1612 1296 1646 regimine
1314 1612 1483 1637 monasterii
1499 1611 1646 1647 praedicti
1664 1611 1771 1637 dicitur
1790 1621 1852 1637 esse
1875 1612 2054 1637 necessarius

269 1662 442 1697 praesertim
464 1661 492 1687 in
511 1661 607 1687 studio
632 1661 770 1687 Tolosano
797 1662 826 1687 in
849 1661 1008 1696 theologica
1029 1661 1181 1695 facultate,
1205 1662 1285 1695 cujus
1304 1661 1396 1686 studii
1420 1669 1489 1686 cura
1514 1660 1554 1685 ad
1578 1661 1670 1696 ipsum
1696 1661 1898 1686 monasterium
1920 1662 2052 1696 pertinet,

272 1710 432 1745 magisterii
445 1710 577 1736 honorem
591 1714 618 1735 ct
638 1709 761 1736 docendi
783 1710 929 1736 licentiam
946 1711 975 1735 in
994 1710 1138 1744 facultate
1151 1709 1306 1746 praedicta
1323 1709 1469 1735 concedat.
1488 1710 1550 1735 Dat.
1573 1709 1714 1735 Avinione
1732 1710 1758 1743 xj
1776 1710 1833 1735 kal.
1849 1710 1963 1743 Aprilis,
1979 1717 2061 1735 anno

270 1760 407 1786 secundo.
426 1769 440 1784 (ι
456 1759 515 1785 Viri
530 1767 607 1786 sacre
622 1759 754 1786 lectionis
769 1770 794 1785 ».

1389 1795 1464 1824 1364,
1482 1795 1570 1820 Martii
1579 1795 1624 1824 22,
1640 1794 1769 1821 Anniano.

274 1843 338 1875 Reg.
354 1844 411 1867 Vnt.
425 1843 524 1867 Comm.
540 1842 640 1867 Urbani
656 1843 685 1872 V,
699 1847 728 1866 n⁰
743 1843 797 1871 251,
815 1843 859 1866 sol.
875 1844 930 1866 325.

185 1994 326 2032 1293.
350 2005 383 2030 In
398 2004 544 2039 obsequiis
558 2004 707 2039 Johannis,
725 2004 800 2039 regis
817 2006 999 2039 Francorum,
1016 2004 1094 2030 locus
1110 2005 1280 2039 assignatur
1295 2004 1470 2030 cancellario
1487 2007 1513 2030 et
1531 2004 1716 2030 Universltati
1728 2003 1824 2029 Paris.

1450 2087 1525 2116 1364,
1542 2086 1604 2112 Maii
1615 2087 1640 2116 3,
1654 2086 1767 2112 Parisiis.

271 2170 312 2203 In
347 2169 583 2214 processione
619 2182 688 2214 que
722 2169 783 2202 fiet
818 2170 876 2202 die
908 2170 1087 2202 dominica
1122 2170 1159 2202 in
1194 2170 1402 2214 receptione
1430 2169 1608 2214 corporis,
1645 2169 1688 2201 ad
1727 2175 1861 2213 partem
1893 2168 2053 2200 dextram

181 2235 341 2269 defuncti
370 2235 465 2268 bone
494 2236 668 2269 memorie
689 2236 827 2269 domini
847 2236 1024 2269 Johannis
1052 2236 1163 2281 regis,
1186 2236 1278 2269 infra
1298 2236 1418 2269 villam
1440 2236 1552 2268 Paris.
1576 2236 1620 2268 de
1643 2242 1743 2280 porta
1764 2234 1850 2268 ville
1871 2246 1987 2278 usque
2008 2234 2052 2266 ad

180 2301 370 2335 ecclesiam
392 2302 519 2344 Paris„
538 2314 753 2335 concessum
773 2309 841 2344 est,
859 2303 978 2335 audita
1000 2302 1181 2335 relacione
1203 2302 1340 2335 domini
1361 2302 1620 2342 archidiaconi,
1641 2301 1795 2334 dicentis
1817 2301 1913 2345 quod
1936 2300 2053 2332 domi-

180 2380 248 2402 nus
270 2380 331 2401 rex
352 2368 508 2401 Karolus
528 2368 626 2402 filius
647 2369 732 2402 dicti
749 2369 909 2402 defuncti
932 2369 1082 2414 rogabat
1102 2369 1199 2414 quod
1219 2369 1284 2402 hac
1304 2369 1395 2410 vice,
1417 2368 1554 2413 absque
1576 2367 1778 2413 prejudicio
1800 2379 1865 2412 pro
1887 2373 2053 2412 tempore

179 2435 313 2476 futuro,
334 2435 379 2468 ad
400 2435 606 2468 evitandum
629 2435 835 2477 tumultum,
862 2435 960 2480 quod
984 2461 1005 2468 ..
1028 2435 1277 2468 thesaurarius
1303 2435 1441 2480 capelle
1466 2434 1533 2467 ibit
1559 2447 1638 2467 cum
1667 2434 1813 2466 domino
1835 2433 2050 2466 cancellario

179 2501 293 2534 Paris.
315 2501 352 2534 in
373 2500 538 2534 absentia
559 2501 847 2547 penitenciarii¹,
864 2508 899 2535 et
918 2502 1082 2535 canonici
1104 2502 1198 2535 dicte
1220 2501 1357 2547 capelle
1379 2501 1479 2546 regie
1500 2501 1605 2533 ibunt
1625 2512 1704 2533 cum
1720 2499 1931 2545 junioribus
1949 2511 2051 2531 cano-

180 2567 272 2601 nicis
293 2567 447 2600 ecclesie
469 2567 612 2610 Paris.²,
631 2575 666 2601 et
686 2580 797 2613 super
817 2568 885 2601 hoc
908 2568 969 2601 fiet
990 2568 1249 2601 determinacio
1271 2568 1375 2601 etiam
1398 2567 1613 2600 Parlamenti
1634 2578 1698 2611 pro
1720 2567 1853 2606 futuro,
1878 2571 1912 2598 et
1931 2565 1983 2597 illi
2006 2564 2050 2597 de

181 2634 423 2667 Universitate
444 2634 549 2667 ibunt
568 2634 612 2667 ad
633 2641 768 2680 partem
792 2635 976 2668 sinistram
997 2635 1162 2680 corporis
1184 2634 1323 2668 scilicet
1344 2634 1509 2679 predicti.

272 2731 349 2755 Arch.
363 2735 415 2755 nat.
432 2731 517 2756 Puris.
532 2732 580 2755 LL.
598 2731 669 2762 106¹’‚
684 2740 710 2763 p.
725 2733 779 2760 498,
793 2732 826 2755 ad
839 2732 907 2755 diem
925 2742 937 2754 nt
953 2732 1055 2755 veneris
1072 2732 1098 2755 in
1115 2733 1180 2755 sesto
1194 2731 1358 2754 lnvencionis
1371 2732 1397 2754 S.
1412 2731 1511 2759 Crucis,
1529 2734 1573 2753 nn⁰
1588 2730 1679 2753 LX1111
1692 2738 1714 2753 ».
1730 2730 1816 2752 ——An.
1835 2729 1903 2756 1350,
1920 2728 1945 2751 in
1959 2729 2050 2751 sunere

178 2775 249 2806 regis
265 2775 381 2807 Philippi
396 2776 439 2805 Vl,
454 2776 488 2799 lis
507 2778 597 2800 exorta
612 2779 669 2799 erat.
688 2777 720 2800 de
741 2776 879 2807 prioritate
894 2776 1082 2801 Universitatis
1102 2779 1127 2800 et
1146 2776 1267 2807 capituli.
1282 2775 1340 2799 Vid.
1361 2775 1387 2798 in
1403 2776 1462 2799 Lib.
1475 2781 1555 2805 proc.
1574 2778 1633 2798 nat.
1654 2774 1767 2804 Anylic.
1784 2773 1816 2796 ad
1837 2773 1874 2796 ill.
1891 2781 1944 2801 an„
1960 2779 2049 2794 mense

178 2819 314 2848 Novemh.,
330 2819 357 2843 in
372 2822 492 2845 Λυσίαν.
507 2820 635 2845 Chartul.
654 2821 788 2849 Univers.,
803 2822 823 2849 I,
838 2829 864 2852 p.
882 2821 935 2849 145,
952 2822 978 2851 3?
996 2821 1050 2850 146,
1065 2821 1086 2844 1.

273 2904 295 2927 1.
312 2903 362 2932 Qui
377 2907 439 2927 tunc
451 2907 509 2928 erat.
522 2903 646 2928 Nicolaus
661 2904 693 2928 de
707 2904 837 2933 Danvilla,
852 2905 883 2928 de
899 2913 949 2936 quo
964 2912 1044 2936 supra
1058 2908 1087 2927 11⁰
1100 2905 1170 2933 1262,
1185 2907 1238 2927 not.
1256 2904 1279 2927 ¹1.
1295 2918 1322 2921 —
1339 2904 1363 2927 2.
1381 2904 1400 2927 Ι.
1418 2911 1450 2931 e.‚
1469 2910 1558 2925 omnes
1573 2901 1612 2925 illi
1630 2901 1705 2924 ibunt
1722 2901 1755 2924 ad
1769 2903 1871 2932 partem
1884 2900 2009 2922 dextram.
