2488 3386
203 325 299 361 1385]
619 338 665 360 ΑΒ
700 338 807 360 ANNO
843 339 974 362 MCCCL
1007 340 1138 368 USQUE
1175 341 1222 361 An
1259 341 1521 363 BENEnicTUM
1555 341 1646 363 xui.
1998 329 2064 361 :345

202 417 313 452 tores,
331 418 484 453 actores,
507 412 674 452 factores,
694 412 921 445 deffensores
942 413 1172 458 negotiorum
1195 420 1414 455 nostrorum,
1433 421 1600 458 gestoros
1617 426 1655 446 ac
1679 413 1844 453 nuncios,
1865 419 1930 445 tam
1952 424 2062 457 gene-

203 477 296 511 rales
317 490 421 522 quam
444 478 634 523 speciales,
658 485 692 511 et
713 490 837 510 eorum
860 478 1059 523 quemlibet
1079 479 1116 511 in
1138 479 1307 520 solidum,
1331 480 1377 512 ita
1398 481 1495 524 quod
1516 480 1733 524 generalitas
1758 478 1969 523 specialitati
1990 490 2062 511 non

203 544 368 589 deroget,
391 557 457 577 nec
479 557 497 577 e
518 551 654 584 contra,
682 551 717 577 et
743 545 789 577 ita
811 545 908 589 quod
930 557 1003 578 non
1030 546 1077 578 sit
1101 545 1229 578 melior
1250 546 1416 578 condicio
1438 546 1660 590 occupantis,
1684 545 1748 578 sed
1769 545 1940 589 quicquid
1969 556 2062 577 unus

203 622 328 644 eorum
350 611 541 656 inceperit,
558 611 648 644 alter
669 611 842 656 prosequi
863 611 992 651 valeat,
1014 612 1173 644 mediare
1195 618 1230 644 et
1250 611 1354 644 finire
1376 624 1455 644 cum
1478 612 1620 652 effectu,
1643 612 1778 645 etc....⁸.

293 679 333 710 ln
354 689 507 722 quorum
529 678 689 710 omnium
718 684 750 710 et
783 677 1012 722 singulorum
1034 678 1282 711 testimonium
1311 685 1500 723 presentes
1521 684 1663 710 nostras
1686 677 1949 722 procurationis
1970 677 2064 709 litte-

205 755 261 777 ras
290 756 354 789 per
381 744 559 777 notarium
587 744 856 788 infrascriptum
885 744 1116 789 stipulantem
1139 751 1174 777 et.
1194 744 1427 789 recipientem
1457 745 1493 777 in
1520 744 1724 789 premissis,
1750 743 1827 776 vice
1855 749 1888 775 et
1918 743 2062 775 nomine

205 822 358 855 quorum
384 811 537 843 interest
563 817 598 843 et
624 810 803 843 interesse
831 810 963 855 poterit
989 811 1026 843 in
1046 811 1220 849 futurum,
1242 811 1320 843 fieri
1347 817 1382 843 et
1402 810 1578 856 publicari
1599 810 1858 847 mandavimus,
1880 809 2064 853 sigillique

206 877 299 910 dicte
319 876 575 910 Universitatis
595 877 747 909 fecimus
768 877 992 921 appensione
1010 877 1155 909 muniri.
1172 877 1365 910 Voluimus
1382 877 1487 910 etiam
1509 883 1543 909 et
1563 876 1810 909 mandavimus
1831 887 1895 920 per
1911 875 2063 908 eundem

205 942 451 988 subscriptum
473 943 651 976 notarium
675 943 752 975 fieri
774 949 809 975 et
833 943 995 988 grossari
1023 943 1162 976 tociens
1184 944 1359 988 quociens
1380 955 1472 988 opus
1492 943 1600 975 suerit
1620 942 1758 975 similes
1788 942 1938 981 litteras,
1961 953 2064 973 unam

206 1009 263 1044 vel
284 1009 421 1055 plures.
444 1010 572 1042 Datum
600 1016 635 1042 et
662 1015 777 1042 actum
807 1009 843 1041 in
873 1009 1036 1054 generali
1067 1010 1359 1055 congregacione
1387 1016 1509 1042 nostra
1531 1010 1567 1041 in
1596 1008 1751 1053 capitulo
1774 1008 1927 1040 ecclesie
1950 1007 2067 1040 Sancti

206 1076 377 1110 Maturini
398 1076 559 1121 predicte
579 1088 673 1109 anno
695 1076 840 1108 Domini
865 1075 1060 1109 millesimo
1086 1076 1176 1110 CCC
1202 1076 1426 1121 octogesimo
1449 1077 1589 1121 quinto,
1617 1075 1812 1108 indictione
1835 1075 1909 1118 viij,
1932 1074 2068 1106 mensis

206 1142 344 1188 Aprilis
365 1143 424 1175 die
444 1143 532 1187 xiiij,
555 1142 785 1188 pontificatus
818 1142 1038 1175 sanctissimi
1068 1142 1104 1175 in
1133 1142 1279 1176 Christo
1310 1143 1420 1188 patris
1451 1149 1486 1175 et
1514 1142 1651 1175 domini
1681 1141 1796 1174 nostri
1824 1140 1960 1173 domini
1988 1140 2070 1174 Cle—

207 1209 340 1242 mentis
361 1209 481 1242 divina
502 1209 729 1254 providentia
750 1220 839 1254 pape
861 1209 1006 1253 septimi
1028 1221 1121 1241 anno
1143 1209 1311 1254 septimo,
1334 1208 1566 1254 presentibus
1588 1208 1756 1240 discretis
1772 1207 1859 1240 viris
1881 1207 2068 1252 Radulpho

208 1276 361 1317 Odonis,
386 1275 574 1320 Radulpho
596 1275 737 1316 Boneti,
761 1275 958 1308 Parisiens.
982 1282 1016 1308 et
1038 1276 1202 1319 Sagiens.
1221 1276 1330 1314 dioc..v
1353 1288 1432 1308 cum
1455 1275 1621 1320 pluribus
1642 1274 1722 1307 aliis
1746 1273 1899 1307 testibus
1921 1274 1963 1306 ad
1989 1285 2070 1318 pre-

208 1343 318 1376 missa
338 1343 474 1376 vocatis
496 1342 703 1387 specialiter
723 1348 757 1375 et
779 1342 928 1387 rogatis.

298 1411 342 1442 Et
368 1421 436 1454 ego
464 1408 620 1442 Jacobus
651 1408 846 1449 Preudoul,
875 1408 960 1441 cler.
989 1409 1141 1441 Tornac.
1170 1408 1278 1447 dioc..
1308 1415 1423 1453 apost.
1455 1408 1665 1440 auctoritate
1695 1407 1869 1445 notarius,
1899 1407 2070 1450 curieque

210 1476 322 1509 Paris.
340 1477 498 1521 juratus,
520 1481 582 1509 etc.

302 1574 379 1598 Arch.
394 1574 451 1598 Vnt.
466 1574 572 1598 Collect.
587 1578 616 1597 n⁰
630 1575 685 1603 440,
703 1574 748 1597 rol.
762 1573 832 1596 3b-8.

304 1659 326 1681 1.
345 1659 437 1681 Rector
453 1658 540 1681 Martii
562 1658 681 1681 24-Junii
704 1659 743 1681 23.
760 1672 790 1675 —
805 1658 828 1681 2.
845 1657 904 1681 Fuit
919 1657 982 1681 Ord.
1006 1657 1032 1680 S.
1054 1657 1115 1680 Ben.
1133 1657 1160 1680 In
1178 1657 1280 1681 Chron.
1297 1658 1336 1681 du
1350 1657 1401 1680 rel.
1418 1658 1451 1679 de
1464 1656 1492 1679 S.
1507 1657 1610 1686 Denys,
1628 1656 1646 1683 Ι,
1667 1655 1721 1684 514,
1737 1655 1861 1678 scribitur
1876 1663 1880 1677 -,
1899 1664 1912 1675 α
1927 1654 1957 1677 de
1973 1654 2073 1677 Allain-

211 1703 275 1726 villa
289 1710 311 1726 1).
332 1703 369 1726 An
391 1703 461 1731 1391,
478 1703 598 1726 Decemb.
614 1704 638 1732 4,
659 1703 688 1726 fit
712 1702 795 1725 abbas
818 1703 844 1726 S.
867 1701 947 1733 Eligii
969 1702 1136 1725 Noviomens.
1155 1702 1227 1732 (Reg.
1241 1702 1297 1724 vat.
1322 1701 1447 1724 Clement.
1464 1701 1518 1729 Vll,
1541 1705 1570 1722 11ο
1590 1700 1643 1728 302,
1663 1700 1707 1722 sol.
1727 1699 1801 1728 wib).
1820 1712 1847 1716 —
1863 1700 1884 1722 3.
1903 1699 1970 1721 Ms.:
1990 1707 2000 1720 ι(
2017 1699 2074 1721 Ras-

212 1747 293 1771 fardis
309 1755 332 1771 ».
353 1747 410 1771 vid.
428 1755 454 1778 p.
472 1748 527 1770 265.
543 1760 574 1764 —
596 1748 619 1770 [ι.
639 1747 690 1770 Seu
709 1747 798 1778 potius
819 1754 825 1770 ι
852 1755 863 1769 «
878 1745 1025 1777 Vuuquelot
1041 1754 1062 1770 1).
1080 1745 1137 1769 Vid.
1154 1754 1235 1776 supra
1255 1754 1282 1776 p.
1299 1746 1353 1768 ⁴264.
1374 1758 1402 1762 —
1425 1746 1448 1767 5.
1465 1744 1514 1771 Qui
1533 1744 1580 1767 hoc
1598 1744 1656 1774 ipso
1676 1752 1743 1766 anno
1759 1751 1774 1766 n
1788 1743 1859 1766 Junii
1884 1744 1912 1765 23
1936 1750 2018 1773 usque
2043 1742 2074 1764 ad

211 1791 303 1815 Octob.
327 1792 356 1814 10
378 1794 463 1814 rector
479 1791 537 1815 fuit.
558 1804 589 1808 —
610 1793 632 1814 6.
650 1791 720 1814 Alias
738 1800 749 1814 «
763 1791 854 1814 W'uart
871 1799 891 1819 »‚
910 1799 921 1813 «
941 1791 1031 1813 Wuart
1046 1799 1057 1812 »
1081 1798 1127 1813 seu
1146 1798 1157 1812 t(
1172 1789 1286 1812 Vouurdi
1303 1798 1325 1818 »,
1339 1789 1370 1812 de
1390 1797 1441 1820 quo
1463 1796 1544 1819 supra
1559 1797 1585 1819 p.
1604 1789 1657 1811 265.
1676 1801 1704 1805 -
1721 1789 1743 1811 7.
1761 1788 1893 1810 Johannes
1909 1787 2029 1810 Albertus
2045 1786 2076 1809 de

212 1836 327 1865 Austria,
342 1836 430 1860 licent.
446 1836 472 1859 in
488 1836 567 1859 theol.
585 1844 626 1859 au.
644 1836 703 1858 1398
718 1844 731 1858 e
748 1835 837 1860 Gatal.
854 1835 947 1859 licent.
960 1848 990 1852 —
1003 1836 1026 1860 8.
1043 1835 1194 1866 Sequuntur
1207 1834 1300 1857 solitae
1317 1834 1445 1857 formulae
1461 1833 1594 1856 adhibitae
1610 1832 1635 1855 in
1649 1832 1830 1855 constituendo
1846 1835 2016 1862 procuratore
2031 1839 2076 1854 seu

211 1880 329 1912 syndico.

218 1988 359 2026 1508.
383 2007 398 2023 4(
420 1999 575 2023 processus
599 1998 812 2032 informationis
836 2006 924 2033 super
948 1997 1146 2033 infrascriptis
1167 2005 1220 2032 per
1239 1996 1504 2022 reverendissimum
1528 1995 1557 2020 in
1586 1995 1695 2020 Christo
1718 1997 1830 2030 patrem
1855 1997 1882 2019 et
1905 1993 1978 2018 dom.
2001 1992 2074 2018 dom.

302 2048 416 2073 Petrum
432 2047 616 2072 miseralione
631 2046 727 2072 divina
742 2056 765 2072 s.
785 2047 864 2072 Rom.
882 2045 948 2072 eccl,
962 2045 1056 2081 presb.
1073 2045 1151 2071 card.
1169 2045 1387 2071 Laudunensem
1404 2044 1559 2078 vulgariter
1573 2047 1775 2079 nuncupatum,
1793 2043 1965 2068 auctor-[tate
1981 2045 2074 2077 apost.

296 2096 423 2131 judicem
441 2099 467 2121 et
483 2096 709 2121 commissarium
725 2095 753 2120 in
767 2095 821 2120 leae
835 2098 919 2130 parte
935 2094 1102 2130 specialiter
1117 2094 1295 2130 deputatum,
1310 2096 1389 2128 facte
1405 2093 1478 2118 inter
1491 2096 1591 2128 partes
1608 2092 1813 2127 infrascriptos
1828 2091 1991 2121 summarie,
2005 2091 2074 2115 sim-

298 2144 414 2181 pliciter
429 2148 456 2170 et
470 2145 532 2170 sine
547 2144 669 2180 strepitu
685 2147 711 2170 el
725 2146 821 2178 figura
829 2143 936 2179 judicii
951 2144 1041 2169 eciam
1055 2142 1319 2178 extrajudicialiter
1334 2143 1464 2177 agitatus
1480 2141 1621 2167 Papisius.
1642 2150 1656 2167 2>

1429 2227 1504 2256 1385,
1520 2226 1611 2259 Aprilis
1628 2227 1663 2255 15,
1680 2226 1792 2251 Parisiis.

302 2266 345 2297 Et
365 2264 493 2309 primo.

303 2331 407 2363 Anno
439 2330 583 2363 Domini
614 2329 807 2362 millesimo
836 2329 966 2362 CCC¹¹¹⁰
992 2329 1240 2373 octuagesimo
1269 2328 1408 2373 quinto,
1438 2327 1637 2359 indictione
1672 2327 1746 2370 viij,
1777 2326 1833 2358 die
1862 2337 1906 2358 xv
1938 2324 2074 2357 mensis

213 2397 362 2442 Aprilis,
386 2397 616 2442 pontificatus
640 2396 860 2429 sanctissimi
881 2396 917 2428 in
939 2395 1086 2429 Christo
1108 2395 1219 2440 patris
1246 2401 1280 2427 et
1309 2394 1446 2427 domini
1476 2394 1589 2426 nostri
1617 2393 1711 2425 dom.
1735 2392 1933 2426 Clementis
1955 2391 2074 2423 divina

214 2464 439 2509 providentia
461 2475 550 2508 pape
567 2463 651 2508 vij¹mi
672 2475 765 2495 anno
782 2463 857 2507 vij⁰,
876 2462 913 2494 in
934 2462 1115 2507 presentia
1138 2461 1435 2494 reverendissimi
1456 2461 1491 2492 in
1509 2460 1654 2493 Christo
1677 2459 1787 2504 patris
1809 2465 1843 2491 et
1863 2458 1958 2491 dom.
1977 2457 2072 2489 dom.

213 2530 308 2563 Petri
336 2530 568 2562 miseratione
596 2529 716 2563 divina
745 2541 773 2562 s.
799 2531 900 2562 Rom.
924 2528 1078 2561 ecclesie
1106 2527 1227 2572 presb.
1250 2527 1346 2560 card.
1372 2527 1624 2559 Laudunensis
1645 2525 1842 2570 vulgariter
1866 2523 2072 2568 nuncupati,

214 2597 411 2630 existentes
428 2603 463 2629 et
483 2596 724 2641 personaliter
740 2595 926 2628 constituti
944 2594 1164 2628 venerabilis
1182 2601 1216 2627 et
1235 2594 1415 2626 discretus
1432 2593 1486 2626 vir
1503 2593 1675 2637 magister
1691 2592 1878 2636 Philippus
1900 2590 2073 2627 Parentis,

214 2675 308 2708 mag.
324 2663 360 2695 in
377 2670 456 2704 art.,
475 2669 595 2695 rector
612 2663 867 2696 Universitatis
885 2662 996 2695 studii
1013 2661 1242 2701 Parisiensis,
1262 2672 1404 2693 necnon
1420 2659 1648 2692 venerabiles
1665 2659 1744 2698 viri,
1764 2658 1799 2690 in
1816 2657 1960 2691 Christo
1976 2662 2074 2700 pater

214 2729 342 2763 abbas¹
362 2730 572 2762 monasterii
595 2730 629 2762 S.
652 2729 821 2774 Maglorii
843 2728 1074 2769 Parisiensis,
1093 2729 1220 2760 Petrus
1238 2727 1282 2759 de
1298 2726 1450 2759 Ailliaco
1472 2726 1507 2757 111
1526 2725 1720 2769 theologia,
1740 2726 1865 2756 Petrus
1887 2722 2035 2755 Bidaudi
2049 2722 2073 2760 ²,

215 2796 421 2829 Bernardus
443 2796 487 2828 de
508 2796 675 2829 Oratorio
702 2796 738 2827 in
765 2795 935 2836 decretis,
960 2793 1180 2827 Guillelmus
1201 2792 1403 2831 Carnificis,
1428 2791 1629 2836 Stephanus
1651 2791 1694 2822 dc
1715 2790 1819 2822 Tullo
1842 2790 1877 2820 111
1899 2787 2073 2820 medicina

215 2862 383 2895 doctores
416 2868 450 2894 et
481 2861 643 2906 magistri
674 2873 713 2894 se
739 2867 958 2902 asserentes,
980 2871 1122 2892 necnon
1144 2859 1315 2904 magister
1336 2860 1463 2890 Petrus
1486 2857 1618 2889 Forteti
1640 2856 1843 2888 licentiatus
1865 2855 1899 2886 in
1921 2860 2073 2896 utroque

338 2923 386 2939 *Η
405 2920 500 2944 Chart-
524 2919 601 2943 Univ.
621 2919 716 2943 Paris.
732 2920 777 2942 ΙΙΙ.
1922 2912 1953 2934 44
