<?xml version="1.0" encoding="UTF-8"?>
<!DOCTYPE html PUBLIC "-//W3C//DTD XHTML 1.0 Transitional//EN"
    "http://www.w3.org/TR/xhtml1/DTD/xhtml1-transitional.dtd">
<html xmlns="http://www.w3.org/1999/xhtml" xml:lang="en" lang="en">
 <head>
  <title>
</title>
<meta http-equiv="Content-Type" content="text/html;charset=utf-8" />
  <meta name='ocr-system' content='tesseract 3.04.00' />
  <meta name='ocr-capabilities' content='ocr_page ocr_carea ocr_par ocr_line ocrx_word'/>
</head>
<body>
  <div class='ocr_page' id='page_1' title='image "auctariumchartul03univuoft_0348.png"; bbox 0 0 2488 3386; ppageno 0'>
   <div class='ocr_carea' id='block_1_1' title="bbox 489 347 2349 389">
    <p class='ocr_par' dir='ltr' id='par_1_1' title="bbox 489 347 2349 389">
     <span class='ocr_line' id='line_1_1' title="bbox 489 347 2349 389; baseline -0.003 0"><span class='ocrx_word' id='word_1_1' title='bbox 489 355 554 389; x_wconf 88' lang='grc'>300</span> <span class='ocrx_word' id='word_1_2' title='bbox 1065 366 1385 388; x_wconf 73' lang='lat' dir='ltr'>CHARTULARIUM</span> <span class='ocrx_word' id='word_1_3' title='bbox 1419 364 1606 387; x_wconf 63' lang='lat' dir='ltr'>umvxzns.</span> <span class='ocrx_word' id='word_1_4' title='bbox 1644 364 1774 386; x_wconf 74' lang='lat' dir='ltr'>PAnis.</span> <span class='ocrx_word' id='word_1_5' title='bbox 2252 347 2349 384; x_wconf 83' lang='lat'><strong>[1381</strong></span> 
     </span>
    </p>
   </div>
   <div class='ocr_carea' id='block_1_2' title="bbox 485 432 2350 1747">
    <p class='ocr_par' dir='ltr' id='par_1_2' title="bbox 489 432 2350 948">
     <span class='ocr_line' id='line_1_2' title="bbox 489 432 2350 484; baseline -0.004 -12"><span class='ocrx_word' id='word_1_6' title='bbox 489 451 584 480; x_wconf 75' lang='lat' dir='ltr'>vare,</span> <span class='ocrx_word' id='word_1_7' title='bbox 611 446 644 472; x_wconf 91' lang='lat' dir='ltr'>et</span> <span class='ocrx_word' id='word_1_8' title='bbox 673 439 862 484; x_wconf 72' lang='lat' dir='ltr'>presertim</span> <span class='ocrx_word' id='word_1_9' title='bbox 894 439 975 484; x_wconf 85' lang='lat' dir='ltr'>quia</span> <span class='ocrx_word' id='word_1_10' title='bbox 1005 452 1023 472; x_wconf 88' lang='lat' dir='ltr'>a</span> <span class='ocrx_word' id='word_1_11' title='bbox 1055 432 1257 484; x_wconf 71' lang='lat' dir='ltr'>puerilibus</span> <span class='ocrx_word' id='word_1_12' title='bbox 1290 439 1449 472; x_wconf 80' lang='lat' dir='ltr'>exordiis</span> <span class='ocrx_word' id='word_1_13' title='bbox 1482 439 1561 483; x_wconf 79' lang='lat' dir='ltr'>ipse</span> <span class='ocrx_word' id='word_1_14' title='bbox 1593 438 1709 470; x_wconf 86' lang='lat' dir='ltr'>fuerat</span> <span class='ocrx_word' id='word_1_15' title='bbox 1737 436 1945 469; x_wconf 80' lang='lat' dir='ltr'>Aurelianis</span> <span class='ocrx_word' id='word_1_16' title='bbox 1972 434 2123 468; x_wconf 79' lang='lat' dir='ltr'>studens</span> <span class='ocrx_word' id='word_1_17' title='bbox 2152 440 2186 466; x_wconf 90' lang='lat' dir='ltr'>et</span> <span class='ocrx_word' id='word_1_18' title='bbox 2215 434 2350 479; x_wconf 87' lang='lat' dir='ltr'>gradus</span> 
     </span>
     <span class='ocr_line' id='line_1_3' title="bbox 492 500 2349 550; baseline -0.003 -12"><span class='ocrx_word' id='word_1_19' title='bbox 492 517 578 538; x_wconf 84' lang='lat' dir='ltr'>suos</span> <span class='ocrx_word' id='word_1_20' title='bbox 609 505 693 538; x_wconf 81' lang='lat' dir='ltr'>licet</span> <span class='ocrx_word' id='word_1_21' title='bbox 722 506 895 550; x_wconf 87' lang='lat' dir='ltr'>indignus</span> <span class='ocrx_word' id='word_1_22' title='bbox 925 505 1130 538; x_wconf 73' lang='lat' dir='ltr'>obtinuerat</span> <span class='ocrx_word' id='word_1_23' title='bbox 1159 506 1195 538; x_wconf 93' lang='lat' dir='ltr'>in</span> <span class='ocrx_word' id='word_1_24' title='bbox 1224 505 1364 546; x_wconf 78' lang='lat' dir='ltr'>eodem7</span> <span class='ocrx_word' id='word_1_25' title='bbox 1393 506 1550 537; x_wconf 79' lang='lat' dir='ltr'>offerens</span> <span class='ocrx_word' id='word_1_26' title='bbox 1581 516 1620 536; x_wconf 92' lang='lat' dir='ltr'>se</span> <span class='ocrx_word' id='word_1_27' title='bbox 1650 503 1771 546; x_wconf 60' lang='lat' dir='ltr'>(salvis</span> <span class='ocrx_word' id='word_1_28' title='bbox 1799 509 1835 535; x_wconf 94' lang='lat' dir='ltr'>et</span> <span class='ocrx_word' id='word_1_29' title='bbox 1861 502 2021 546; x_wconf 88' lang='lat' dir='ltr'>exceptis</span> <span class='ocrx_word' id='word_1_30' title='bbox 2048 500 2195 545; x_wconf 86' lang='lat' dir='ltr'>juribus</span> <span class='ocrx_word' id='word_1_31' title='bbox 2224 500 2349 545; x_wconf 85' lang='lat' dir='ltr'>prefati</span> 
     </span>
     <span class='ocr_line' id='line_1_4' title="bbox 492 567 2350 616; baseline -0.003 -12"><span class='ocrx_word' id='word_1_32' title='bbox 492 572 627 604; x_wconf 89' lang='lat' dir='ltr'>domini</span> <span class='ocrx_word' id='word_1_33' title='bbox 658 572 773 604; x_wconf 87' lang='lat' dir='ltr'>nostri</span> <span class='ocrx_word' id='word_1_34' title='bbox 803 572 913 616; x_wconf 69' lang='lat' dir='ltr'>regis,</span> <span class='ocrx_word' id='word_1_35' title='bbox 946 572 1003 604; x_wconf 92' lang='lat' dir='ltr'>cui</span> <span class='ocrx_word' id='word_1_36' title='bbox 1032 573 1276 616; x_wconf 87' lang='lat' dir='ltr'>juramentum</span> <span class='ocrx_word' id='word_1_37' title='bbox 1308 572 1352 604; x_wconf 90' lang='lat' dir='ltr'>de</span> <span class='ocrx_word' id='word_1_38' title='bbox 1384 572 1479 604; x_wconf 82' lang='lat' dir='ltr'>dicto</span> <span class='ocrx_word' id='word_1_39' title='bbox 1513 570 1742 615; x_wconf 79' lang='lat' dir='ltr'>prepositure</span> <span class='ocrx_word' id='word_1_40' title='bbox 1772 569 1905 604; x_wconf 44' lang='lat' dir='ltr'>officiot</span> <span class='ocrx_word' id='word_1_41' title='bbox 1936 567 2106 612; x_wconf 87' lang='lat' dir='ltr'>quamdiu</span> <span class='ocrx_word' id='word_1_42' title='bbox 2142 567 2350 612; x_wconf 84' lang='lat' dir='ltr'>prepositus</span> 
     </span>
     <span class='ocr_line' id='line_1_5' title="bbox 492 633 2350 683; baseline -0.003 -13"><span class='ocrx_word' id='word_1_43' title='bbox 492 638 673 678; x_wconf 71' lang='lat' dir='ltr'>existeret,</span> <span class='ocrx_word' id='word_1_44' title='bbox 698 636 854 670; x_wconf 87' lang='lat' dir='ltr'>fideliter</span> <span class='ocrx_word' id='word_1_45' title='bbox 875 638 1077 670; x_wconf 87' lang='lat' dir='ltr'>exercendo</span> <span class='ocrx_word' id='word_1_46' title='bbox 1101 638 1342 683; x_wconf 85' lang='lat' dir='ltr'>[prestiterat])</span> <span class='ocrx_word' id='word_1_47' title='bbox 1364 644 1522 682; x_wconf 87' lang='lat' dir='ltr'>paratum</span> <span class='ocrx_word' id='word_1_48' title='bbox 1546 637 1598 669; x_wconf 85' lang='lat' dir='ltr'>eis</span> <span class='ocrx_word' id='word_1_49' title='bbox 1619 636 1738 669; x_wconf 86' lang='lat' dir='ltr'>favere</span> <span class='ocrx_word' id='word_1_50' title='bbox 1754 636 1855 680; x_wconf 82' lang='lat' dir='ltr'>juxta</span> <span class='ocrx_word' id='word_1_51' title='bbox 1877 646 2000 680; x_wconf 69' lang='lat' dir='ltr'>posse,</span> <span class='ocrx_word' id='word_1_52' title='bbox 2021 645 2220 678; x_wconf 87' lang='lat' dir='ltr'>eorumque</span> <span class='ocrx_word' id='word_1_53' title='bbox 2241 633 2350 678; x_wconf 90' lang='lat' dir='ltr'>privi-</span> 
     </span>
     <span class='ocr_line' id='line_1_6' title="bbox 491 701 2347 749; baseline -0.003 -12"><span class='ocrx_word' id='word_1_54' title='bbox 491 704 598 749; x_wconf 78' lang='lat' dir='ltr'>legia,</span> <span class='ocrx_word' id='word_1_55' title='bbox 615 704 799 737; x_wconf 76' lang='lat' dir='ltr'>libertates</span> <span class='ocrx_word' id='word_1_56' title='bbox 816 712 851 737; x_wconf 89' lang='lat' dir='ltr'>et</span> <span class='ocrx_word' id='word_1_57' title='bbox 865 706 959 749; x_wconf 67' lang='lat' dir='ltr'>jura‚</span> <span class='ocrx_word' id='word_1_58' title='bbox 982 711 1088 749; x_wconf 88' lang='lat' dir='ltr'>prout</span> <span class='ocrx_word' id='word_1_59' title='bbox 1108 705 1152 737; x_wconf 92' lang='lat' dir='ltr'>de</span> <span class='ocrx_word' id='word_1_60' title='bbox 1168 706 1251 748; x_wconf 88' lang='lat' dir='ltr'>jure</span> <span class='ocrx_word' id='word_1_61' title='bbox 1267 704 1388 741; x_wconf 77' lang='lat' dir='ltr'>suerit,</span> <span class='ocrx_word' id='word_1_62' title='bbox 1406 711 1440 736; x_wconf 90' lang='lat' dir='ltr'>et</span> <span class='ocrx_word' id='word_1_63' title='bbox 1456 704 1565 736; x_wconf 85' lang='lat' dir='ltr'>eciam</span> <span class='ocrx_word' id='word_1_64' title='bbox 1589 703 1759 743; x_wconf 74' lang='lat' dir='ltr'>racionis⁷</span> <span class='ocrx_word' id='word_1_65' title='bbox 1778 702 1978 735; x_wconf 87' lang='lat' dir='ltr'>secundum</span> <span class='ocrx_word' id='word_1_66' title='bbox 2002 701 2162 746; x_wconf 88' lang='lat' dir='ltr'>ipsorum</span> <span class='ocrx_word' id='word_1_67' title='bbox 2184 701 2347 741; x_wconf 72' lang='lat' dir='ltr'>sormam,</span> 
     </span>
     <span class='ocr_line' id='line_1_7' title="bbox 490 767 2348 813; baseline -0.002 -10"><span class='ocrx_word' id='word_1_68' title='bbox 490 771 752 803; x_wconf 83' lang='lat' dir='ltr'>continenciam</span> <span class='ocrx_word' id='word_1_69' title='bbox 771 778 804 803; x_wconf 89' lang='lat' dir='ltr'>et</span> <span class='ocrx_word' id='word_1_70' title='bbox 821 777 980 803; x_wconf 84' lang='lat' dir='ltr'>tenorem</span> <span class='ocrx_word' id='word_1_71' title='bbox 1003 771 1130 803; x_wconf 86' lang='lat' dir='ltr'>amodo</span> <span class='ocrx_word' id='word_1_72' title='bbox 1146 770 1248 803; x_wconf 87' lang='lat' dir='ltr'>illesa</span> <span class='ocrx_word' id='word_1_73' title='bbox 1266 781 1410 803; x_wconf 83' lang='lat' dir='ltr'>servare</span> <span class='ocrx_word' id='word_1_74' title='bbox 1428 776 1461 802; x_wconf 85' lang='lat' dir='ltr'>et</span> <span class='ocrx_word' id='word_1_75' title='bbox 1478 776 1601 802; x_wconf 82' lang='lat' dir='ltr'>contra</span> <span class='ocrx_word' id='word_1_76' title='bbox 1619 769 1695 813; x_wconf 88' lang='lat' dir='ltr'>ipsa</span> <span class='ocrx_word' id='word_1_77' title='bbox 1717 768 1925 801; x_wconf 85' lang='lat' dir='ltr'>nullatenus</span> <span class='ocrx_word' id='word_1_78' title='bbox 1941 771 2189 812; x_wconf 86' lang='lat' dir='ltr'>atte[m]ptare.</span> <span class='ocrx_word' id='word_1_79' title='bbox 2207 767 2348 799; x_wconf 84' lang='lat' dir='ltr'>Dictum</span> 
     </span>
     <span class='ocr_line' id='line_1_8' title="bbox 491 833 2349 882; baseline -0.002 -12"><span class='ocrx_word' id='word_1_80' title='bbox 491 837 719 882; x_wconf 84' lang='lat' dir='ltr'>privilegium</span> <span class='ocrx_word' id='word_1_81' title='bbox 749 838 812 878; x_wconf 72' lang='lat' dir='ltr'>sic,</span> <span class='ocrx_word' id='word_1_82' title='bbox 837 844 875 870; x_wconf 91' lang='lat' dir='ltr'>ut</span> <span class='ocrx_word' id='word_1_83' title='bbox 900 837 1129 881; x_wconf 80' lang='lat' dir='ltr'>premittitur,</span> <span class='ocrx_word' id='word_1_84' title='bbox 1154 836 1223 869; x_wconf 89' lang='lat' dir='ltr'>sibi</span> <span class='ocrx_word' id='word_1_85' title='bbox 1244 837 1375 869; x_wconf 88' lang='lat' dir='ltr'>lectum</span> <span class='ocrx_word' id='word_1_86' title='bbox 1405 836 1599 869; x_wconf 83' lang='lat' dir='ltr'>observare</span> <span class='ocrx_word' id='word_1_87' title='bbox 1628 835 1803 880; x_wconf 83' lang='lat' dir='ltr'>promittit</span> <span class='ocrx_word' id='word_1_88' title='bbox 1825 842 1860 868; x_wconf 88' lang='lat' dir='ltr'>et</span> <span class='ocrx_word' id='word_1_89' title='bbox 1886 835 2022 879; x_wconf 82' lang='lat' dir='ltr'>juravit</span> <span class='ocrx_word' id='word_1_90' title='bbox 2050 834 2087 867; x_wconf 90' lang='lat' dir='ltr'>in</span> <span class='ocrx_word' id='word_1_91' title='bbox 2118 834 2264 866; x_wconf 90' lang='lat' dir='ltr'>modum</span> <span class='ocrx_word' id='word_1_92' title='bbox 2287 833 2349 879; x_wconf 93' lang='lat' dir='ltr'>qui</span> 
     </span>
     <span class='ocr_line' id='line_1_9' title="bbox 491 904 964 948; baseline -0.002 -12"><span class='ocrx_word' id='word_1_93' title='bbox 491 904 655 948; x_wconf 88' lang='lat' dir='ltr'>sequitur</span> <span class='ocrx_word' id='word_1_94' title='bbox 676 910 708 936; x_wconf 91' lang='lat' dir='ltr'>et</span> <span class='ocrx_word' id='word_1_95' title='bbox 730 904 765 936; x_wconf 92' lang='lat' dir='ltr'>in</span> <span class='ocrx_word' id='word_1_96' title='bbox 785 904 933 936; x_wconf 86' lang='lat' dir='ltr'>sormam</span> <span class='ocrx_word' id='word_1_97' title='bbox 958 915 964 935; x_wconf 88' lang='lat'>:</span> 
     </span>
    </p>

    <p class='ocr_par' dir='ltr' id='par_1_3' title="bbox 490 967 2350 1081">
     <span class='ocr_line' id='line_1_10' title="bbox 580 967 2350 1014; baseline -0.001 -13"><span class='ocrx_word' id='word_1_98' title='bbox 580 985 595 1001; x_wconf 90' lang='lat'>«</span> <span class='ocrx_word' id='word_1_99' title='bbox 619 970 839 1003; x_wconf 89' lang='lat' dir='ltr'>Obediencia</span> <span class='ocrx_word' id='word_1_100' title='bbox 860 977 895 1002; x_wconf 90' lang='lat' dir='ltr'>et</span> <span class='ocrx_word' id='word_1_101' title='bbox 921 969 1089 1002; x_wconf 91' lang='lat' dir='ltr'>omnibus</span> <span class='ocrx_word' id='word_1_102' title='bbox 1111 969 1258 1014; x_wconf 86' lang='lat' dir='ltr'>juribus</span> <span class='ocrx_word' id='word_1_103' title='bbox 1287 969 1423 1002; x_wconf 91' lang='lat' dir='ltr'>domini</span> <span class='ocrx_word' id='word_1_104' title='bbox 1452 970 1566 1002; x_wconf 87' lang='lat' dir='ltr'>nostri</span> <span class='ocrx_word' id='word_1_105' title='bbox 1595 969 1694 1014; x_wconf 84' lang='lat' dir='ltr'>regis</span> <span class='ocrx_word' id='word_1_106' title='bbox 1723 980 1786 1014; x_wconf 89' lang='lat' dir='ltr'>per</span> <span class='ocrx_word' id='word_1_107' title='bbox 1807 969 1926 1001; x_wconf 90' lang='lat' dir='ltr'>omnia</span> <span class='ocrx_word' id='word_1_108' title='bbox 1954 979 2098 1013; x_wconf 87' lang='lat' dir='ltr'>semper</span> <span class='ocrx_word' id='word_1_109' title='bbox 2126 967 2287 1012; x_wconf 87' lang='lat' dir='ltr'>exceptis</span> <span class='ocrx_word' id='word_1_110' title='bbox 2315 973 2350 1000; x_wconf 86' lang='lat' dir='ltr'>et</span> 
     </span>
     <span class='ocr_line' id='line_1_11' title="bbox 490 1034 2348 1081; baseline -0.001 -13"><span class='ocrx_word' id='word_1_111' title='bbox 490 1037 611 1078; x_wconf 81' lang='lat' dir='ltr'>salvis⁷</span> <span class='ocrx_word' id='word_1_112' title='bbox 632 1037 819 1081; x_wconf 71' lang='lat' dir='ltr'>premissa,</span> <span class='ocrx_word' id='word_1_113' title='bbox 843 1037 1011 1080; x_wconf 82' lang='lat' dir='ltr'>quatinus</span> <span class='ocrx_word' id='word_1_114' title='bbox 1032 1048 1087 1068; x_wconf 90' lang='lat' dir='ltr'>me</span> <span class='ocrx_word' id='word_1_115' title='bbox 1108 1043 1272 1081; x_wconf 71' lang='lat' dir='ltr'>tangunt,</span> <span class='ocrx_word' id='word_1_116' title='bbox 1296 1036 1452 1068; x_wconf 84' lang='lat' dir='ltr'>fideliter</span> <span class='ocrx_word' id='word_1_117' title='bbox 1473 1035 1668 1069; x_wconf 85' lang='lat' dir='ltr'>observare</span> <span class='ocrx_word' id='word_1_118' title='bbox 1689 1047 1754 1080; x_wconf 81' lang='lat' dir='ltr'>pro</span> <span class='ocrx_word' id='word_1_119' title='bbox 1776 1047 1885 1080; x_wconf 87' lang='lat' dir='ltr'>posse</span> <span class='ocrx_word' id='word_1_120' title='bbox 1901 1036 2108 1079; x_wconf 86' lang='lat' dir='ltr'>juramento</span> <span class='ocrx_word' id='word_1_121' title='bbox 2129 1034 2311 1079; x_wconf 87' lang='lat' dir='ltr'>promitto.</span> <span class='ocrx_word' id='word_1_122' title='bbox 2331 1047 2348 1065; x_wconf 87' lang='lat'>»</span> 
     </span>
    </p>

    <p class='ocr_par' dir='ltr' id='par_1_4' title="bbox 486 1101 2350 1347">
     <span class='ocr_line' id='line_1_12' title="bbox 577 1101 2348 1147; baseline -0.001 -12"><span class='ocrx_word' id='word_1_123' title='bbox 577 1104 628 1135; x_wconf 87' lang='lat' dir='ltr'>De</span> <span class='ocrx_word' id='word_1_124' title='bbox 645 1109 679 1135; x_wconf 88' lang='lat' dir='ltr'>et</span> <span class='ocrx_word' id='word_1_125' title='bbox 699 1114 809 1147; x_wconf 88' lang='lat' dir='ltr'>super</span> <span class='ocrx_word' id='word_1_126' title='bbox 825 1102 957 1146; x_wconf 84' lang='lat' dir='ltr'>quibus</span> <span class='ocrx_word' id='word_1_127' title='bbox 979 1103 1167 1147; x_wconf 84' lang='lat' dir='ltr'>premissis</span> <span class='ocrx_word' id='word_1_128' title='bbox 1189 1102 1358 1135; x_wconf 90' lang='lat' dir='ltr'>omnibus</span> <span class='ocrx_word' id='word_1_129' title='bbox 1380 1109 1413 1135; x_wconf 92' lang='lat' dir='ltr'>et</span> <span class='ocrx_word' id='word_1_130' title='bbox 1435 1103 1593 1147; x_wconf 86' lang='lat' dir='ltr'>singulis</span> <span class='ocrx_word' id='word_1_131' title='bbox 1617 1102 1935 1147; x_wconf 82' lang='lat' dir='ltr'>supranominatus</span> <span class='ocrx_word' id='word_1_132' title='bbox 1957 1101 2127 1134; x_wconf 88' lang='lat' dir='ltr'>dominus</span> <span class='ocrx_word' id='word_1_133' title='bbox 2147 1101 2348 1146; x_wconf 85' lang='lat' dir='ltr'>Audoynus</span> 
     </span>
     <span class='ocr_line' id='line_1_13' title="bbox 488 1167 2350 1214; baseline 0.001 -13"><span class='ocrx_word' id='word_1_134' title='bbox 488 1181 551 1214; x_wconf 89' lang='lat' dir='ltr'>pro</span> <span class='ocrx_word' id='word_1_135' title='bbox 569 1181 608 1202; x_wconf 90' lang='lat' dir='ltr'>se</span> <span class='ocrx_word' id='word_1_136' title='bbox 629 1176 663 1201; x_wconf 90' lang='lat' dir='ltr'>et</span> <span class='ocrx_word' id='word_1_137' title='bbox 683 1169 725 1201; x_wconf 86' lang='lat' dir='ltr'>ad</span> <span class='ocrx_word' id='word_1_138' title='bbox 747 1180 837 1213; x_wconf 89' lang='lat' dir='ltr'>opus</span> <span class='ocrx_word' id='word_1_139' title='bbox 859 1180 963 1201; x_wconf 90' lang='lat' dir='ltr'>suum</span> <span class='ocrx_word' id='word_1_140' title='bbox 986 1181 1050 1214; x_wconf 88' lang='lat' dir='ltr'>per</span> <span class='ocrx_word' id='word_1_141' title='bbox 1070 1181 1139 1209; x_wconf 64' lang='lat' dir='ltr'>ine,</span> <span class='ocrx_word' id='word_1_142' title='bbox 1158 1169 1335 1202; x_wconf 88' lang='lat' dir='ltr'>notarium</span> <span class='ocrx_word' id='word_1_143' title='bbox 1358 1169 1542 1214; x_wconf 91' lang='lat' dir='ltr'>publicum</span> <span class='ocrx_word' id='word_1_144' title='bbox 1564 1169 1847 1214; x_wconf 69' lang='lat' dir='ltr'>infrascriptum7</span> <span class='ocrx_word' id='word_1_145' title='bbox 1867 1168 1937 1201; x_wconf 85' lang='lat' dir='ltr'>sibi</span> <span class='ocrx_word' id='word_1_146' title='bbox 1959 1168 2037 1201; x_wconf 91' lang='lat' dir='ltr'>fieri</span> <span class='ocrx_word' id='word_1_147' title='bbox 2057 1167 2173 1201; x_wconf 84' lang='lat' dir='ltr'>voluit</span> <span class='ocrx_word' id='word_1_148' title='bbox 2191 1174 2227 1201; x_wconf 87' lang='lat' dir='ltr'>et</span> <span class='ocrx_word' id='word_1_149' title='bbox 2247 1168 2350 1213; x_wconf 84' lang='lat' dir='ltr'>petiit</span> 
     </span>
     <span class='ocr_line' id='line_1_14' title="bbox 487 1233 2348 1281; baseline 0.001 -14"><span class='ocrx_word' id='word_1_150' title='bbox 487 1235 668 1280; x_wconf 88' lang='lat' dir='ltr'>publicum</span> <span class='ocrx_word' id='word_1_151' title='bbox 691 1235 968 1268; x_wconf 88' lang='lat' dir='ltr'>instrumentum</span> <span class='ocrx_word' id='word_1_152' title='bbox 991 1247 1100 1267; x_wconf 90' lang='lat' dir='ltr'>unum</span> <span class='ocrx_word' id='word_1_153' title='bbox 1122 1235 1179 1269; x_wconf 88' lang='lat' dir='ltr'>vel</span> <span class='ocrx_word' id='word_1_154' title='bbox 1200 1236 1316 1280; x_wconf 78' lang='lat' dir='ltr'>plura,</span> <span class='ocrx_word' id='word_1_155' title='bbox 1338 1236 1368 1268; x_wconf 90' lang='lat' dir='ltr'>si</span> <span class='ocrx_word' id='word_1_156' title='bbox 1390 1236 1437 1269; x_wconf 88' lang='lat' dir='ltr'>sit</span> <span class='ocrx_word' id='word_1_157' title='bbox 1457 1248 1562 1281; x_wconf 73' lang='lat' dir='ltr'>opus,</span> <span class='ocrx_word' id='word_1_158' title='bbox 1586 1236 1748 1280; x_wconf 88' lang='lat' dir='ltr'>ejusdem</span> <span class='ocrx_word' id='word_1_159' title='bbox 1772 1242 1890 1268; x_wconf 87' lang='lat' dir='ltr'>tamen</span> <span class='ocrx_word' id='word_1_160' title='bbox 1912 1233 2119 1267; x_wconf 86' lang='lat' dir='ltr'>substancie</span> <span class='ocrx_word' id='word_1_161' title='bbox 2141 1241 2176 1267; x_wconf 92' lang='lat' dir='ltr'>et</span> <span class='ocrx_word' id='word_1_162' title='bbox 2195 1234 2348 1276; x_wconf 83' lang='lat' dir='ltr'>tenoris,</span> 
     </span>
     <span class='ocr_line' id='line_1_15' title="bbox 486 1302 1765 1347; baseline 0.001 -13"><span class='ocrx_word' id='word_1_163' title='bbox 486 1308 643 1334; x_wconf 83' lang='lat' dir='ltr'>astantes</span> <span class='ocrx_word' id='word_1_164' title='bbox 667 1308 700 1334; x_wconf 86' lang='lat' dir='ltr'>et</span> <span class='ocrx_word' id='word_1_165' title='bbox 723 1308 912 1346; x_wconf 86' lang='lat' dir='ltr'>presentes</span> <span class='ocrx_word' id='word_1_166' title='bbox 933 1302 1134 1335; x_wconf 83' lang='lat' dir='ltr'>invocando</span> <span class='ocrx_word' id='word_1_167' title='bbox 1157 1302 1193 1334; x_wconf 90' lang='lat' dir='ltr'>in</span> <span class='ocrx_word' id='word_1_168' title='bbox 1218 1303 1463 1335; x_wconf 89' lang='lat' dir='ltr'>testimonium</span> <span class='ocrx_word' id='word_1_169' title='bbox 1490 1303 1765 1347; x_wconf 86' lang='lat' dir='ltr'>premissorum.</span> 
     </span>
    </p>

    <p class='ocr_par' dir='ltr' id='par_1_5' title="bbox 485 1368 2349 1680">
     <span class='ocr_line' id='line_1_16' title="bbox 573 1368 2349 1414; baseline 0.001 -14"><span class='ocrx_word' id='word_1_170' title='bbox 573 1368 660 1400; x_wconf 87' lang='lat' dir='ltr'>Acta</span> <span class='ocrx_word' id='word_1_171' title='bbox 680 1368 826 1400; x_wconf 85' lang='lat' dir='ltr'>suerunt</span> <span class='ocrx_word' id='word_1_172' title='bbox 853 1368 918 1401; x_wconf 89' lang='lat' dir='ltr'>hec</span> <span class='ocrx_word' id='word_1_173' title='bbox 946 1380 1052 1408; x_wconf 67' lang='lat' dir='ltr'>anno,</span> <span class='ocrx_word' id='word_1_174' title='bbox 1080 1368 1299 1410; x_wconf 77' lang='lat' dir='ltr'>indiccione,</span> <span class='ocrx_word' id='word_1_175' title='bbox 1321 1381 1459 1414; x_wconf 65' lang='lat' dir='ltr'>mense,</span> <span class='ocrx_word' id='word_1_176' title='bbox 1484 1369 1556 1410; x_wconf 79' lang='lat' dir='ltr'>die,</span> <span class='ocrx_word' id='word_1_177' title='bbox 1578 1369 1788 1414; x_wconf 87' lang='lat' dir='ltr'>pontificatu</span> <span class='ocrx_word' id='word_1_178' title='bbox 1809 1375 1845 1401; x_wconf 85' lang='lat' dir='ltr'>et</span> <span class='ocrx_word' id='word_1_179' title='bbox 1873 1369 1953 1401; x_wconf 92' lang='lat' dir='ltr'>loco</span> <span class='ocrx_word' id='word_1_180' title='bbox 1982 1368 2168 1413; x_wconf 68' lang='lat' dir='ltr'>predictis,</span> <span class='ocrx_word' id='word_1_181' title='bbox 2198 1379 2349 1413; x_wconf 83' lang='lat' dir='ltr'>presen-</span> 
     </span>
     <span class='ocr_line' id='line_1_17' title="bbox 486 1434 2346 1480; baseline 0.001 -14"><span class='ocrx_word' id='word_1_182' title='bbox 486 1434 581 1467; x_wconf 90' lang='lat' dir='ltr'>tibus</span> <span class='ocrx_word' id='word_1_183' title='bbox 601 1434 871 1468; x_wconf 89' lang='lat' dir='ltr'>venerabilibus</span> <span class='ocrx_word' id='word_1_184' title='bbox 899 1441 934 1467; x_wconf 91' lang='lat' dir='ltr'>et</span> <span class='ocrx_word' id='word_1_185' title='bbox 961 1435 1129 1468; x_wconf 84' lang='lat' dir='ltr'>discretis</span> <span class='ocrx_word' id='word_1_186' title='bbox 1152 1435 1239 1468; x_wconf 87' lang='lat' dir='ltr'>viris</span> <span class='ocrx_word' id='word_1_187' title='bbox 1266 1435 1450 1480; x_wconf 84' lang='lat' dir='ltr'>magistris</span> <span class='ocrx_word' id='word_1_188' title='bbox 1470 1435 1634 1468; x_wconf 88' lang='lat' dir='ltr'>Johanne</span> <span class='ocrx_word' id='word_1_189' title='bbox 1663 1436 1707 1468; x_wconf 93' lang='lat' dir='ltr'>de</span> <span class='ocrx_word' id='word_1_190' title='bbox 1735 1435 1923 1476; x_wconf 71' lang='lat' dir='ltr'>Chatonis,</span> <span class='ocrx_word' id='word_1_191' title='bbox 1950 1435 2078 1468; x_wconf 90' lang='lat' dir='ltr'>Odone</span> <span class='ocrx_word' id='word_1_192' title='bbox 2105 1435 2149 1468; x_wconf 94' lang='lat' dir='ltr'>de</span> <span class='ocrx_word' id='word_1_193' title='bbox 2178 1434 2346 1476; x_wconf 85' lang='lat' dir='ltr'>Senonis,</span> 
     </span>
     <span class='ocr_line' id='line_1_18' title="bbox 486 1500 2347 1547; baseline 0 -14"><span class='ocrx_word' id='word_1_194' title='bbox 486 1501 654 1533; x_wconf 88' lang='lat' dir='ltr'>Alberico</span> <span class='ocrx_word' id='word_1_195' title='bbox 682 1501 864 1534; x_wconf 88' lang='lat' dir='ltr'>Rousselli</span> <span class='ocrx_word' id='word_1_196' title='bbox 894 1501 1090 1542; x_wconf 64' lang='lat' dir='ltr'>advocatis,</span> <span class='ocrx_word' id='word_1_197' title='bbox 1126 1503 1291 1535; x_wconf 88' lang='lat' dir='ltr'>Drocone</span> <span class='ocrx_word' id='word_1_198' title='bbox 1325 1502 1443 1543; x_wconf 83' lang='lat' dir='ltr'>d&#39;Ars,</span> <span class='ocrx_word' id='word_1_199' title='bbox 1480 1502 1609 1547; x_wconf 78' lang='lat' dir='ltr'>Egidio</span> <span class='ocrx_word' id='word_1_200' title='bbox 1642 1502 1686 1535; x_wconf 90' lang='lat' dir='ltr'>de</span> <span class='ocrx_word' id='word_1_201' title='bbox 1721 1502 1863 1543; x_wconf 77' lang='lat' dir='ltr'>Drocis,</span> <span class='ocrx_word' id='word_1_202' title='bbox 1897 1501 2078 1546; x_wconf 83' lang='lat' dir='ltr'>Stephano</span> <span class='ocrx_word' id='word_1_203' title='bbox 2108 1500 2347 1546; x_wconf 81' lang='lat' dir='ltr'>Carpentarii,</span> 
     </span>
     <span class='ocr_line' id='line_1_19' title="bbox 485 1567 2348 1614; baseline 0.001 -15"><span class='ocrx_word' id='word_1_204' title='bbox 485 1567 646 1600; x_wconf 85' lang='lat' dir='ltr'>Johanne</span> <span class='ocrx_word' id='word_1_205' title='bbox 672 1567 716 1600; x_wconf 87' lang='lat' dir='ltr'>de</span> <span class='ocrx_word' id='word_1_206' title='bbox 738 1569 861 1609; x_wconf 43' lang='lat' dir='ltr'>Barr02</span> <span class='ocrx_word' id='word_1_207' title='bbox 885 1568 1038 1601; x_wconf 84' lang='lat' dir='ltr'>Girardo</span> <span class='ocrx_word' id='word_1_208' title='bbox 1063 1569 1107 1601; x_wconf 91' lang='lat' dir='ltr'>de</span> <span class='ocrx_word' id='word_1_209' title='bbox 1130 1570 1236 1613; x_wconf 72' lang='lat' dir='ltr'>Haya,</span> <span class='ocrx_word' id='word_1_210' title='bbox 1262 1569 1464 1602; x_wconf 87' lang='lat' dir='ltr'>Guillermo</span> <span class='ocrx_word' id='word_1_211' title='bbox 1491 1569 1535 1601; x_wconf 89' lang='lat' dir='ltr'>de</span> <span class='ocrx_word' id='word_1_212' title='bbox 1564 1569 1739 1610; x_wconf 75' lang='lat' dir='ltr'>Muervis,</span> <span class='ocrx_word' id='word_1_213' title='bbox 1761 1568 2022 1602; x_wconf 88' lang='lat' dir='ltr'>commissariis</span> <span class='ocrx_word' id='word_1_214' title='bbox 2048 1568 2234 1602; x_wconf 85' lang='lat' dir='ltr'>Castelleti</span> <span class='ocrx_word' id='word_1_215' title='bbox 2255 1567 2348 1614; x_wconf 88' lang='lat' dir='ltr'>regii</span> 
     </span>
     <span class='ocr_line' id='line_1_20' title="bbox 487 1634 2155 1680; baseline 0 -14"><span class='ocrx_word' id='word_1_216' title='bbox 487 1634 714 1675; x_wconf 70' lang='lat' dir='ltr'>Parisiensis‚</span> <span class='ocrx_word' id='word_1_217' title='bbox 739 1646 818 1666; x_wconf 80' lang='lat' dir='ltr'>cum</span> <span class='ocrx_word' id='word_1_218' title='bbox 841 1634 1006 1678; x_wconf 87' lang='lat' dir='ltr'>pluribus</span> <span class='ocrx_word' id='word_1_219' title='bbox 1030 1635 1109 1667; x_wconf 91' lang='lat' dir='ltr'>aliis</span> <span class='ocrx_word' id='word_1_220' title='bbox 1130 1635 1284 1668; x_wconf 84' lang='lat' dir='ltr'>testibus</span> <span class='ocrx_word' id='word_1_221' title='bbox 1305 1635 1348 1668; x_wconf 87' lang='lat' dir='ltr'>ad</span> <span class='ocrx_word' id='word_1_222' title='bbox 1369 1636 1546 1680; x_wconf 88' lang='lat' dir='ltr'>premissa</span> <span class='ocrx_word' id='word_1_223' title='bbox 1566 1636 1703 1668; x_wconf 85' lang='lat' dir='ltr'>vocatis</span> <span class='ocrx_word' id='word_1_224' title='bbox 1724 1634 1931 1680; x_wconf 84' lang='lat' dir='ltr'>specialiter</span> <span class='ocrx_word' id='word_1_225' title='bbox 1951 1641 1987 1668; x_wconf 92' lang='lat' dir='ltr'>et</span> <span class='ocrx_word' id='word_1_226' title='bbox 2006 1635 2155 1680; x_wconf 86' lang='lat' dir='ltr'>rogatis.</span> 
     </span>
    </p>

    <p class='ocr_par' dir='ltr' id='par_1_6' title="bbox 575 1700 2347 1747">
     <span class='ocr_line' id='line_1_21' title="bbox 575 1700 2347 1747; baseline 0.002 -16"><span class='ocrx_word' id='word_1_227' title='bbox 575 1701 618 1732; x_wconf 85' lang='lat' dir='ltr'>Et</span> <span class='ocrx_word' id='word_1_228' title='bbox 638 1712 706 1744; x_wconf 86' lang='lat' dir='ltr'>ego</span> <span class='ocrx_word' id='word_1_229' title='bbox 732 1700 950 1733; x_wconf 85' lang='lat' dir='ltr'>Guillelmus</span> <span class='ocrx_word' id='word_1_230' title='bbox 979 1701 1157 1746; x_wconf 78' lang='lat' dir='ltr'>Siquardi‚</span> <span class='ocrx_word' id='word_1_231' title='bbox 1181 1701 1336 1734; x_wconf 89' lang='lat' dir='ltr'>clericus</span> <span class='ocrx_word' id='word_1_232' title='bbox 1364 1702 1551 1747; x_wconf 83' lang='lat' dir='ltr'>Sagiensis</span> <span class='ocrx_word' id='word_1_233' title='bbox 1573 1702 1744 1742; x_wconf 78' lang='lat' dir='ltr'>diocesis,</span> <span class='ocrx_word' id='word_1_234' title='bbox 1772 1701 1940 1747; x_wconf 87' lang='lat' dir='ltr'>publicus</span> <span class='ocrx_word' id='word_1_235' title='bbox 1961 1701 2159 1746; x_wconf 86' lang='lat' dir='ltr'>apostolica</span> <span class='ocrx_word' id='word_1_236' title='bbox 2180 1707 2215 1734; x_wconf 93' lang='lat' dir='ltr'>et</span> <span class='ocrx_word' id='word_1_237' title='bbox 2234 1701 2347 1746; x_wconf 89' lang='lat' dir='ltr'>impe-</span> 
     </span>
    </p>
   </div>
   <div class='ocr_carea' id='block_1_3' title="bbox 488 1766 1077 1808">
    <p class='ocr_par' dir='ltr' id='par_1_7' title="bbox 488 1766 1077 1808">
     <span class='ocr_line' id='line_1_22' title="bbox 488 1766 1077 1808; baseline 0.005 -10"><span class='ocrx_word' id='word_1_238' title='bbox 488 1766 564 1799; x_wconf 87' lang='lat' dir='ltr'>riali</span> <span class='ocrx_word' id='word_1_239' title='bbox 586 1767 795 1799; x_wconf 84' lang='lat' dir='ltr'>auctoritate</span> <span class='ocrx_word' id='word_1_240' title='bbox 817 1767 990 1808; x_wconf 72' lang='lat' dir='ltr'>notarius,</span> <span class='ocrx_word' id='word_1_241' title='bbox 1015 1773 1077 1801; x_wconf 83' lang='lat' dir='ltr'>etc.</span> 
     </span>
    </p>
   </div>
   <div class='ocr_carea' id='block_1_4' title="bbox 578 1865 2187 1899">
    <p class='ocr_par' dir='ltr' id='par_1_8' title="bbox 578 1865 2187 1899">
     <span class='ocr_line' id='line_1_23' title="bbox 578 1865 2187 1899; baseline 0.001 -12"><span class='ocrx_word' id='word_1_242' title='bbox 578 1865 654 1888; x_wconf 66' lang='lat' dir='ltr'>Art-h.</span> <span class='ocrx_word' id='word_1_243' title='bbox 672 1868 725 1888; x_wconf 80' lang='lat' dir='ltr'>nat.</span> <span class='ocrx_word' id='word_1_244' title='bbox 742 1865 825 1888; x_wconf 86' lang='lat' dir='ltr'>Paris.</span> <span class='ocrx_word' id='word_1_245' title='bbox 841 1866 881 1892; x_wconf 58' lang='grc' dir='ltr'>ΥΞ,</span> <span class='ocrx_word' id='word_1_246' title='bbox 898 1866 920 1888; x_wconf 74' lang='grc'>[0</span> <span class='ocrx_word' id='word_1_247' title='bbox 930 1866 959 1888; x_wconf 80' lang='lat'>80</span> <span class='ocrx_word' id='word_1_248' title='bbox 975 1866 1100 1895; x_wconf 72' lang='lat' dir='ltr'><strong>(LXXVI),</strong></span> <span class='ocrx_word' id='word_1_249' title='bbox 1113 1866 1162 1889; x_wconf 85' lang='lat' dir='ltr'>sub</span> <span class='ocrx_word' id='word_1_250' title='bbox 1176 1866 1297 1889; x_wconf 82' lang='lat' dir='ltr'>rubrica:</span> <span class='ocrx_word' id='word_1_251' title='bbox 1311 1877 1323 1888; x_wconf 83' lang='lat'>&lt;1</span> <span class='ocrx_word' id='word_1_252' title='bbox 1335 1867 1373 1890; x_wconf 92' lang='lat' dir='ltr'>Du</span> <span class='ocrx_word' id='word_1_253' title='bbox 1387 1871 1502 1890; x_wconf 87' lang='lat' dir='ltr'>serment</span> <span class='ocrx_word' id='word_1_254' title='bbox 1517 1876 1566 1899; x_wconf 90' lang='lat' dir='ltr'>que</span> <span class='ocrx_word' id='word_1_255' title='bbox 1580 1867 1714 1891; x_wconf 83' lang='lat' dir='ltr'>monsieur</span> <span class='ocrx_word' id='word_1_256' title='bbox 1728 1867 1752 1891; x_wconf 82' lang='lat' dir='ltr'>le</span> <span class='ocrx_word' id='word_1_257' title='bbox 1768 1870 1876 1899; x_wconf 81' lang='lat' dir='ltr'>prevost</span> <span class='ocrx_word' id='word_1_258' title='bbox 1892 1867 1936 1890; x_wconf 81' lang='lat' dir='ltr'>fist</span> <span class='ocrx_word' id='word_1_259' title='bbox 1951 1868 1965 1889; x_wconf 78' lang='grc' dir='ltr'>ὺ</span> <span class='ocrx_word' id='word_1_260' title='bbox 1980 1866 2149 1890; x_wconf 68' lang='grc' dir='ltr'>ΙἩιιίνεηῆό</span> <span class='ocrx_word' id='word_1_261' title='bbox 2165 1876 2187 1890; x_wconf 70' lang='lat' dir='ltr'>n.</span> 
     </span>
    </p>
   </div>
   <div class='ocr_carea' id='block_1_5' title="bbox 578 1948 1300 1980">
    <p class='ocr_par' dir='ltr' id='par_1_9' title="bbox 578 1948 1300 1980">
     <span class='ocr_line' id='line_1_24' title="bbox 578 1948 1300 1980; baseline 0.004 -10"><span class='ocrx_word' id='word_1_262' title='bbox 578 1948 600 1971; x_wconf 93' lang='lat'><strong>1.</strong></span> <span class='ocrx_word' id='word_1_263' title='bbox 617 1948 654 1971; x_wconf 78' lang='lat' dir='ltr'>Ah</span> <span class='ocrx_word' id='word_1_264' title='bbox 667 1948 715 1971; x_wconf 81' lang='lat' dir='ltr'>hoc</span> <span class='ocrx_word' id='word_1_265' title='bbox 729 1956 804 1976; x_wconf 78' lang='lat' dir='ltr'>anno,</span> <span class='ocrx_word' id='word_1_266' title='bbox 819 1948 879 1971; x_wconf 89' lang='lat' dir='ltr'>Maii</span> <span class='ocrx_word' id='word_1_267' title='bbox 895 1949 934 1972; x_wconf 83' lang='lat'>31.</span> <span class='ocrx_word' id='word_1_268' title='bbox 948 1949 1004 1972; x_wconf 73' lang='lat' dir='ltr'>Vid.</span> <span class='ocrx_word' id='word_1_269' title='bbox 1022 1957 1102 1980; x_wconf 82' lang='lat' dir='ltr'>supra</span> <span class='ocrx_word' id='word_1_270' title='bbox 1117 1949 1150 1972; x_wconf 80' lang='lat' dir='ltr'>ad</span> <span class='ocrx_word' id='word_1_271' title='bbox 1165 1954 1214 1972; x_wconf 79' lang='lat' dir='ltr'>num</span> <span class='ocrx_word' id='word_1_272' title='bbox 1231 1950 1300 1974; x_wconf 76' lang='lat'><strong>1457.</strong></span> 
     </span>
    </p>
   </div>
   <div class='ocr_carea' id='block_1_6' title="bbox 489 2115 2349 2163">
    <p class='ocr_par' dir='ltr' id='par_1_10' title="bbox 489 2115 2349 2163">
     <span class='ocr_line' id='line_1_25' title="bbox 489 2115 2349 2163; baseline 0.001 -13"><span class='ocrx_word' id='word_1_273' title='bbox 489 2115 629 2152; x_wconf 81' lang='grc'>1460.</span> <span class='ocrx_word' id='word_1_274' title='bbox 652 2124 789 2150; x_wconf 75' lang='lat' dir='ltr'>Nicolaas</span> <span class='ocrx_word' id='word_1_275' title='bbox 805 2124 840 2150; x_wconf 84' lang='lat' dir='ltr'>de</span> <span class='ocrx_word' id='word_1_276' title='bbox 860 2126 885 2150; x_wconf 88' lang='lat' dir='ltr'>S.</span> <span class='ocrx_word' id='word_1_277' title='bbox 906 2125 1068 2159; x_wconf 74' lang='lat' dir='ltr'>Saturnino,</span> <span class='ocrx_word' id='word_1_278' title='bbox 1091 2125 1132 2150; x_wconf 80' lang='lat' dir='ltr'>tit.</span> <span class='ocrx_word' id='word_1_279' title='bbox 1153 2127 1180 2150; x_wconf 83' lang='lat' dir='ltr'>S.</span> <span class='ocrx_word' id='word_1_280' title='bbox 1199 2126 1319 2151; x_wconf 75' lang='lat' dir='ltr'>Mar-tini</span> <span class='ocrx_word' id='word_1_281' title='bbox 1338 2127 1366 2151; x_wconf 83' lang='lat' dir='ltr'>in</span> <span class='ocrx_word' id='word_1_282' title='bbox 1382 2126 1526 2152; x_wconf 81' lang='lat' dir='ltr'>Montibus</span> <span class='ocrx_word' id='word_1_283' title='bbox 1539 2127 1633 2163; x_wconf 84' lang='lat' dir='ltr'>presb.</span> <span class='ocrx_word' id='word_1_284' title='bbox 1653 2127 1744 2162; x_wconf 62' lang='lat' dir='ltr'>card„</span> <span class='ocrx_word' id='word_1_285' title='bbox 1762 2127 1864 2163; x_wconf 81' lang='lat' dir='ltr'>recipit</span> <span class='ocrx_word' id='word_1_286' title='bbox 1879 2126 2085 2153; x_wconf 82' lang='lat' dir='ltr'>cancellariam</span> <span class='ocrx_word' id='word_1_287' title='bbox 2100 2125 2166 2152; x_wconf 82' lang='lat' dir='ltr'>eccl.</span> <span class='ocrx_word' id='word_1_288' title='bbox 2184 2125 2279 2152; x_wconf 79' lang='lat' dir='ltr'>Paris.</span> <span class='ocrx_word' id='word_1_289' title='bbox 2296 2134 2349 2162; x_wconf 82' lang='lat' dir='ltr'>per·</span> 
     </span>
    </p>
   </div>
   <div class='ocr_carea' id='block_1_7' title="bbox 573 2173 2061 2246">
    <p class='ocr_par' dir='ltr' id='par_1_11' title="bbox 573 2173 2061 2246">
     <span class='ocr_line' id='line_1_26' title="bbox 573 2173 1168 2200; baseline 0 -2"><span class='ocrx_word' id='word_1_290' title='bbox 573 2173 678 2198; x_wconf 80' lang='lat' dir='ltr'>obitum</span> <span class='ocrx_word' id='word_1_291' title='bbox 694 2173 830 2199; x_wconf 74' lang='lat' dir='ltr'>Iohannis</span> <span class='ocrx_word' id='word_1_292' title='bbox 846 2173 881 2199; x_wconf 88' lang='lat' dir='ltr'>de</span> <span class='ocrx_word' id='word_1_293' title='bbox 899 2173 998 2200; x_wconf 83' lang='lat' dir='ltr'>Calore</span> <span class='ocrx_word' id='word_1_294' title='bbox 1015 2178 1168 2199; x_wconf 65' lang='lat' dir='ltr'>vacantem.</span> 
     </span>
     <span class='ocr_line' id='line_1_27' title="bbox 1668 2216 2061 2246; baseline 0 -4"><span class='ocrx_word' id='word_1_295' title='bbox 1668 2217 1737 2246; x_wconf 83' lang='grc'>1381,</span> <span class='ocrx_word' id='word_1_296' title='bbox 1751 2217 1809 2242; x_wconf 80' lang='lat' dir='ltr'>circ.</span> <span class='ocrx_word' id='word_1_297' title='bbox 1825 2217 1886 2243; x_wconf 76' lang='lat' dir='ltr'>Maii</span> <span class='ocrx_word' id='word_1_298' title='bbox 1897 2216 2011 2242; x_wconf 70' lang='lat' dir='ltr'>26-Jul1&#39;1&#39;</span> <span class='ocrx_word' id='word_1_299' title='bbox 2022 2217 2061 2242; x_wconf 78' lang='lat'>75.</span> 
     </span>
    </p>
   </div>
   <div class='ocr_carea' id='block_1_8' title="bbox 480 2296 2347 2949">
    <p class='ocr_par' dir='ltr' id='par_1_12' title="bbox 480 2296 2347 2949">
     <span class='ocr_line' id='line_1_28' title="bbox 562 2296 2347 2331; baseline 0.002 -13"><span class='ocrx_word' id='word_1_300' title='bbox 562 2296 696 2319; x_wconf 72' lang='lat' dir='ltr'>Nicolaum</span> <span class='ocrx_word' id='word_1_301' title='bbox 710 2297 741 2319; x_wconf 81' lang='lat' dir='ltr'>de</span> <span class='ocrx_word' id='word_1_302' title='bbox 757 2298 783 2320; x_wconf 88' lang='lat' dir='ltr'>S.</span> <span class='ocrx_word' id='word_1_303' title='bbox 800 2297 949 2326; x_wconf 72' lang='lat' dir='ltr'>Saturnino,</span> <span class='ocrx_word' id='word_1_304' title='bbox 966 2298 997 2321; x_wconf 89' lang='lat' dir='ltr'>de</span> <span class='ocrx_word' id='word_1_305' title='bbox 1013 2307 1063 2329; x_wconf 88' lang='lat' dir='ltr'>quo</span> <span class='ocrx_word' id='word_1_306' title='bbox 1077 2307 1158 2330; x_wconf 82' lang='lat' dir='ltr'>supra</span> <span class='ocrx_word' id='word_1_307' title='bbox 1174 2306 1202 2322; x_wconf 80' lang='lat'>¹1⁰</span> <span class='ocrx_word' id='word_1_308' title='bbox 1218 2301 1278 2323; x_wconf 77' lang='lat'><strong>1280</strong></span> <span class='ocrx_word' id='word_1_309' title='bbox 1293 2304 1318 2324; x_wconf 86' lang='lat' dir='ltr'>et</span> <span class='ocrx_word' id='word_1_310' title='bbox 1330 2303 1384 2323; x_wconf 78' lang='lat' dir='ltr'>not.</span> <span class='ocrx_word' id='word_1_311' title='bbox 1401 2303 1423 2329; x_wconf 79' lang='lat'>5,</span> <span class='ocrx_word' id='word_1_312' title='bbox 1437 2301 1576 2323; x_wconf 80' lang='lat' dir='ltr'>cancellar.</span> <span class='ocrx_word' id='word_1_313' title='bbox 1595 2301 1680 2325; x_wconf 82' lang='lat' dir='ltr'>Puris.</span> <span class='ocrx_word' id='word_1_314' title='bbox 1699 2301 1791 2329; x_wconf 78' lang='lat' dir='ltr'>fuisse,</span> <span class='ocrx_word' id='word_1_315' title='bbox 1807 2309 1897 2324; x_wconf 83' lang='lat' dir='ltr'>omnes</span> <span class='ocrx_word' id='word_1_316' title='bbox 1910 2300 2047 2331; x_wconf 83' lang='lat' dir='ltr'>hucusque</span> <span class='ocrx_word' id='word_1_317' title='bbox 2062 2299 2139 2331; x_wconf 78' lang='lat' dir='ltr'>sugit,</span> <span class='ocrx_word' id='word_1_318' title='bbox 2155 2299 2232 2323; x_wconf 76' lang='lat' dir='ltr'>etiam</span> <span class='ocrx_word' id='word_1_319' title='bbox 2245 2298 2347 2327; x_wconf 67' lang='lat' dir='ltr'>Qudtif-</span> 
     </span>
     <span class='ocr_line' id='line_1_29' title="bbox 486 2334 2347 2374; baseline 0.002 -11"><span class='ocrx_word' id='word_1_320' title='bbox 486 2334 596 2368; x_wconf 78' lang='lat' dir='ltr'>Echard,</span> <span class='ocrx_word' id='word_1_321' title='bbox 614 2341 726 2370; x_wconf 47' lang='grc' dir='ltr'>δον-ἱρῇ,</span> <span class='ocrx_word' id='word_1_322' title='bbox 744 2342 763 2370; x_wconf 72' lang='grc' dir='ltr'>Ι,</span> <span class='ocrx_word' id='word_1_323' title='bbox 782 2342 835 2371; x_wconf 77' lang='grc'>683,</span> <span class='ocrx_word' id='word_1_324' title='bbox 852 2345 877 2364; x_wconf 80' lang='lat' dir='ltr'>et</span> <span class='ocrx_word' id='word_1_325' title='bbox 894 2342 1037 2372; x_wconf 79' lang='lat' dir='ltr'>Ducbesne,</span> <span class='ocrx_word' id='word_1_326' title='bbox 1057 2343 1128 2368; x_wconf 80' lang='lat' dir='ltr'>IIist.</span> <span class='ocrx_word' id='word_1_327' title='bbox 1144 2345 1190 2368; x_wconf 78' lang='lat' dir='ltr'>cles</span> <span class='ocrx_word' id='word_1_328' title='bbox 1205 2346 1282 2368; x_wconf 82' lang='lat' dir='ltr'>card.</span> <span class='ocrx_word' id='word_1_329' title='bbox 1297 2345 1413 2374; x_wconf 61' lang='lat' dir='ltr'>Fraus„</span> <span class='ocrx_word' id='word_1_330' title='bbox 1431 2346 1462 2368; x_wconf 92' lang='lat'>11.</span> <span class='ocrx_word' id='word_1_331' title='bbox 1480 2345 1659 2368; x_wconf 76' lang='lat' dir='ltr'>cancellarius</span> <span class='ocrx_word' id='word_1_332' title='bbox 1675 2345 1734 2368; x_wconf 82' lang='lat' dir='ltr'>Joh.</span> <span class='ocrx_word' id='word_1_333' title='bbox 1753 2345 1784 2368; x_wconf 91' lang='lat' dir='ltr'>de</span> <span class='ocrx_word' id='word_1_334' title='bbox 1802 2345 1895 2368; x_wconf 80' lang='lat' dir='ltr'>Calore</span> <span class='ocrx_word' id='word_1_335' title='bbox 1912 2345 1945 2368; x_wconf 81' lang='lat' dir='ltr'>ad</span> <span class='ocrx_word' id='word_1_336' title='bbox 1963 2353 2005 2368; x_wconf 81' lang='lat' dir='ltr'>an.</span> <span class='ocrx_word' id='word_1_337' title='bbox 2025 2345 2096 2374; x_wconf 83' lang='lat'><strong>1380,</strong></span> <span class='ocrx_word' id='word_1_338' title='bbox 2111 2344 2204 2368; x_wconf 80' lang='lat' dir='ltr'>Octob.</span> <span class='ocrx_word' id='word_1_339' title='bbox 2222 2344 2245 2373; x_wconf 81' lang='lat'>8,</span> <span class='ocrx_word' id='word_1_340' title='bbox 2260 2343 2347 2367; x_wconf 77' lang='lat' dir='ltr'>adhuc</span> 
     </span>
     <span class='ocr_line' id='line_1_30' title="bbox 485 2385 2347 2420; baseline 0.003 -13"><span class='ocrx_word' id='word_1_341' title='bbox 485 2385 598 2407; x_wconf 78' lang='lat' dir='ltr'>occurrit</span> <span class='ocrx_word' id='word_1_342' title='bbox 617 2385 642 2407; x_wconf 90' lang='lat' dir='ltr'>in</span> <span class='ocrx_word' id='word_1_343' title='bbox 664 2385 777 2416; x_wconf 82' lang='lat' dir='ltr'>quodam</span> <span class='ocrx_word' id='word_1_344' title='bbox 799 2385 972 2409; x_wconf 81' lang='lat' dir='ltr'>instrumento</span> <span class='ocrx_word' id='word_1_345' title='bbox 992 2395 1040 2417; x_wconf 89' lang='lat' dir='ltr'>pro</span> <span class='ocrx_word' id='word_1_346' title='bbox 1061 2388 1176 2419; x_wconf 83' lang='lat' dir='ltr'>Collegio</span> <span class='ocrx_word' id='word_1_347' title='bbox 1195 2389 1329 2413; x_wconf 70' lang='lat' dir='ltr'>Gamerae.</span> <span class='ocrx_word' id='word_1_348' title='bbox 1353 2389 1415 2418; x_wconf 84' lang='lat' dir='ltr'>(vid.</span> <span class='ocrx_word' id='word_1_349' title='bbox 1435 2389 1574 2419; x_wconf 76' lang='lat' dir='ltr'>Jourduin,</span> <span class='ocrx_word' id='word_1_350' title='bbox 1592 2394 1621 2412; x_wconf 78' lang='lat'>11⁰</span> <span class='ocrx_word' id='word_1_351' title='bbox 1641 2390 1705 2419; x_wconf 80' lang='lat'><strong>792).</strong></span> <span class='ocrx_word' id='word_1_352' title='bbox 1726 2390 1755 2413; x_wconf 82' lang='lat' dir='ltr'>ln</span> <span class='ocrx_word' id='word_1_353' title='bbox 1778 2389 1843 2412; x_wconf 80' lang='lat' dir='ltr'>actis</span> <span class='ocrx_word' id='word_1_354' title='bbox 1866 2389 1974 2420; x_wconf 76' lang='lat' dir='ltr'>capitul.</span> <span class='ocrx_word' id='word_1_355' title='bbox 1996 2389 2058 2412; x_wconf 85' lang='lat' dir='ltr'>eccl.</span> <span class='ocrx_word' id='word_1_356' title='bbox 2083 2388 2165 2412; x_wconf 79' lang='lat' dir='ltr'>Paris.</span> <span class='ocrx_word' id='word_1_357' title='bbox 2186 2387 2271 2418; x_wconf 69' lang='lat' dir='ltr'>(An-ch.</span> <span class='ocrx_word' id='word_1_358' title='bbox 2291 2390 2347 2412; x_wconf 79' lang='lat' dir='ltr'>nat.</span> 
     </span>
     <span class='ocr_line' id='line_1_31' title="bbox 485 2429 2347 2464; baseline 0.003 -13"><span class='ocrx_word' id='word_1_359' title='bbox 485 2429 568 2452; x_wconf 83' lang='lat' dir='ltr'>Puris.</span> <span class='ocrx_word' id='word_1_360' title='bbox 580 2429 628 2452; x_wconf 88' lang='lat' dir='ltr'>LL.</span> <span class='ocrx_word' id='word_1_361' title='bbox 645 2429 698 2457; x_wconf 79' lang='lat'><strong>107,</strong></span> <span class='ocrx_word' id='word_1_362' title='bbox 718 2430 785 2458; x_wconf 75' lang='lat'><strong>103⁰)</strong></span> <span class='ocrx_word' id='word_1_363' title='bbox 797 2430 891 2453; x_wconf 79' lang='lat' dir='ltr'>desunt</span> <span class='ocrx_word' id='word_1_364' title='bbox 903 2431 964 2453; x_wconf 86' lang='lat' dir='ltr'>anni</span> <span class='ocrx_word' id='word_1_365' title='bbox 981 2432 1126 2460; x_wconf 74' lang='lat'><strong>1372-1392;</strong></span> <span class='ocrx_word' id='word_1_366' title='bbox 1143 2433 1168 2455; x_wconf 93' lang='lat' dir='ltr'>in</span> <span class='ocrx_word' id='word_1_367' title='bbox 1182 2434 1333 2457; x_wconf 79' lang='lat' dir='ltr'>collectione</span> <span class='ocrx_word' id='word_1_368' title='bbox 1346 2434 1468 2457; x_wconf 78' lang='lat' dir='ltr'>Sarrazin</span> <span class='ocrx_word' id='word_1_369' title='bbox 1479 2442 1540 2457; x_wconf 85' lang='lat' dir='ltr'>vero</span> <span class='ocrx_word' id='word_1_370' title='bbox 1552 2434 1684 2457; x_wconf 81' lang='lat' dir='ltr'>Johannes</span> <span class='ocrx_word' id='word_1_371' title='bbox 1695 2435 1726 2457; x_wconf 85' lang='lat' dir='ltr'>de</span> <span class='ocrx_word' id='word_1_372' title='bbox 1742 2434 1835 2457; x_wconf 76' lang='lat' dir='ltr'>Calore</span> <span class='ocrx_word' id='word_1_373' title='bbox 1850 2434 1942 2457; x_wconf 74' lang='lat' dir='ltr'>ultimo</span> <span class='ocrx_word' id='word_1_374' title='bbox 1955 2434 1988 2457; x_wconf 83' lang='lat' dir='ltr'>ad</span> <span class='ocrx_word' id='word_1_375' title='bbox 2003 2441 2046 2456; x_wconf 80' lang='lat' dir='ltr'>an.</span> <span class='ocrx_word' id='word_1_376' title='bbox 2063 2433 2133 2464; x_wconf 81' lang='lat'><strong>1380,</strong></span> <span class='ocrx_word' id='word_1_377' title='bbox 2145 2434 2212 2464; x_wconf 81' lang='lat' dir='ltr'>Aug.</span> <span class='ocrx_word' id='word_1_378' title='bbox 2222 2432 2261 2461; x_wconf 67' lang='lat'><strong>12²,</strong></span> <span class='ocrx_word' id='word_1_379' title='bbox 2272 2431 2347 2456; x_wconf 77' lang='lat' dir='ltr'>affer-</span> 
     </span>
     <span class='ocr_line' id='line_1_32' title="bbox 484 2473 2346 2510; baseline 0.003 -15"><span class='ocrx_word' id='word_1_380' title='bbox 484 2476 527 2496; x_wconf 85' lang='lat' dir='ltr'>tur</span> <span class='ocrx_word' id='word_1_381' title='bbox 539 2473 611 2502; x_wconf 85' lang='lat' dir='ltr'>(ibid.</span> <span class='ocrx_word' id='word_1_382' title='bbox 627 2474 676 2496; x_wconf 87' lang='lat' dir='ltr'>LL.</span> <span class='ocrx_word' id='word_1_383' title='bbox 692 2474 746 2502; x_wconf 80' lang='lat'><strong>310,</strong></span> <span class='ocrx_word' id='word_1_384' title='bbox 763 2474 807 2497; x_wconf 86' lang='lat' dir='ltr'>sol.</span> <span class='ocrx_word' id='word_1_385' title='bbox 823 2474 888 2504; x_wconf 66' lang='lat'><strong>681³).</strong></span> <span class='ocrx_word' id='word_1_386' title='bbox 905 2475 931 2497; x_wconf 85' lang='lat' dir='ltr'>Si</span> <span class='ocrx_word' id='word_1_387' title='bbox 947 2475 1027 2498; x_wconf 79' lang='lat' dir='ltr'>verba</span> <span class='ocrx_word' id='word_1_388' title='bbox 1038 2476 1158 2500; x_wconf 90' lang='lat' dir='ltr'>Gersonii</span> <span class='ocrx_word' id='word_1_389' title='bbox 1173 2486 1231 2500; x_wconf 77' lang='lat' dir='ltr'>mox</span> <span class='ocrx_word' id='word_1_390' title='bbox 1246 2478 1351 2501; x_wconf 81' lang='lat' dir='ltr'>citanda</span> <span class='ocrx_word' id='word_1_391' title='bbox 1366 2478 1398 2500; x_wconf 85' lang='lat' dir='ltr'>ad</span> <span class='ocrx_word' id='word_1_392' title='bbox 1416 2478 1531 2509; x_wconf 87' lang='lat' dir='ltr'>rigorem</span> <span class='ocrx_word' id='word_1_393' title='bbox 1544 2482 1631 2502; x_wconf 83' lang='lat' dir='ltr'>essent</span> <span class='ocrx_word' id='word_1_394' title='bbox 1646 2478 1808 2510; x_wconf 75' lang='lat' dir='ltr'>accipienda,</span> <span class='ocrx_word' id='word_1_395' title='bbox 1822 2478 1955 2502; x_wconf 78' lang='lat' dir='ltr'>Johnnnes</span> <span class='ocrx_word' id='word_1_396' title='bbox 1971 2478 2002 2501; x_wconf 87' lang='lat' dir='ltr'>de</span> <span class='ocrx_word' id='word_1_397' title='bbox 2014 2478 2106 2501; x_wconf 80' lang='lat' dir='ltr'>Calore</span> <span class='ocrx_word' id='word_1_398' title='bbox 2122 2485 2164 2501; x_wconf 78' lang='lat' dir='ltr'>an.</span> <span class='ocrx_word' id='word_1_399' title='bbox 2179 2477 2248 2506; x_wconf 87' lang='lat'><strong>1381,</strong></span> <span class='ocrx_word' id='word_1_400' title='bbox 2264 2476 2346 2506; x_wconf 77' lang='lat' dir='ltr'>Junii,</span> 
     </span>
     <span class='ocr_line' id='line_1_33' title="bbox 484 2517 2346 2553; baseline 0.002 -13"><span class='ocrx_word' id='word_1_401' title='bbox 484 2517 562 2540; x_wconf 74' lang='lat' dir='ltr'>etiam</span> <span class='ocrx_word' id='word_1_402' title='bbox 579 2517 646 2540; x_wconf 82' lang='lat' dir='ltr'>inter</span> <span class='ocrx_word' id='word_1_403' title='bbox 665 2517 738 2540; x_wconf 86' lang='lat' dir='ltr'>vivos</span> <span class='ocrx_word' id='word_1_404' title='bbox 760 2521 785 2540; x_wconf 81' lang='lat' dir='ltr'>et</span> <span class='ocrx_word' id='word_1_405' title='bbox 803 2519 975 2542; x_wconf 74' lang='lat' dir='ltr'>cancellarius</span> <span class='ocrx_word' id='word_1_406' title='bbox 996 2520 1097 2549; x_wconf 78' lang='lat' dir='ltr'>suisset,</span> <span class='ocrx_word' id='word_1_407' title='bbox 1120 2522 1211 2544; x_wconf 78' lang='lat' dir='ltr'>scribit</span> <span class='ocrx_word' id='word_1_408' title='bbox 1227 2522 1305 2551; x_wconf 79' lang='lat' dir='ltr'>enim,</span> <span class='ocrx_word' id='word_1_409' title='bbox 1322 2522 1462 2545; x_wconf 82' lang='lat' dir='ltr'>Hem-icum</span> <span class='ocrx_word' id='word_1_410' title='bbox 1483 2523 1513 2545; x_wconf 85' lang='lat' dir='ltr'>de</span> <span class='ocrx_word' id='word_1_411' title='bbox 1530 2523 1625 2545; x_wconf 69' lang='lat' dir='ltr'>nussia</span> <span class='ocrx_word' id='word_1_412' title='bbox 1640 2523 1886 2546; x_wconf 77' lang='lat' dir='ltr'>vicecancellarium</span> <span class='ocrx_word' id='word_1_413' title='bbox 1902 2522 1951 2546; x_wconf 90' lang='lat' dir='ltr'>sub</span> <span class='ocrx_word' id='word_1_414' title='bbox 1970 2530 2040 2553; x_wconf 79' lang='lat' dir='ltr'>mag.</span> <span class='ocrx_word' id='word_1_415' title='bbox 2061 2522 2180 2545; x_wconf 79' lang='lat' dir='ltr'>Johanne</span> <span class='ocrx_word' id='word_1_416' title='bbox 2195 2521 2227 2544; x_wconf 92' lang='lat' dir='ltr'>de</span> <span class='ocrx_word' id='word_1_417' title='bbox 2243 2521 2346 2551; x_wconf 82' lang='lat' dir='ltr'>Calore,</span> 
     </span>
     <span class='ocr_line' id='line_1_34' title="bbox 485 2561 2344 2598; baseline 0.003 -15"><span class='ocrx_word' id='word_1_418' title='bbox 485 2570 495 2583; x_wconf 78' lang='grc' dir='ltr'>(ι</span> <span class='ocrx_word' id='word_1_419' title='bbox 512 2565 573 2584; x_wconf 78' lang='lat' dir='ltr'>tunc</span> <span class='ocrx_word' id='word_1_420' title='bbox 589 2561 728 2585; x_wconf 81' lang='lat' dir='ltr'>Parisiens.</span> <span class='ocrx_word' id='word_1_421' title='bbox 743 2563 898 2586; x_wconf 81' lang='lat' dir='ltr'>cancellario</span> <span class='ocrx_word' id='word_1_422' title='bbox 911 2572 931 2591; x_wconf 84' lang='lat'>»,</span> <span class='ocrx_word' id='word_1_423' title='bbox 945 2572 1021 2586; x_wconf 86' lang='lat' dir='ltr'>suum</span> <span class='ocrx_word' id='word_1_424' title='bbox 1034 2565 1187 2589; x_wconf 79' lang='lat' dir='ltr'>Consilium</span> <span class='ocrx_word' id='word_1_425' title='bbox 1203 2567 1280 2596; x_wconf 76' lang='lat' dir='ltr'>pacis</span> <span class='ocrx_word' id='word_1_426' title='bbox 1296 2567 1437 2597; x_wconf 81' lang='lat' dir='ltr'>scripsisse</span> <span class='ocrx_word' id='word_1_427' title='bbox 1448 2567 1525 2598; x_wconf 83' lang='lat' dir='ltr'>(Bibl.</span> <span class='ocrx_word' id='word_1_428' title='bbox 1536 2570 1588 2590; x_wconf 74' lang='lat' dir='ltr'>nat.</span> <span class='ocrx_word' id='word_1_429' title='bbox 1602 2567 1686 2592; x_wconf 83' lang='lat' dir='ltr'>Puris.</span> <span class='ocrx_word' id='word_1_430' title='bbox 1701 2576 1749 2590; x_wconf 89' lang='lat' dir='ltr'>ms.</span> <span class='ocrx_word' id='word_1_431' title='bbox 1760 2568 1806 2591; x_wconf 81' lang='lat' dir='ltr'>lat.</span> <span class='ocrx_word' id='word_1_432' title='bbox 1820 2568 1881 2591; x_wconf 85' lang='lat'><strong>1573</strong></span> <span class='ocrx_word' id='word_1_433' title='bbox 1890 2571 1908 2596; x_wconf 77' lang='lat'>¹,</span> <span class='ocrx_word' id='word_1_434' title='bbox 1921 2568 1939 2591; x_wconf 80' lang='lat' dir='ltr'>s.</span> <span class='ocrx_word' id='word_1_435' title='bbox 1952 2567 2002 2595; x_wconf 74' lang='lat'>29¹²,</span> <span class='ocrx_word' id='word_1_436' title='bbox 2019 2566 2084 2597; x_wconf 76' lang='lat' dir='ltr'>Opp.</span> <span class='ocrx_word' id='word_1_437' title='bbox 2096 2566 2221 2595; x_wconf 64' lang='lat' dir='ltr'>Gerson„</span> <span class='ocrx_word' id='word_1_438' title='bbox 2233 2566 2266 2595; x_wconf 84' lang='grc' dir='ltr'>Π,</span> <span class='ocrx_word' id='word_1_439' title='bbox 2280 2565 2344 2595; x_wconf 82' lang='lat'><strong>126),</strong></span> 
     </span>
     <span class='ocr_line' id='line_1_35' title="bbox 484 2605 2345 2643; baseline 0.002 -15"><span class='ocrx_word' id='word_1_440' title='bbox 484 2606 553 2636; x_wconf 89' lang='lat' dir='ltr'>quod</span> <span class='ocrx_word' id='word_1_441' title='bbox 566 2609 626 2636; x_wconf 77' lang='lat' dir='ltr'>post.</span> <span class='ocrx_word' id='word_1_442' title='bbox 640 2605 712 2628; x_wconf 85' lang='lat' dir='ltr'>Junii</span> <span class='ocrx_word' id='word_1_443' title='bbox 730 2607 758 2629; x_wconf 88' lang='lat'>15</span> <span class='ocrx_word' id='word_1_444' title='bbox 771 2607 856 2629; x_wconf 81' lang='lat' dir='ltr'>evenit</span> <span class='ocrx_word' id='word_1_445' title='bbox 870 2607 932 2636; x_wconf 84' lang='lat' dir='ltr'>(vid.</span> <span class='ocrx_word' id='word_1_446' title='bbox 943 2608 1012 2631; x_wconf 79' lang='lat' dir='ltr'>infra</span> <span class='ocrx_word' id='word_1_447' title='bbox 1022 2609 1063 2632; x_wconf 83' lang='lat' dir='ltr'>De</span> <span class='ocrx_word' id='word_1_448' title='bbox 1077 2609 1251 2639; x_wconf 77' lang='lat' dir='ltr'>Schismace).</span> <span class='ocrx_word' id='word_1_449' title='bbox 1268 2610 1342 2633; x_wconf 79' lang='lat' dir='ltr'>Certe</span> <span class='ocrx_word' id='word_1_450' title='bbox 1358 2619 1399 2634; x_wconf 83' lang='lat' dir='ltr'>an.</span> <span class='ocrx_word' id='word_1_451' title='bbox 1417 2612 1475 2634; x_wconf 81' lang='lat'><strong>1381</strong></span> <span class='ocrx_word' id='word_1_452' title='bbox 1493 2614 1518 2634; x_wconf 83' lang='lat' dir='ltr'>et</span> <span class='ocrx_word' id='word_1_453' title='bbox 1531 2611 1636 2642; x_wconf 78' lang='lat' dir='ltr'>quidem</span> <span class='ocrx_word' id='word_1_454' title='bbox 1651 2612 1719 2635; x_wconf 82' lang='lat' dir='ltr'>inter</span> <span class='ocrx_word' id='word_1_455' title='bbox 1736 2612 1899 2643; x_wconf 76' lang='lat' dir='ltr'>Quadrages.</span> <span class='ocrx_word' id='word_1_456' title='bbox 1918 2613 2068 2643; x_wconf 77' lang='lat' dir='ltr'>(postquam</span> <span class='ocrx_word' id='word_1_457' title='bbox 2088 2618 2195 2634; x_wconf 84' lang='lat' dir='ltr'>munere</span> <span class='ocrx_word' id='word_1_458' title='bbox 2211 2609 2345 2633; x_wconf 76' lang='lat' dir='ltr'>licentiam</span> 
     </span>
     <span class='ocr_line' id='line_1_36' title="bbox 484 2650 2344 2688; baseline 0.003 -16"><span class='ocrx_word' id='word_1_459' title='bbox 484 2650 563 2672; x_wconf 87' lang='lat' dir='ltr'>dandi</span> <span class='ocrx_word' id='word_1_460' title='bbox 582 2651 685 2673; x_wconf 84' lang='lat' dir='ltr'>functus</span> <span class='ocrx_word' id='word_1_461' title='bbox 701 2652 777 2680; x_wconf 77' lang='lat' dir='ltr'>esset)</span> <span class='ocrx_word' id='word_1_462' title='bbox 794 2654 818 2673; x_wconf 81' lang='lat' dir='ltr'>et</span> <span class='ocrx_word' id='word_1_463' title='bbox 833 2651 893 2674; x_wconf 78' lang='lat' dir='ltr'>Maii</span> <span class='ocrx_word' id='word_1_464' title='bbox 909 2652 938 2674; x_wconf 79' lang='lat'>26</span> <span class='ocrx_word' id='word_1_465' title='bbox 953 2653 1084 2676; x_wconf 83' lang='lat' dir='ltr'>Johanncs</span> <span class='ocrx_word' id='word_1_466' title='bbox 1098 2654 1129 2676; x_wconf 90' lang='lat' dir='ltr'>de</span> <span class='ocrx_word' id='word_1_467' title='bbox 1145 2654 1237 2677; x_wconf 81' lang='lat' dir='ltr'>Calore</span> <span class='ocrx_word' id='word_1_468' title='bbox 1252 2658 1369 2678; x_wconf 83' lang='lat' dir='ltr'>mortuus</span> <span class='ocrx_word' id='word_1_469' title='bbox 1385 2658 1433 2683; x_wconf 82' lang='lat' dir='ltr'>est,</span> <span class='ocrx_word' id='word_1_470' title='bbox 1450 2659 1475 2678; x_wconf 86' lang='lat' dir='ltr'>et</span> <span class='ocrx_word' id='word_1_471' title='bbox 1489 2659 1580 2686; x_wconf 83' lang='lat' dir='ltr'>postea</span> <span class='ocrx_word' id='word_1_472' title='bbox 1598 2656 1755 2679; x_wconf 80' lang='lat' dir='ltr'>cancellaria</span> <span class='ocrx_word' id='word_1_473' title='bbox 1770 2665 1818 2687; x_wconf 86' lang='lat' dir='ltr'>per</span> <span class='ocrx_word' id='word_1_474' title='bbox 1833 2656 1939 2688; x_wconf 82' lang='lat' dir='ltr'>aliquod</span> <span class='ocrx_word' id='word_1_475' title='bbox 1951 2655 2077 2687; x_wconf 75' lang='lat' dir='ltr'>temporis</span> <span class='ocrx_word' id='word_1_476' title='bbox 2093 2655 2210 2686; x_wconf 82' lang='lat' dir='ltr'>spatium</span> <span class='ocrx_word' id='word_1_477' title='bbox 2223 2653 2344 2683; x_wconf 74' lang='lat' dir='ltr'>vacabat,</span> 
     </span>
     <span class='ocr_line' id='line_1_37' title="bbox 483 2695 2345 2731; baseline 0.003 -15"><span class='ocrx_word' id='word_1_478' title='bbox 483 2703 542 2717; x_wconf 88' lang='lat' dir='ltr'>cum</span> <span class='ocrx_word' id='word_1_479' title='bbox 556 2695 722 2723; x_wconf 60' lang='lat' dir='ltr'>Romaanus,</span> <span class='ocrx_word' id='word_1_480' title='bbox 738 2696 778 2718; x_wconf 76' lang='lat' dir='ltr'>De</span> <span class='ocrx_word' id='word_1_481' title='bbox 792 2697 870 2719; x_wconf 81' lang='lat' dir='ltr'>acad.</span> <span class='ocrx_word' id='word_1_482' title='bbox 886 2696 991 2724; x_wconf 58' lang='lat' dir='ltr'>Paris„</span> <span class='ocrx_word' id='word_1_483' title='bbox 1010 2706 1035 2728; x_wconf 89' lang='lat' dir='ltr'>p.</span> <span class='ocrx_word' id='word_1_484' title='bbox 1056 2698 1109 2726; x_wconf 75' lang='lat'><strong>133,</strong></span> <span class='ocrx_word' id='word_1_485' title='bbox 1128 2706 1158 2721; x_wconf 87' lang='lat' dir='ltr'>ex</span> <span class='ocrx_word' id='word_1_486' title='bbox 1173 2699 1242 2721; x_wconf 86' lang='lat' dir='ltr'>Actis</span> <span class='ocrx_word' id='word_1_487' title='bbox 1256 2700 1317 2722; x_wconf 87' lang='lat' dir='ltr'>eccl.</span> <span class='ocrx_word' id='word_1_488' title='bbox 1335 2699 1418 2722; x_wconf 85' lang='lat' dir='ltr'>Paris.</span> <span class='ocrx_word' id='word_1_489' title='bbox 1436 2700 1468 2722; x_wconf 80' lang='lat' dir='ltr'>ad</span> <span class='ocrx_word' id='word_1_490' title='bbox 1484 2708 1526 2723; x_wconf 83' lang='lat' dir='ltr'>an.</span> <span class='ocrx_word' id='word_1_491' title='bbox 1544 2700 1601 2723; x_wconf 88' lang='lat'><strong>1381</strong></span> <span class='ocrx_word' id='word_1_492' title='bbox 1621 2704 1692 2723; x_wconf 86' lang='lat' dir='ltr'>notet</span> <span class='ocrx_word' id='word_1_493' title='bbox 1708 2709 1713 2724; x_wconf 75' lang='lat' dir='ltr'>z</span> <span class='ocrx_word' id='word_1_494' title='bbox 1732 2710 1743 2723; x_wconf 89' lang='lat'>«</span> <span class='ocrx_word' id='word_1_495' title='bbox 1760 2701 1873 2724; x_wconf 77' lang='lat' dir='ltr'>Vacante</span> <span class='ocrx_word' id='word_1_496' title='bbox 1890 2699 2215 2731; x_wconf 78' lang='lat' dir='ltr'>cancellaria&#39;episcopus,</span> <span class='ocrx_word' id='word_1_497' title='bbox 2230 2698 2345 2722; x_wconf 74' lang='lat' dir='ltr'>decanus</span> 
     </span>
     <span class='ocr_line' id='line_1_38' title="bbox 481 2738 2344 2776; baseline 0.003 -16"><span class='ocrx_word' id='word_1_498' title='bbox 481 2742 506 2761; x_wconf 85' lang='lat' dir='ltr'>et</span> <span class='ocrx_word' id='word_1_499' title='bbox 521 2738 665 2769; x_wconf 80' lang='lat' dir='ltr'>capitulum</span> <span class='ocrx_word' id='word_1_500' title='bbox 680 2739 867 2762; x_wconf 76' lang='lat' dir='ltr'>commiserunt</span> <span class='ocrx_word' id='word_1_501' title='bbox 881 2741 1052 2764; x_wconf 81' lang='lat' dir='ltr'>communiter</span> <span class='ocrx_word' id='word_1_502' title='bbox 1065 2745 1089 2764; x_wconf 81' lang='lat' dir='ltr'>et</span> <span class='ocrx_word' id='word_1_503' title='bbox 1104 2742 1203 2773; x_wconf 84' lang='lat' dir='ltr'>absque</span> <span class='ocrx_word' id='word_1_504' title='bbox 1215 2743 1360 2774; x_wconf 79' lang='lat' dir='ltr'>prejudicio</span> <span class='ocrx_word' id='word_1_505' title='bbox 1377 2744 1513 2775; x_wconf 74' lang='lat' dir='ltr'>utriusque</span> <span class='ocrx_word' id='word_1_506' title='bbox 1525 2745 1610 2775; x_wconf 75' lang='lat' dir='ltr'>partis</span> <span class='ocrx_word' id='word_1_507' title='bbox 1626 2745 1731 2768; x_wconf 81' lang='lat' dir='ltr'>cuidam</span> <span class='ocrx_word' id='word_1_508' title='bbox 1747 2745 1829 2775; x_wconf 85' lang='lat' dir='ltr'>(Hem.</span> <span class='ocrx_word' id='word_1_509' title='bbox 1843 2753 1848 2768; x_wconf 79' lang='lat'>2</span> <span class='ocrx_word' id='word_1_510' title='bbox 1867 2754 1878 2768; x_wconf 91' lang='lat'>«</span> <span class='ocrx_word' id='word_1_511' title='bbox 1894 2745 2035 2776; x_wconf 77' lang='lat' dir='ltr'>quemdam</span> <span class='ocrx_word' id='word_1_512' title='bbox 2048 2745 2070 2774; x_wconf 69' lang='lat'>2³)</span> <span class='ocrx_word' id='word_1_513' title='bbox 2085 2744 2119 2767; x_wconf 80' lang='lat' dir='ltr'>nd</span> <span class='ocrx_word' id='word_1_514' title='bbox 2134 2743 2344 2775; x_wconf 66' lang='lat' dir='ltr'>magist-randum</span> 
     </span>
     <span class='ocr_line' id='line_1_39' title="bbox 482 2779 2345 2819; baseline 0.003 -14"><span class='ocrx_word' id='word_1_515' title='bbox 482 2783 620 2814; x_wconf 82' lang='lat' dir='ltr'>quemdam</span> <span class='ocrx_word' id='word_1_516' title='bbox 638 2783 664 2805; x_wconf 86' lang='lat' dir='ltr'>in</span> <span class='ocrx_word' id='word_1_517' title='bbox 680 2783 759 2806; x_wconf 80' lang='lat' dir='ltr'>theol.</span> <span class='ocrx_word' id='word_1_518' title='bbox 774 2792 795 2806; x_wconf 80' lang='lat'>».</span> <span class='ocrx_word' id='word_1_519' title='bbox 811 2784 838 2806; x_wconf 91' lang='lat' dir='ltr'>In</span> <span class='ocrx_word' id='word_1_520' title='bbox 854 2785 915 2814; x_wconf 75' lang='lat' dir='ltr'>Reg.</span> <span class='ocrx_word' id='word_1_521' title='bbox 932 2785 1011 2808; x_wconf 74' lang='lat' dir='ltr'>Aven.</span> <span class='ocrx_word' id='word_1_522' title='bbox 1029 2786 1109 2809; x_wconf 88' lang='lat' dir='ltr'>Clem.</span> <span class='ocrx_word' id='word_1_523' title='bbox 1127 2787 1182 2815; x_wconf 74' lang='lat' dir='ltr'>vu,</span> <span class='ocrx_word' id='word_1_524' title='bbox 1200 2788 1252 2810; x_wconf 71' lang='lat' dir='ltr'>vol.</span> <span class='ocrx_word' id='word_1_525' title='bbox 1270 2788 1344 2815; x_wconf 79' lang='lat' dir='ltr'>xxu,</span> <span class='ocrx_word' id='word_1_526' title='bbox 1363 2789 1380 2811; x_wconf 78' lang='lat' dir='ltr'>s.</span> <span class='ocrx_word' id='word_1_527' title='bbox 1400 2789 1438 2815; x_wconf 77' lang='lat'>57,</span> <span class='ocrx_word' id='word_1_528' title='bbox 1454 2788 1566 2818; x_wconf 78' lang='lat' dir='ltr'>epistota</span> <span class='ocrx_word' id='word_1_529' title='bbox 1582 2789 1711 2819; x_wconf 76' lang='lat' dir='ltr'>quaedam</span> <span class='ocrx_word' id='word_1_530' title='bbox 1726 2790 1758 2812; x_wconf 80' lang='lat' dir='ltr'>nd</span> <span class='ocrx_word' id='word_1_531' title='bbox 1773 2789 1919 2813; x_wconf 66' lang='lat' dir='ltr'>¹lohannem</span> <span class='ocrx_word' id='word_1_532' title='bbox 1934 2789 2077 2812; x_wconf 77' lang='lat' dir='ltr'>Blanchnrt</span> <span class='ocrx_word' id='word_1_533' title='bbox 2091 2788 2189 2811; x_wconf 77' lang='lat' dir='ltr'>directa</span> <span class='ocrx_word' id='word_1_534' title='bbox 2203 2779 2345 2819; x_wconf 68' lang='lat' dir='ltr'>registrum</span> 
     </span>
     <span class='ocr_line' id='line_1_40' title="bbox 481 2827 2342 2863; baseline 0.003 -14"><span class='ocrx_word' id='word_1_535' title='bbox 481 2830 520 2850; x_wconf 82' lang='lat' dir='ltr'>est</span> <span class='ocrx_word' id='word_1_536' title='bbox 537 2827 585 2850; x_wconf 90' lang='lat' dir='ltr'>suh</span> <span class='ocrx_word' id='word_1_537' title='bbox 601 2836 642 2850; x_wconf 75' lang='lat' dir='ltr'>au.</span> <span class='ocrx_word' id='word_1_538' title='bbox 659 2827 744 2855; x_wconf 73' lang='lat' dir='ltr'>tertio,</span> <span class='ocrx_word' id='word_1_539' title='bbox 764 2829 776 2850; x_wconf 83' lang='lat'>7</span> <span class='ocrx_word' id='word_1_540' title='bbox 790 2828 842 2851; x_wconf 80' lang='lat' dir='ltr'>kal.</span> <span class='ocrx_word' id='word_1_541' title='bbox 858 2829 929 2851; x_wconf 71' lang='lat' dir='ltr'>,lunii</span> <span class='ocrx_word' id='word_1_542' title='bbox 946 2830 1024 2858; x_wconf 85' lang='lat'><strong>(1381,</strong></span> <span class='ocrx_word' id='word_1_543' title='bbox 1039 2830 1100 2853; x_wconf 85' lang='lat' dir='ltr'>Muii</span> <span class='ocrx_word' id='word_1_544' title='bbox 1116 2831 1164 2860; x_wconf 70' lang='lat'><strong>2⁶),</strong></span> <span class='ocrx_word' id='word_1_545' title='bbox 1177 2840 1228 2862; x_wconf 79' lang='lat' dir='ltr'>qua</span> <span class='ocrx_word' id='word_1_546' title='bbox 1242 2832 1356 2854; x_wconf 63' lang='lat' dir='ltr'>,Iohanni</span> <span class='ocrx_word' id='word_1_547' title='bbox 1373 2841 1384 2854; x_wconf 89' lang='lat'>«</span> <span class='ocrx_word' id='word_1_548' title='bbox 1400 2840 1446 2863; x_wconf 85' lang='lat' dir='ltr'>per</span> <span class='ocrx_word' id='word_1_549' title='bbox 1459 2832 1586 2855; x_wconf 77' lang='lat' dir='ltr'>Johannis</span> <span class='ocrx_word' id='word_1_550' title='bbox 1602 2833 1633 2856; x_wconf 83' lang='lat' dir='ltr'>de</span> <span class='ocrx_word' id='word_1_551' title='bbox 1649 2834 1741 2857; x_wconf 85' lang='lat' dir='ltr'>Calore</span> <span class='ocrx_word' id='word_1_552' title='bbox 1754 2834 1855 2857; x_wconf 76' lang='lat' dir='ltr'>obitum</span> <span class='ocrx_word' id='word_1_553' title='bbox 1870 2842 1967 2857; x_wconf 82' lang='lat' dir='ltr'>vacans</span> <span class='ocrx_word' id='word_1_554' title='bbox 1983 2833 2141 2857; x_wconf 67' lang='lat' dir='ltr'>cancellaria</span> <span class='ocrx_word' id='word_1_555' title='bbox 2155 2833 2217 2856; x_wconf 85' lang='lat' dir='ltr'>eccl.</span> <span class='ocrx_word' id='word_1_556' title='bbox 2232 2831 2316 2862; x_wconf 57' lang='lat' dir='ltr'>Paris,</span> <span class='ocrx_word' id='word_1_557' title='bbox 2329 2839 2342 2854; x_wconf 64' lang='lat' dir='ltr'>n</span> 
     </span>
     <span class='ocr_line' id='line_1_41' title="bbox 481 2871 2344 2909; baseline 0.003 -16"><span class='ocrx_word' id='word_1_558' title='bbox 481 2872 621 2894; x_wconf 78' lang='lat' dir='ltr'>confertur.</span> <span class='ocrx_word' id='word_1_559' title='bbox 639 2872 698 2899; x_wconf 83' lang='lat' dir='ltr'>Sed,</span> <span class='ocrx_word' id='word_1_560' title='bbox 715 2871 826 2902; x_wconf 79' lang='lat' dir='ltr'>epistola</span> <span class='ocrx_word' id='word_1_561' title='bbox 842 2872 936 2902; x_wconf 79' lang='lat' dir='ltr'>deletu,</span> <span class='ocrx_word' id='word_1_562' title='bbox 950 2873 975 2895; x_wconf 92' lang='lat' dir='ltr'>in</span> <span class='ocrx_word' id='word_1_563' title='bbox 992 2874 1110 2905; x_wconf 77' lang='lat' dir='ltr'>margine</span> <span class='ocrx_word' id='word_1_564' title='bbox 1128 2875 1309 2899; x_wconf 83' lang='lat' dir='ltr'>scribebatur:</span> <span class='ocrx_word' id='word_1_565' title='bbox 1328 2884 1339 2898; x_wconf 87' lang='lat'>«</span> <span class='ocrx_word' id='word_1_566' title='bbox 1357 2876 1467 2900; x_wconf 79' lang='lat' dir='ltr'>Cussata</span> <span class='ocrx_word' id='word_1_567' title='bbox 1485 2877 1516 2899; x_wconf 92' lang='lat' dir='ltr'>de</span> <span class='ocrx_word' id='word_1_568' title='bbox 1534 2878 1656 2900; x_wconf 74' lang='lat' dir='ltr'>mandato</span> <span class='ocrx_word' id='word_1_569' title='bbox 1675 2886 1697 2901; x_wconf 84' lang='lat'>».</span> <span class='ocrx_word' id='word_1_570' title='bbox 1714 2878 1869 2909; x_wconf 80' lang='lat' dir='ltr'>Opinamur,</span> <span class='ocrx_word' id='word_1_571' title='bbox 1888 2886 1986 2909; x_wconf 79' lang='lat' dir='ltr'>papum</span> <span class='ocrx_word' id='word_1_572' title='bbox 2001 2877 2056 2909; x_wconf 81' lang='lat' dir='ltr'>jam</span> <span class='ocrx_word' id='word_1_573' title='bbox 2073 2877 2192 2900; x_wconf 78' lang='lat' dir='ltr'>Johanne</span> <span class='ocrx_word' id='word_1_574' title='bbox 2204 2876 2236 2899; x_wconf 88' lang='lat' dir='ltr'>dc</span> <span class='ocrx_word' id='word_1_575' title='bbox 2251 2875 2344 2899; x_wconf 74' lang='lat' dir='ltr'>Calore</span> 
     </span>
     <span class='ocr_line' id='line_1_42' title="bbox 480 2915 2343 2949; baseline 0.003 -12"><span class='ocrx_word' id='word_1_576' title='bbox 480 2915 601 2938; x_wconf 78' lang='lat' dir='ltr'>defuncto</span> <span class='ocrx_word' id='word_1_577' title='bbox 619 2916 801 2938; x_wconf 77' lang='lat' dir='ltr'>cancellariam</span> <span class='ocrx_word' id='word_1_578' title='bbox 817 2916 899 2939; x_wconf 75' lang='lat' dir='ltr'>Puris.</span> <span class='ocrx_word' id='word_1_579' title='bbox 917 2917 1030 2940; x_wconf 67' lang='lat' dir='ltr'>,Iohanni</span> <span class='ocrx_word' id='word_1_580' title='bbox 1046 2918 1187 2942; x_wconf 81' lang='lat' dir='ltr'>Blanchart</span> <span class='ocrx_word' id='word_1_581' title='bbox 1207 2921 1324 2942; x_wconf 78' lang='lat' dir='ltr'>conferre</span> <span class='ocrx_word' id='word_1_582' title='bbox 1342 2920 1470 2948; x_wconf 82' lang='lat' dir='ltr'>voluisse;</span> <span class='ocrx_word' id='word_1_583' title='bbox 1492 2924 1534 2943; x_wconf 80' lang='lat' dir='ltr'>ast</span> <span class='ocrx_word' id='word_1_584' title='bbox 1550 2921 1659 2944; x_wconf 88' lang='lat' dir='ltr'>consilio</span> <span class='ocrx_word' id='word_1_585' title='bbox 1678 2925 1778 2945; x_wconf 77' lang='lat' dir='ltr'>mutato</span> <span class='ocrx_word' id='word_1_586' title='bbox 1798 2930 1855 2945; x_wconf 79' lang='lat' dir='ltr'>eam</span> <span class='ocrx_word' id='word_1_587' title='bbox 1873 2922 1945 2945; x_wconf 80' lang='lat' dir='ltr'>card.</span> <span class='ocrx_word' id='word_1_588' title='bbox 1968 2922 2074 2945; x_wconf 77' lang='lat' dir='ltr'>Nicolao</span> <span class='ocrx_word' id='word_1_589' title='bbox 2089 2921 2121 2944; x_wconf 82' lang='lat' dir='ltr'>de</span> <span class='ocrx_word' id='word_1_590' title='bbox 2140 2921 2167 2944; x_wconf 94' lang='lat' dir='ltr'>S.</span> <span class='ocrx_word' id='word_1_591' title='bbox 2191 2919 2343 2949; x_wconf 73' lang='lat' dir='ltr'>Saturnino,</span> 
     </span>
    </p>
   </div>
  </div>
 </body>
</html>
