2488 3386
202 360 296 396 1367]
616 374 661 394 AB
696 373 803 395 ANNO
838 373 968 395 MCCCL
1002 374 1132 401 Usouss
1168 375 1216 395 AD
1253 375 1515 397 BENEmc'rUM
1550 376 1640 397 xul.
2000 368 2061 401 159

197 446 414 491 recepimus,
437 447 682 479 continentem
710 447 807 491 quod
837 459 916 479 cum
946 459 964 479 a
994 453 1115 480 sancta
1144 447 1231 479 sede
1258 448 1455 492 apostolica
1484 449 1620 481 eisdem
1652 450 1830 482 indultum
1858 451 1998 491 existat,
2024 458 2063 483 ut

198 513 358 545 universi
384 513 547 557 magistri
569 520 603 545 et
623 513 783 546 scolares
804 513 840 545 in
862 513 927 545 Dei
951 513 1104 545 ecclesia
1125 513 1329 546 beneficiati
1356 515 1392 546 in
1414 515 1534 547 studio
1557 515 1752 547 Parisiensi
1772 523 1850 548 actu
1874 517 2062 549 studentes

197 580 232 611 in
257 579 416 624 qualibet
437 579 603 612 facultate
624 580 719 612 licita
745 579 950 612 insistendo
972 580 1106 620 studio,
1131 580 1282 618 fructus,
1308 580 1471 612 redditus
1493 588 1527 613 et
1553 588 1750 625 proventus
1772 582 1929 614 omnium
1953 582 2063 614 bene-

197 646 360 679 ficiorum
392 658 539 678 suorum
569 658 684 691 usque
712 647 755 679 ad
784 647 1013 691 septennium
1044 647 1186 691 integre
1216 647 1359 691 possint
1386 647 1586 691 percipere,
1617 647 1808 679 cotidianis
1837 648 2062 680 distributio-

197 712 305 745 nibus
326 712 495 745 duntaxat
516 713 688 757 exceptis,
710 725 749 745 ac
771 713 801 745 si
829 713 865 745 in
887 713 1053 745 ecclesiis
1082 713 1158 746 sive
1179 713 1269 745 locis
1293 713 1329 744 in
1353 713 1486 757 quibus
1508 713 1685 754 obtinent,
1708 714 1948 758 personaliter
1975 715 2063 747 resi-

197 779 363 819 derent¹;
387 791 529 812 necnon
551 786 618 812 tam
637 792 654 812 a
676 780 768 812 dicta
786 786 906 812 sancta
924 779 1025 820 sede,
1043 792 1148 824 quam
1166 779 1492 824 predecessoribus
1514 780 1649 812 nostris
1672 781 1890 812 Francorum
1914 781 2063 825 regibus

196 852 232 878 et
258 845 377 887 nobis,
402 846 582 879 veniendo
612 846 655 878 ad
684 846 818 879 dictum
848 846 1053 879 Parisiense
1075 846 1250 888 studium,
1272 846 1308 878 in
1336 846 1415 890 ipso
1437 846 1625 887 morando,
1649 853 1727 879 actu
1750 847 1943 887 studendo,
1967 854 2001 879 et
2021 847 2064 880 ab

196 912 323 945 eodem
345 913 388 945 ad
410 913 554 957 propria
576 913 776 954 redeundo,
804 913 874 957 ipsi
896 919 930 945 et
956 924 1080 945 eorum
1110 913 1328 957 principales
1357 913 1570 954 servitores,
1593 919 1716 957 utpote
1738 920 1972 946 conservator
1993 914 2065 958 pri-

195 979 425 1024 vilegiorum,
449 979 619 1024 sigillifer
638 980 737 1012 curie
755 986 790 1012 et
810 986 964 1024 quatuor
984 979 1191 1012 facultatum
1214 979 1434 1024 principales
1456 979 1604 1020 bedelli,
1627 992 1644 1012 a
1667 979 1822 1024 pedagio
1840 986 1874 1012 et
1895 992 2065 1024 quacum-

196 1058 265 1090 que
285 1046 470 1079 exactione
492 1046 566 1079 sint
585 1047 764 1079 immunes
786 1053 821 1079 et
837 1046 1026 1091 exen1pti²;
1046 1053 1081 1079 et
1096 1046 1227 1079 virtute
1249 1046 1523 1091 privilegiorum
1546 1058 1563 1079 a
1586 1046 1678 1079 dicta
1701 1053 1822 1079 sancta
1843 1047 1930 1079 sede
1948 1047 2064 1080 eidem

196 1113 431 1146 Universitati
459 1113 680 1146 indultorum
704 1113 925 1154 detentores,
950 1119 1201 1158 occupatores,
1222 1113 1476 1158 impedientes,
1500 1114 1724 1157 fructusque,
1748 1113 1925 1154 redditus,
1949 1114 2064 1146 exitus

197 1185 231 1212 et
252 1186 450 1224 proventus
471 1186 506 1212 et
526 1180 706 1224 arreragia
729 1180 906 1212 dictorum
929 1191 1078 1212 suorum
1100 1179 1375 1219 beneficiorum,
1393 1180 1494 1223 juxta
1522 1180 1670 1212 sormam
1694 1187 1729 1212 et
1755 1186 1918 1212 tenorem
1950 1180 2064 1213 dicto-

196 1258 274 1278 rum
306 1246 594 1290 privilegiorum,
624 1246 766 1279 solvere
800 1253 1024 1287 recusantes,
1059 1253 1094 1279 et
1127 1258 1376 1290 quoscumque
1409 1246 1452 1278 ab
1483 1246 1574 1291 ipsis
1609 1247 1761 1291 pedagia
1792 1253 1827 1279 et
1859 1247 2065 1280 exactiones

196 1324 441 1357 quascumque
468 1313 686 1357 recipientes
707 1319 741 1345 et
769 1313 943 1353 levantes,
966 1325 1086 1345 coram
1112 1319 1368 1346 conservatore
1394 1312 1571 1345 dictorum
1604 1313 1877 1357 privilegiorum
1899 1313 2008 1345 citare
2030 1320 2065 1346 et

195 1379 237 1411 ad
261 1379 440 1423 judicium
467 1391 631 1420 evocare,
652 1391 691 1412 ac
713 1380 791 1424 ipse
813 1386 1048 1412 conservator
1068 1380 1112 1412 de
1134 1379 1324 1424 premissis
1346 1391 1585 1424 cognoscere,
1611 1391 1746 1424 eosque
1768 1379 1811 1412 ad
1837 1379 2061 1412 reddendum

196 1452 231 1478 et
257 1445 472 1478 solvendum
501 1446 638 1478 eisdem
669 1446 853 1491 magistris
882 1453 917 1479 et
947 1446 1150 1479 scolaribus
1180 1447 1333 1486 fructus,
1369 1446 1547 1487 redditus,
1580 1446 1696 1478 exitus
1727 1453 1762 1479 et
1790 1453 1988 1491 proventus
2025 1459 2063 1479 ac

195 1513 375 1557 arreragia
402 1512 471 1545 sibi
499 1512 631 1553 debita,
656 1513 794 1545 ratione
823 1513 1000 1546 dictorum
1031 1525 1179 1546 suorum
1210 1513 1486 1554 beneficiorum⁷
1515 1525 1658 1545 necnon
1686 1513 1729 1545 ad
1758 1513 2007 1546 desistendum
2030 1520 2065 1545 et

195 1579 410 1611 cessandum
431 1591 449 1611 a
475 1579 696 1620 detentione,
720 1579 957 1624 occupatione
985 1586 1020 1612 et
1049 1579 1308 1624 impedimento
1331 1591 1395 1624 per
1415 1579 1516 1624 ipsos
1538 1579 1573 1611 in
1604 1579 1695 1623 ipsis
1723 1579 1914 1620 fructibus,
1943 1579 2063 1611 reddi-

196 1645 305 1684 tibus,
331 1645 499 1686 exitibus,
524 1645 761 1690 proventibus
783 1652 818 1678 et
844 1646 1039 1691 arreragiis
1060 1646 1250 1690 appositis,
1273 1653 1308 1678 et
1334 1645 1378 1678 ab
1404 1646 1495 1690 ipsis
1516 1645 1630 1678 ablata
1653 1646 1879 1678 reddendum
1903 1652 1938 1678 et
1958 1646 2063 1678 resti-

196 1712 382 1753 tuendum,
407 1724 559 1745 censura
586 1712 831 1745 ecclesiastica
852 1713 934 1757 cogi
960 1719 994 1745 et
1015 1712 1197 1757 compelli,
1220 1725 1238 1745 a
1261 1719 1422 1757 tempore
1446 1713 1697 1745 concessionis
1718 1712 1896 1745 dictorum
1918 1712 2063 1757 privile-

194 1779 349 1824 giorum,
369 1792 386 1812 a
407 1791 478 1823 quo
499 1786 661 1824 tempore
683 1791 755 1811 non
777 1786 833 1812 est
849 1780 1021 1812 memoria
1042 1779 1243 1821 hominum,
1262 1786 1297 1812 et
1317 1780 1361 1812 (le
1379 1780 1517 1812 eisdem
1536 1791 1761 1823 cognoscere
1778 1780 2036 1812 consueverint
2054 1791 2060 1811 :

195 1845 453 1879 nichilominus
486 1853 604 1879 tamen
633 1846 755 1879 dilecti
783 1853 818 1879 et
847 1846 975 1879 fideles
1003 1846 1203 1879 consiliarii
1231 1846 1347 1879 nostri
1378 1846 1637 1890 parlamentum
1668 1852 1829 1878 nostrum
1858 1846 2062 1878 Parisicnse

195 1918 372 1953 tenentes,
392 1913 600 1957 prepositus
616 1913 848 1954 Parisiensis,
866 1912 1106 1957 nonnullique
1123 1913 1317 1957 justiciarii
1341 1913 1443 1957 regni
1462 1913 1590 1953 nostri,
1609 1912 1652 1944 de
1670 1912 1727 1944 die
1744 1912 1780 1944 in
1798 1912 1907 1953 diem,
1925 1912 2062 1945 eisdem

194 1978 377 2024 magistris
394 1985 428 2012 et
448 1979 663 2020 scolaribus,
682 1991 720 2012 ac
742 1980 989 2012 conservatori
1011 1979 1188 2012 dictorum
1211 1979 1500 2024 privilegiorum,
1520 1991 1562 2011 ex
1584 1986 1682 2023 parte
1704 1985 1838 2019 nostra,
1865 1978 1932 2011 sub
1953 1979 2062 2011 certis

194 2052 229 2078 et
248 2045 404 2078 diversis
425 2046 530 2090 penis
552 2045 658 2079 nobis
680 2046 917 2091 applicandis,
941 2045 1179 2078 inhibuerunt
1206 2053 1240 2079 et
1268 2045 1444 2087 inhibent,
1469 2058 1513 2078 ne
1535 2046 1579 2078 de
1601 2046 1707 2078 dictis
1730 2045 1945 2086 redditibus,
1968 2046 2062 2077 sruc-

195 2111 303 2154 tibus,
322 2112 493 2153 exitibus,
515 2112 753 2157 proventibus
775 2119 810 2145 et
829 2113 1023 2157 arreragiis
1046 2112 1225 2145 dictorum
1247 2112 1508 2145 beneficiorum
1531 2112 1668 2144 eisdem
1691 2112 1875 2156 magistris
1896 2118 1930 2144 et
1950 2111 2061 2144 scola-

194 2178 295 2211 ribus
315 2178 447 2211 debitis
468 2191 507 2211 ac
529 2179 573 2211 de
596 2179 751 2224 receptis
773 2191 837 2223 per
854 2179 970 2211 dictos
994 2179 1223 2223 pedagiarios
1244 2186 1279 2211 et
1300 2186 1500 2220 exactores,
1525 2191 1589 2211 seu
1612 2179 1817 2211 exactiones
1844 2179 2060 2222 recipientes

193 2252 228 2278 et
243 2245 417 2287 levantes,
431 2247 660 2290 cognoscat³,
675 2258 740 2278 nec
754 2258 818 2290 per
830 2246 964 2278 dictum
982 2252 1275 2279 conservatorem
1292 2246 1466 2290 cognosci
1486 2250 1736 2290 procui·et[ur],
1755 2246 1918 2278 dicentes
1935 2257 2060 2277 causas

192 2312 290 2356 ipsas
310 2312 387 2344 fore
408 2324 506 2344 mere
528 2312 657 2354 reales,
676 2319 709 2345 et
730 2312 774 2345 ad
794 2312 894 2357 ipsos
911 2312 1142 2345 consiliarios
1164 2319 1199 2344 et
1213 2313 1439 2357 justiciarios
1463 2313 1654 2356 forumque
1672 2319 1834 2344 nostrum
1857 2311 1900 2344 de
1922 2311 2057 2343 eisdem

192 2390 416 2423 cognoscere
444 2378 578 2411 debere
607 2386 782 2424 spectare.
815 2380 966 2424 Propter
987 2379 1084 2423 quod
1106 2391 1185 2411 cum
1215 2379 1383 2411 instantia
1406 2386 1441 2411 et
1470 2378 1670 2411 humilitate
1700 2378 1806 2410 nobis
1833 2378 2059 2422 supplicave-

192 2451 276 2477 runt
299 2445 409 2489 quod,
437 2457 517 2478 cum
540 2445 677 2478 eisdem
700 2445 883 2490 magistris
912 2452 946 2478 et
973 2445 1176 2478 scolaribus
1205 2452 1303 2478 esset
1323 2457 1433 2490 grave
1455 2452 1487 2477 et
1515 2452 1782 2489 sumptuosum,
1805 2456 1869 2489 pro
1900 2443 2060 2488 qualibet

192 2511 332 2544 actione
354 2523 419 2544 seu
445 2512 604 2556 querela,
633 2512 770 2544 ratione
798 2512 1060 2556 premissorum
1081 2524 1200 2544 coram
1224 2512 1485 2556 prenominatis
1507 2511 1643 2543 nostris
1664 2511 1884 2543 consiliariis
1905 2517 1939 2543 et
1959 2510 2058 2554 judi-

192 2577 296 2610 cibus
318 2590 539 2623 comparere,
558 2579 733 2623 ipsosque
755 2585 939 2623 oporteret
961 2578 1117 2611 totaliter
1139 2591 1242 2611 suum
1267 2578 1447 2610 dimittere
1469 2578 1642 2612 studium,
1662 2577 1811 2610 maxime
1833 2589 1910 2609 cum
1935 2576 2057 2621 plures

193 2644 236 2676 de
259 2644 364 2677 dictis
385 2644 626 2686 debitoribus,
649 2645 914 2686 detentoribus,
933 2645 1227 2690 occupatoribus,
1251 2644 1473 2677 levatoribus
1496 2651 1531 2676 et
1551 2643 1779 2676 exactoribus
1808 2643 1987 2675 interdum
2013 2643 2056 2675 de

193 2717 290 2743 extra
312 2723 462 2756 regnum
486 2718 648 2744 nostrum
670 2712 747 2743 fore
769 2712 966 2756 contingat,
985 2718 1163 2756 quatenus
1182 2712 1224 2743 de
1242 2718 1365 2744 nostra
1383 2711 1530 2756 speciali
1552 2710 1664 2755 gratia
1683 2710 1818 2742 eisdem
1837 2709 2055 2741 consiliariis

193 2777 340 2818 nostriS,
373 2778 556 2822 preposito
590 2784 625 2810 et
658 2777 847 2822 judicibus
883 2779 985 2823 regni
1015 2778 1130 2810 nostri
1161 2777 1341 2818 inhibere,
1370 2789 1415 2809 ne
1445 2777 1613 2809 decetero
1642 2776 1731 2808 tales
1762 2775 1818 2808 vel
1846 2774 2055 2807 consimiles

192 2842 429 2876 inhibitiones
450 2844 555 2877 dictis
576 2844 837 2885 conservatori,
865 2844 1049 2889 magistris
1077 2851 1112 2876 et
1139 2843 1341 2876 scolaribus
1362 2844 1534 2882 facerent,
1557 2842 1621 2874 sed
1654 2842 1825 2886 predictis
1852 2841 2055 2873 immunita-

192 2908 288 2942 tibus
317 2917 351 2942 et
379 2910 607 2943 libertatibus
639 2923 678 2943 ac
709 2910 911 2955 privilegiis
940 2911 990 2942 uti
1019 2917 1053 2942 et
1081 2910 1254 2955 gaudere,
1287 2922 1326 2941 ac
1359 2909 1556 2953 predictum
1586 2914 1877 2939 conservatorem
1905 2907 1948 2939 de
1974 2917 2054 2950 pre-
