2488 3386
417 341 482 373 390
987 343 1304 368 CHARTULAamM
1341 342 1529 364 UNIVERS.
1567 341 1696 364 Panis.
2176 326 2276 362 [1385

421 466 560 502 1514.
586 477 728 499 &tamtum
744 472 896 507 facultatis
911 471 1079 505 theologiae,
1097 479 1130 496 ne
1147 470 1298 505 quisquam
1316 469 1344 494 in
1360 467 1459 493 danda
1477 467 1594 492 licentia
1610 466 1726 500 eisdem,
1746 466 1795 501 qui
1810 474 1830 491 a
1845 464 2022 491 cancellario
2038 468 2137 491 contra
2153 473 2271 492 consue-

504 523 616 548 tudines
636 522 833 548 Uniuersiiatis
851 520 1085 553 admittebantur,
1105 519 1236 544 assistat.

1672 560 1747 589 1385,
1762 559 1825 587 dasii
1837 560 1861 589 7,
1878 559 1990 586 Parisiis.

505 650 695 684 Universis
723 655 912 694 presentes
941 648 1077 681 litteras
1107 645 1327 691 inspecturis
1358 644 1577 677 universitas
1598 643 1854 690 magistrorum
1889 649 1922 676 et
1954 642 2147 676 scolarium
2178 642 2276 675 Pari-

417 718 493 751 sius
526 717 748 750 studentium
779 715 928 748 salutem
965 715 1001 746 in
1040 713 1114 746 filio
1154 712 1318 757 Virginis
1353 711 1526 756 gloriose.
1558 710 1650 753 Quia
1684 722 1727 743 ex
1756 710 1889 743 decore
1923 708 2169 742 membrorum
2205 714 2276 741 tota

416 784 567 817 resultat
596 783 759 828 corporis
790 780 1034 827 pulchritudo,
1062 786 1097 812 et
1123 779 1166 812 ad
1194 785 1354 811 nostram
1385 777 1551 822 pervenit
1580 777 1741 810 notitiam
1771 776 1867 821 quod
1893 776 2067 820 magister
2093 774 2276 808 Johannes

419 850 621 889 Blancardi,
644 849 816 894 magister
832 848 868 880 in
889 846 1074 891 theologia
1095 852 1129 878 et
1150 844 1388 878 cancellarius
1405 843 1560 878 ecclesie
1581 843 1812 883 Parisiensis‚
1835 849 1959 877 contra
1976 842 2145 876 decorem
2165 841 2277 875 facul-

417 917 498 949 tatis
520 916 715 960 theologie,
738 926 807 959 que
829 914 944 946 nostri
965 913 1129 957 corporis
1150 910 1358 945 venerabile
1381 910 1580 943 membrum
1606 910 1740 951 existit,
1762 909 1940 954 quandam
1968 909 2162 942 novitatem
2189 907 2277 941 alias

416 983 610 1015 inauditam
633 993 748 1026 nuper
763 981 878 1013 voluit
897 986 1120 1024 attemptare,
1138 978 1221 1011 ideo
1238 978 1403 1011 volentes
1423 977 1599 1010 honorem
1618 977 1712 1009 dicte
1733 976 1912 1010 facultatis
1933 982 1968 1008 et
1988 975 2093 1008 etiam
2114 974 2277 1016 aliarum⁷

416 1062 455 1082 ac
477 1061 541 1093 per
561 1048 628 1081 hoc
649 1048 772 1080 decori
794 1047 904 1080 totius
925 1045 1181 1080 Universitatis
1202 1044 1376 1090 predicte,
1402 1050 1571 1089 quantum
1605 1055 1813 1088 possumus,
1845 1042 2040 1076 salubriter
2070 1041 2277 1087 providere,

417 1123 455 1148 ut
475 1115 635 1148 mandata
657 1121 692 1146 et
717 1113 905 1158 privilegia
926 1112 1135 1157 apostolica,
1159 1123 1302 1144 necnon
1329 1118 1364 1144 et
1391 1117 1521 1144 statuta
1551 1117 1585 1143 et
1614 1109 1815 1142 laudabiles
1844 1108 2130 1142 consuetudines
2154 1114 2278 1142 nostre

416 1182 554 1214 firmius
576 1181 829 1220 observentur,
853 1186 887 1212 et
917 1186 955 1212 ut
984 1178 1158 1224 gradibus
1189 1178 1414 1223 singularum
1444 1177 1651 1210 facultatum
1679 1176 1797 1209 honor
1816 1187 2003 1221 congruus
2022 1175 2219 1216 deferatur,
2241 1174 2278 1207 in

416 1255 537 1281 nostra
558 1247 843 1292 congregatione
864 1246 1026 1292 generali
1047 1246 1083 1278 in
1105 1246 1138 1278 S.
1163 1246 1343 1278 Maturino
1364 1256 1475 1290 super
1496 1243 1563 1277 hoc
1591 1243 1830 1288 solempniter
1850 1249 2071 1287 congregata
2099 1241 2278 1275 delibera—

414 1315 531 1348 vimus
555 1321 589 1347 et
609 1314 869 1354 ordinavimus,
892 1313 990 1358 quod
1018 1313 1045 1345 si
1078 1324 1173 1345 nunc
1194 1312 1251 1345 vel
1279 1311 1366 1344 alias
1387 1311 1625 1344 cancellarius
1653 1310 1838 1356 predictus
1864 1310 1901 1342 in
1923 1309 2016 1343 dicta
2035 1308 2202 1343 facultate
2220 1307 2279 1343 vel

416 1382 452 1413 in
481 1381 598 1425 aliqua
628 1381 775 1413 aliarum
808 1380 851 1412 de
881 1380 986 1420 facto,
1018 1391 1096 1412 cum
1130 1379 1173 1411 de
1201 1380 1284 1423 jure
1315 1390 1387 1411 non
1421 1378 1549 1423 possit,
1581 1377 1724 1422 aliquos
1753 1376 1993 1409 bachellarios
2023 1375 2067 1409 ad
2096 1375 2278 1408 licentiam

416 1448 619 1481 admitteret
650 1453 771 1492 preter
796 1446 853 1479 vel
880 1452 1003 1479 contra
1034 1445 1267 1478 rationabiles
1295 1444 1578 1478 deliberationes
1606 1444 1782 1477 dictarum
1812 1442 2018 1476 facultatum
2048 1441 2215 1475 fundatas
2241 1441 2278 1474 in

417 1514 592 1546 mandatis
613 1526 652 1546 ac
673 1513 876 1558 privilegiis
897 1512 1119 1557 apostolicis,
1142 1519 1201 1545 aut
1225 1512 1368 1545 statutis
1395 1518 1430 1544 et
1456 1510 1702 1544 laudabilibus
1723 1508 2051 1543 consuetudinibus
2071 1508 2276 1548 antedictis,

370 1594 373 1598 ·
418 1580 538 1613 nullus
559 1580 744 1625 magister,
768 1579 1019 1614 bachallariust
1043 1579 1194 1612 scolaris
1220 1585 1278 1611 aut
1308 1578 1476 1611 bedellus
1507 1578 1543 1610 in
1568 1577 1779 1622 hujusmodi
1809 1576 1968 1609 licentiis
1995 1582 2055 1609 aut
2080 1575 2117 1608 in
2137 1574 2278 1608 actibus

418 1646 619 1679 scolasticis
642 1646 699 1679 vel
720 1646 799 1678 aliis
825 1646 927 1679 factis
948 1646 1139 1678 occasione
1161 1645 1369 1690 hujusmodi
1396 1644 1542 1678 licentie
1563 1644 1694 1677 fiendis
1719 1644 1912 1683 interesse,
1936 1654 2002 1675 nec
2029 1641 2177 1687 aliquod
2204 1640 2279 1674 col-

418 1713 553 1757 legium
574 1712 691 1745 scolas
713 1724 796 1745 suas
822 1712 865 1745 ad
892 1712 1101 1757 hujusmodi
1122 1718 1222 1745 actus
1242 1712 1383 1744 fiendos
1412 1711 1626 1750 concedere,
1654 1710 1797 1743 tradere
1822 1709 1880 1743 vel
1909 1709 2050 1755 aperire
2080 1714 2276 1754 presumat.

420 1781 492 1812 Hoc
514 1786 629 1812 autem
648 1779 816 1812 volumus
833 1778 1019 1812 observari
1041 1778 1109 1812 sub
1131 1791 1221 1824 pena
1244 1778 1481 1811 resecationis
1497 1785 1533 1811 et
1547 1777 1760 1823 privationis
1782 1776 1826 1810 ab
1844 1776 2087 1810 Universitate
2104 1775 2277 1820 predicta.

420 1847 545 1879 Datum
571 1846 608 1878 in
635 1852 757 1879 nostra
785 1846 1068 1890 congregatione
1094 1845 1256 1891 generali
1277 1845 1456 1878 celebrata
1484 1845 1520 1877 in
1547 1845 1642 1877 dicto
1665 1845 1794 1878 Sancto
1816 1843 1997 1876 Maturino
2018 1854 2112 1876 anno
2134 1841 2280 1875 Domini

419 1912 612 1945 millesimo
633 1913 723 1945 CCC
746 1912 952 1957 octuaginta
972 1913 1016 1953 V,
1037 1913 1084 1956 vij
1107 1913 1165 1945 die
1185 1912 1324 1945 mensis
1344 1912 1442 1945 Julii.

511 2009 576 2032 Mus,
593 2008 711 2032 Britann.
730 2017 779 2033 ma.
796 2009 857 2032 add.
873 2010 957 2037 17304,
976 2010 1019 2033 sol.
1039 2010 1091 2037 121,
1109 2009 1158 2032 sub
1178 2009 1302 2032 rubrica:
1322 2018 1335 2030 et
1351 2009 1449 2033 Littera
1467 2009 1653 2033 Universitatis
1668 2008 1831 2040 publicanda
1845 2007 1872 2031 in
1890 2007 2056 2031 sermonibus
2074 2009 2100 2030 et
2114 2006 2193 2030 scolis
2212 2007 2281 2029 facta

418 2052 445 2075 in
459 2053 571 2076 rectoria
588 2053 693 2076 Hem-ici
709 2053 838 2077 Rousselli
853 2061 920 2076 annu
941 2054 1015 2077 Dom.
1031 2054 1091 2077 1385
1107 2062 1130 2077 »-
1149 2054 1276 2077 Henricus
1295 2054 1425 2078 Rousselli
1446 2054 1495 2076 fuit
1515 2057 1601 2078 rector
1619 2053 1692 2076 Junii
1710 2053 1850 2077 23-Oczob.
1865 2052 1904 2075 10.
1922 2065 1952 2071 --
1969 2051 2094 2083 Bulaeus,
2111 2051 2152 2079 lv,
2172 2052 2229 2079 605,
2245 2050 2280 2075 nd

417 2097 481 2120 Julii
497 2099 521 2120 9.

424 2232 562 2268 1515.
589 2241 784 2267 Cancellarius
799 2243 905 2276 Paris„
922 2242 1066 2268 lohannes
1081 2243 1247 2277 Blanchart,
1269 2244 1393 2279 probare
1409 2244 1518 2277 nititur,
1537 2243 1761 2269 commissionem
1777 2241 1923 2268 cardinali
1938 2240 2067 2266 Laudun.
2090 2242 2200 2274 factam
2218 2247 2281 2265 esse

506 2289 614 2315 nullam
630 2294 657 2316 et
669 2299 820 2326 processus
836 2300 931 2317 omnes
945 2295 1043 2317 contra
1056 2300 1087 2318 se
1103 2292 1195 2328 ipsum
1211 2292 1314 2318 irritos.

1709 2336 1784 2365 1385,
1800 2336 1865 2365 dum.
1881 2335 1994 2363 Parisiis.

508 2418 548 2450 In
569 2430 674 2451 causa
693 2418 810 2459 vobis,
833 2420 1139 2453 reverendissimo
1161 2420 1197 2452 in
1218 2420 1364 2454 Christo
1393 2420 1483 2465 patri
1513 2432 1551 2453 ac
1580 2420 1727 2453 domino
1755 2419 1902 2452 domino
1930 2419 1968 2450 P.
1991 2416 2164 2451 cardinali
2190 2417 2280 2449 Lau-

419 2483 589 2524 dunensi,
606 2496 624 2516 a
645 2491 765 2517 sancta
788 2485 874 2517 sede
895 2486 1092 2530 apostolica
1112 2498 1151 2519 ac
1173 2487 1402 2520 sanctissimo
1423 2488 1460 2519 in
1481 2487 1627 2520 Christo
1654 2493 1752 2531 patre
1780 2498 1819 2518 ac
1845 2485 2005 2524 domino,
2028 2483 2176 2517 domino
2197 2482 2280 2516 Cle-

420 2556 538 2582 mente
561 2562 647 2594 papa
664 2552 745 2582 V11⁰
766 2552 957 2584 commissa
978 2552 1072 2585 inter
1092 2553 1320 2586 venerabiles
1341 2554 1439 2586 viros
1461 2553 1741 2586 Universitatem
1764 2552 1875 2585 studii
1899 2550 2118 2585 Parisiensis
2139 2556 2280 2582 actores

421 2627 463 2648 ex
484 2628 552 2647 una
575 2623 686 2660 parte,
711 2623 746 2649 et
765 2617 1008 2650 venerabilem
1034 2619 1148 2652 virum
1178 2620 1389 2664 magistrum
1411 2620 1610 2653 Johannem
1637 2618 1852 2652 Blanchardi
1881 2618 2093 2663 magistrum
2121 2617 2158 2650 in
2178 2615 2280 2649 theo-

420 2681 515 2726 logia
536 2694 574 2714 ac
591 2682 843 2715 cancellarium
865 2684 1018 2717 ecclesie
1040 2686 1255 2718 parisiensis
1277 2698 1376 2718 reum
1399 2693 1434 2719 et
1454 2687 1695 2719 deffensorem
1714 2698 1756 2718 ex
1777 2685 1899 2725 altera,
1919 2696 2030 2729 super
2046 2690 2142 2716 certa
2162 2682 2280 2728 inqui-

421 2747 558 2780 sicione
580 2759 643 2780 seu
667 2748 925 2782 informacione
947 2750 1149 2795 aliquorum
1171 2764 1385 2785 excessuum
1407 2764 1472 2785 seu
1494 2752 1685 2793 abusuum7
1708 2752 1792 2784 licet
1812 2751 1903 2784 falso
1926 2757 2192 2795 pretensorum,
2217 2760 2280 2793 per

421 2814 667 2858 paternitatem
685 2821 837 2847 vestram
857 2823 979 2849 contra
1000 2817 1200 2861 predictum
1223 2819 1475 2851 cancellarium
1497 2819 1540 2852 ad
1562 2825 1780 2864 requestam,
1801 2817 2069 2864 promocionem
2089 2823 2123 2848 et
2143 2816 2279 2848 instan-

421 2880 507 2912 ciam
531 2880 624 2912 dicte
647 2881 898 2914 Universitatis
925 2883 1098 2919 facienda.
1121 2884 1164 2916 ad
1186 2884 1291 2917 finem
1315 2897 1378 2917 seu
1399 2885 1491 2918 fines
1513 2886 1610 2930 quod
1631 2897 1695 2930 per
1715 2897 1780 2918 vos
1809 2884 1947 2917 dicatur
1968 2895 2033 2916 seu
2059 2882 2276 2927 pronuncie-
