2488 3386
179 355 275 388 1369]
591 365 637 386 ΑΒ
673 365 778 386 ΑΝΝο
813 364 943 386 MCCCL
977 365 1108 393 USQUE
1143 365 1191 386 An
1227 365 1491 387 BENEDm'rUM
1526 367 1616 388 X111.
1975 357 2037 389 185

176 439 316 471 noxiam
349 439 541 471 novitatem
563 450 569 471 z
593 450 660 471 nos
682 438 846 471 volentes
877 450 988 483 super
1015 438 1082 471 hoc
1113 439 1209 471 dieto
1232 439 1407 483 Dyonisio
1439 440 1645 483 providere,
1674 440 1778 472 vobis
1801 441 1982 473 universis
2004 448 2038 473 et

177 505 334 550 singulis
365 517 428 549 per
454 505 652 549 apostoliea
685 505 816 549 scripta
846 505 1058 539 mandamus
1088 512 1266 549 quatenus
1296 505 1429 537 nullam
1461 506 1497 537 in
1528 518 1718 550 personam
1748 507 1831 539 dieti
1859 507 2035 551 Dyonisii,

176 571 386 615 hujusmodi
401 583 507 604 causa
524 571 718 616 pendente,
738 571 930 604 occasione
946 583 1010 603 seu
1028 578 1193 615 pretextu
1212 571 1389 603 dictorum
1408 571 1640 604 articulorum
1665 584 1729 604 sen
1747 573 2035 613 conclusionum,

178 638 344 682 injuriam
378 649 443 670 seu
471 637 665 670 novitatem
698 638 839 670 noxiam
868 644 1078 682 attemptare
1109 644 1167 670 aut
1197 644 1320 670 contra
1351 650 1431 670 eum
1463 638 1505 669 ad
1537 645 1711 670 arrestum
1744 651 1806 671 sen
1837 640 2035 683 raptionem

179 704 404 748 personalem
437 704 635 748 procedere
664 703 937 748 quomodolibet
968 704 1199 748 presumatis.
1228 705 1305 736 Dat.
1336 705 1448 736 Rome
1478 704 1571 748 apud
1600 705 1765 737 Sanctum
1798 707 1939 737 Petrum
1970 705 2037 737 kal.

177 771 349 811 Januarii,
372 770 602 815 pontificatus
622 771 737 803 nostri
763 782 857 803 anno
881 771 1047 815 septimo.

271 868 333 899 Reg.
350 868 408 891 Vnt.
426 868 504 890 Aven.
522 867 622 891 Urbani
636 868 664 895 V,
685 868 735 890 vol.
753 868 815 896 XXI,
834 868 878 891 sol.
894 868 933 890 31.

272 954 293 976 1,
311 953 445 983 Aymerico
463 953 494 976 de
514 953 668 984 Maigniaco,
687 953 728 976 cui
744 953 867 976 Urbanus
881 954 910 982 V,
928 953 1060 985 Stephano
1078 954 1110 976 ad
1129 954 1245 984 episcop.
1263 954 1346 977 Paris.
1364 962 1405 976 an.
1426 955 1494 981 1363,
1511 954 1571 977 Der.
1588 954 1625 983 1¹1,
1642 957 1770 984 promoto,
1788 955 1943 977 decanatum
1958 954 2042 977 Paris.

179 997 332 1020 reservavit.
347 997 397 1020 Sed
414 997 563 1028 Aymericus
579 997 783 1021 reservationem
796 998 921 1029 prosequi
937 1006 987 1020 non
1001 998 1112 1027 curavit,
1126 998 1214 1029 itaque
1229 1007 1363 1029 nunqnam
1380 998 1405 1020 in
1421 998 1587 1029 possessione
1603 999 1744 1021 decanatus
1758 998 1813 1027 suit,
1827 999 1871 1021 sed
1887 999 1944 1021 loro
1958 998 2043 1029 ipsius

179 1050 220 1065 nn.
236 1042 304 1069 1364,
322 1042 408 1064 Martii
429 1042 465 1070 18,
485 1041 635 1065 nominatus
650 1042 764 1065 Jacohus
781 1042 874 1065 Divitis
894 1042 954 1072 (vid.
972 1051 1053 1073 supra
1073 1047 1102 1065 n⁰
1122 1043 1188 1069 1227,
1206 1046 1258 1065 not.
1276 1044 1307 1072 2).
1329 1043 1482 1073 Aymericns
1500 1051 1542 1065 an.
1557 1036 1627 1069 ¹1:308,
1644 1046 1702 1066 ante
1719 1043 1850 1074 Septemb.
1868 1044 1906 1069 25.
1923 1044 1961 1072 (23
1970 1045 1997 1072 Ρ),
2016 1044 2045 1066 sit

179 1086 260 1117 episc.
277 1085 370 1114 Paris„
385 1086 434 1108 sub
446 1094 497 1117 qua
513 1086 638 1117 temporis
654 1089 715 1109 nota
730 1095 849 1109 camerae
861 1090 946 1117 apost.
963 1086 1085 1117 promisit
1100 1088 1160 1109 3500
1172 1088 1282 1109 florenos
1296 1087 1354 1109 auri
1371 1086 1457 1116 (Ar-ch.
1469 1087 1525 1109 Vnt.
1541 1087 1640 1117 Oblig.,
1656 1092 1684 1109 n⁰
1699 1088 1738 1112 36,
1752 1089 1768 1110 Γ.
1786 1087 1855 1110 16712.
1868 1088 1966 1110 Desunt
1980 1096 2043 1118 pro-

179 1130 314 1159 visiones).
335 1131 406 1161 Sept.
429 1131 457 1153 27
478 1130 571 1161 recipit
594 1130 726 1153 indultum
748 1131 952 1154 consecrationis
970 1131 1043 1162 (Reg.
1064 1132 1144 1154 Aven.
1168 1131 1232 1155 Urb.
1254 1132 1283 1157 V.
1300 1131 1350 1154 vol.
1368 1132 1431 1160 XIX,
1452 1133 1469 1154 s.
1482 1132 1546 1162 380).
1562 1132 1609 1154 An.
1629 1131 1697 1159 1383,
1715 1132 1836 1155 Decemh.
1857 1133 1896 1161 23,
1915 1132 1986 1155 card.
2004 1131 2045 1157 tit.

181 1175 207 1198 S.
223 1174 329 1198 Eusebii
346 1174 497 1203 (Contelori)
514 1178 539 1197 et
553 1174 618 1197 obiit
634 1175 701 1203 1385,
718 1175 807 1198 Martii
825 1176 861 1198 21.

186 1340 325 1377 1352.
349 1350 499 1376 Revocatio
511 1350 630 1386 publiea
648 1360 701 1386 per
716 1351 881 1385 Dionysium
898 1350 1071 1385 Foulleclzat,
1093 1350 1157 1376 Ord.
1178 1351 1257 1383 Min„
1281 1351 1405 1376 Parisiis
1425 1353 1507 1385 facta
1525 1350 1753 1385 propositionum
1764 1352 1828 1386 jam
1849 1355 2044 1377 revocaturum

268 1399 417 1432 Avenione,
436 1402 463 1424 et
479 1399 669 1432 quarumdam
684 1399 819 1425 aliarum.

1400 1450 1472 1478 7369.
1489 1449 1580 1481 aprilis
1594 1450 1630 1478 12,
1647 1450 1758 1475 Parisiis.

271 1532 377 1563 ltem¹
397 1544 477 1564 cum
495 1531 605 1564 debui
626 1533 829 1577 exponere²
848 1532 939 1565 dicta
958 1544 1035 1565 inea
1056 1533 1092 1564 in
1109 1532 1208 1564 curia
1226 1534 1382 1565 Romana
1400 1544 1518 1565 coram
1542 1533 1861 1565 reverendissimis
1884 1533 2046 1578 patribus

180 1597 338 1630 dominis
359 1598 604 1631 cardinalibus
625 1599 885 1631 Nelnausensi³
912 1605 947 1631 et
966 1598 1180 1637 Val)rensi³,
1208 1599 1331 1631 addidi
1354 1599 1626 1644 propositiones
1647 1611 1716 1643 que
1739 1606 1925 1641 secuntur,
1947 1600 2047 1633 vide-

180 1664 265 1697 licet
284 1664 382 1709 quod
398 1664 566 1698 Christus
587 1665 624 1697 in
645 1671 760 1698 morte
777 1677 841 1698 sua
858 1666 977 1698 omnia
999 1665 1214 1710 simpliciter
1229 1665 1419 1698 abdicavit.
1444 1667 1551 1698 Istam
1574 1672 1703 1710 reputo
1721 1672 1887 1710 tanquam
1908 1666 2047 1703 falsam,

181 1742 369 1764 erroneam
391 1738 426 1764 et
446 1731 654 1764 hereticam.

271 1799 380 1830 Item⁵
402 1798 474 1830 dixi
496 1798 593 1843 quod
615 1799 759 1843 quando
781 1810 914 1843 eorpus
940 1799 976 1831 in
1000 1798 1194 1843 sepulchro
1218 1799 1361 1839 mansit,
1384 1798 1434 1830 ibi
1455 1799 1584 1831 caritas
1605 1798 1754 1832 abstulit.
1775 1799 1818 1832 ab
1840 1812 1882 1832 eo
1904 1800 2046 1832 omnem

182 1864 438 1908 proprietatem
461 1871 495 1897 et
515 1865 727 1897 dominium.
750 1867 858 1898 Istam
880 1866 1046 1898 revocavi
1069 1872 1234 1910 tanquam
1256 1865 1394 1906 salsam,
1418 1877 1607 1898 erroneam
1629 1873 1665 1898 et
1684 1866 1890 1899 hereticam.

271 1931 359 1963 Item
382 1930 455 1963 dixi
476 1931 573 1976 quod
594 1938 679 1964 tunc
695 1932 833 1965 vacavit
853 1932 962 1964 sedes
982 1932 1166 1977 generalis
1187 1932 1332 1964 Domini
1353 1943 1469 1976 usque
1490 1932 1534 1964 ad
1556 1932 1649 1964 diem
1674 1933 1777 1965 istam
1796 1945 1802 1964 :
1827 1940 1865 1965 ut
1885 1934 2050 1978 sequitur

183 2008 224 2029 ex
245 1997 432 2041 predictis,
450 2009 515 2030 seu
532 1998 576 2030 ad
597 2009 744 2030 sensum
768 1998 1025 2042 predictarum.
1049 1998 1226 2031 Revocavi
1250 2005 1284 2030 et
1305 2010 1435 2031 revoco
1458 2005 1624 2043 tanquam
1646 1999 1769 2031 falsam
1793 2006 1825 2032 et
1848 2011 2048 2032 erroneam.

272 2064 359 2095 Item
382 2064 463 2108 quia
485 2064 596 2109 aliqui
618 2064 744 2097 dicunt
763 2065 860 2109 quod
887 2064 959 2097 dixi
986 2065 1021 2097 in
1044 2065 1204 2110 predicta
1227 2064 1482 2104 declaratione,
1506 2065 1622 2110 primo
1645 2066 1742 2110 quod
1768 2065 1825 2098 lex
1846 2067 1992 2107 amoris,
2014 2067 2051 2099 id

183 2136 238 2162 est
257 2130 400 2171 caritas,
423 2142 492 2174 que
514 2137 643 2163 statum
666 2131 864 2175 perfeetum
886 2131 981 2171 facit,
1005 2138 1059 2164 est
1086 2131 1341 2176 inseparabilis
1362 2143 1380 2164 a
1402 2131 1508 2164 nobis
1530 2138 1565 2164 et
1586 2132 1683 2176 quod
1704 2132 1880 2177 loquebar
1900 2133 1944 2166 de
1966 2134 2050 2166 cari-

184 2202 253 2228 tate
275 2196 351 2229 sive
373 2196 417 2229 de
439 2196 520 2242 lege
537 2197 683 2238 amoris,
703 2209 744 2230 ex
765 2199 869 2242 cujus
887 2197 1142 2231 observatione
1164 2198 1454 2242 uniuscujusque
1477 2205 1590 2231 status
1612 2200 1786 2243 perfectio
1808 2207 2048 2238 mensuratur,

184 2262 367 2306 loquendo
396 2263 439 2295 de
472 2263 694 2308 perfectione
726 2264 909 2296 meritoria
936 2271 971 2296 et.
1000 2265 1036 2296 in
1064 2264 1210 2297 homine
1233 2276 1336 2297 usum
1367 2265 1517 2297 rationis
1545 2264 1716 2306 habente,
1747 2266 1921 2307 secundo,
1954 2267 2051 2310 quod

183 2328 334 2362 cuilibet
362 2336 526 2362 creature
557 2330 721 2363 rationali
752 2330 818 2363 hec
849 2330 907 2363 lex
936 2337 992 2363 est
1019 2331 1149 2371 indita,
1178 2331 1304 2372 tercio,
1328 2331 1425 2375 quod
1454 2332 1655 2364 secundum
1686 2332 1776 2365 hanc
1807 2333 1925 2377 legem
1955 2334 2052 2365 Deus

183 2395 271 2428 vivit
293 2407 299 2428 z
322 2395 402 2428 illas
424 2397 694 2441 propositiones
716 2409 789 2429 non
810 2397 919 2430 credo
941 2410 997 2430 me
1020 2398 1168 2438 dixisse,
1194 2410 1313 2442 neque
1338 2398 1423 2438 dixi,
1447 2398 1528 2442 quia
1550 2398 1630 2430 illas
1658 2406 1784 2443 reputo
1806 2399 1926 2440 falsas,
1952 2411 2051 2432 erro-

185 2473 271 2494 neas
292 2469 327 2494 et
346 2461 539 2495 hereticas.
564 2463 747 2496 Predictas
768 2470 884 2496 autem
908 2465 1180 2508 propositiones
1203 2476 1266 2509 per
1287 2476 1342 2496 me
1365 2470 1550 2497 revocatas
1571 2464 1711 2509 abjuro,
1734 2472 1768 2497 et
1788 2466 1969 2510 promitto,
1993 2478 2052 2498 eas

185 2528 354 2561 decetero
392 2541 458 2562 nec
486 2536 610 2562 tenere
641 2542 706 2563 nec
735 2530 977 2575 dogmatizare
1005 2531 1149 2575 publice
1177 2531 1234 2564 vel
1265 2530 1417 2563 occulte.
1451 2532 1494 2563 Et
1520 2531 1658 2563 veniam
1692 2532 1801 2576 petivi
1829 2539 1863 2564 et
1897 2539 1976 2576 peto
2008 2533 2051 2564 de

185 2595 404 2628 commissis.

278 2692 346 2715 Bibl.
365 2693 508 2716 Autissiod.
527 2702 576 2716 ms.
593 2695 637 2716 243
654 2695 738 2723 (antea
758 2696 822 2724 206),
841 2695 886 2718 fol.
903 2696 942 2725 87,
962 2695 1012 2718 sub
1029 2694 1152 2717 rubrica:
1171 2704 1182 2716 τ(
1202 2694 1340 2717 Revocatio
1358 2694 1486 2717 dictorum
1498 2696 1507 2711 Γ·
1525 2694 1696 2717 articulorum
1713 2698 1737 2716 et
1753 2695 1925 2725 quorumdam
1942 2695 2051 2717 aliorum

186 2738 253 2759 sucta
265 2745 311 2767 per
326 2737 437 2760 eundem
454 2737 601 2760 Dionixium
617 2738 641 2761 in
658 2739 881 2769 disputationibus
899 2739 1061 2762 solemnibus
1077 2739 1138 2770 [ms.
1151 2747 1159 2762 .·
1173 2737 1362 2769 solut-ionibus]
1380 2739 1484 2769 publice
1503 2739 1528 2761 in
1540 2739 1651 2761 ecclesia
1668 2739 1862 2762 l'rrdirntoruin
1880 2739 1994 2762 lun—isius<
2011 2748 2052 2762 nn.

186 2780 260 2803 Dom.
279 2781 302 2803 M
314 2781 374 2804 CCC
386 2783 425 2810 69,
444 2781 485 2804 die
496 2782 565 2812 jovis
584 2786 644 2813 post
661 2783 746 2809 Quasi
762 2785 840 2807 modo
861 2784 892 2806 de
909 2784 1033 2806 mandato
1050 2783 1261 2806 reverendissimi
1279 2782 1304 2805 in
1323 2783 1427 2805 Christo
1443 2783 1527 2813 putris
1544 2786 1569 2805 et
1586 2783 1683 2805 domini
1707 2783 1806 2805 domini
1829 2783 1955 2806 Jolinnnis
1971 2783 2031 2813 [ms.
2046 2790 2055 2806 .·

187 2833 197 2845 α
215 2824 263 2854 Ny.
278 2825 301 2856 n]
317 2825 460 2848 cardinalis
474 2826 626 2850 Belvacens.
640 2827 815 2850 commissarii
832 2828 864 2850 ad
880 2828 927 2850 hoc
944 2836 991 2858 per
1007 2828 1094 2851 sedem
1111 2827 1283 2858 apostolicam
1295 2827 1413 2857 deputati
1430 2836 1452 2849 υ.
1470 2828 1506 2849 lta
1525 2830 1661 2857 praeterea
1680 2827 1737 2850 Bul.
1757 2828 1796 2852 lv.
1814 2828 1857 2849 424
1871 2835 1874 2853 ;
1890 2827 2055 2856 D'Argvntre,

188 2868 253 2892 Coll.
266 2869 340 2898 jud..
356 2870 375 2896 Ι,
392 2871 446 2892 386.
459 2870 619 2901 Glasberger
635 2871 660 2893 in
674 2879 722 2893 sua
739 2872 876 2896 Chronica
890 2872 969 2895 etiam
984 2872 1084 2900 scribit,
1102 2871 1254 2902 Dionys-inin
1269 2880 1279 2892 α
1295 2871 1364 2893 circa
1381 2871 1443 2893 haec
1460 2874 1579 2901 tempora
1596 2881 1604 2891 υ
1618 2874 1736 2893 venetum
1753 2880 1809 2893 csse
1825 2879 1945 2893 rrum-are
1961 2870 2054 2899 (Amal.

188 2912 344 2940 Francis-e,
362 2914 394 2941 ΙΙ,
411 2914 474 2942 203).

313 2960 362 2976 *Η
380 2958 471 2982 Chart.
497 2958 572 2982 Univ.
591 2958 685 2983 Paris.
704 2959 749 2982 lll.
1902 2959 1930 2980 24
