2488 3386
475 347 539 379 314
1049 350 1366 375 CHARTULAmuM
1402 348 1590 371 umvnns.
1627 347 1756 370 mnis.
2233 331 2331 368 [1383

481 466 620 504 1476.
643 475 690 501 Ad
708 475 875 500 instantiam
896 473 1093 500 Universitatis
1108 472 1201 498 Paris.
1220 479 1326 496 necnon
1349 469 1549 503 magistrorum
1571 468 1650 494 Petri
1670 467 1779 501 Julian,
1798 467 1826 493 in
1847 465 1943 500 theol„
1961 466 2040 492 Petri
2054 465 2140 499 Regis
2155 464 2331 491 decretorum

564 524 762 558 magistrorum
783 527 809 549 et
829 523 982 556 doctorum,
1000 525 1027 547 et
1044 520 1180 547 Gnidonis
1205 519 1319 545 Guerini
1338 519 1367 544 in
1389 517 1500 551 medic„
1524 517 1666 543 Dominici
1689 516 1775 542 Par-ri
1797 515 1825 541 in
1848 518 1903 541 art.
1927 515 2137 549 magistrorum,
2162 513 2331 539 Guillermus

563 573 682 608 Laloyer
694 576 812 608 propter
826 575 919 597 certas
938 570 1087 596 violentias
1107 573 1134 595 et
1153 569 1274 604 rapinas
1290 571 1388 593 contra
1414 566 1629 592 Universitatem
1645 564 1747 591 illatas
1768 565 1797 590 ἱη
1816 564 1996 590 Par-lamenti
2011 563 2092 589 curia
2108 562 2149 588 ad
2163 571 2331 598 comparen-

561 621 627 647 dum
645 621 837 657 personaliter
850 620 907 654 fuit
922 619 1101 654 adjornatns,
1120 618 1169 653 qui
1182 621 1275 642 tamen
1291 617 1394 642 iterato
1413 624 1467 640 non
1488 615 1568 640 venit.
1595 614 1680 639 Curia
1698 613 1898 649 pronunciavit
1914 612 1942 638 in
1957 614 2083 647 favorem
2099 615 2235 638 actorum.
2259 611 2330 638 Pro—

561 670 732 696 nuntiatum
746 670 792 696 die
807 669 901 702 prIma
916 668 1022 698 Marcii,
1039 675 1116 693 anno
1131 666 1307 699 octogesimo
1321 664 1457 691 secundo.
1950 661 2079 688 GRANGE.

565 789 641 813 Arch.
660 792 713 813 nat.
729 788 811 812 Puris.
828 788 874 811 ΧΗ·
885 787 914 810 32
930 786 1043 817 (Juye's),
1060 786 1105 809 sol.
1121 784 1190 808 13212.
1708 747 1784 777 '383⁷
1798 748 1882 773 uam!
1899 747 1917 776 L
1933 747 2046 775 Pari-wls.

476 955 615 992 1477.
638 962 775 997 Aegidius
794 962 828 987 de
842 962 1046 996 Asperomonte
1062 959 1090 985 in
1107 963 1243 985 rectorem
1262 957 1377 984 electus.
1396 957 1497 982 Nuntii
1512 956 1552 982 ad
1567 965 1669 991 regem.
1687 955 1808 982 Botulus
1824 955 1966 982 secundus
1987 955 2186 982 Universitatis
2208 954 2248 981 ad
2268 954 2331 981 Cle-

559 1016 675 1038 mentem
698 1013 748 1037 Vll
760 1011 871 1036 111issus.

1414 1042 1486 1071 1382,
1503 1041 1656 1067 Decembris
1671 1041 1793 1070 16-1383.
1809 1041 1897 1067 Martii
1906 1041 1950 1070 24,
1966 1041 2079 1067 Parisiis.

557 1136 661 1168 Anno
683 1134 827 1166 Domini
857 1134 952 1174 1382,
975 1132 1032 1164 die
1058 1132 1136 1176 xvj¹
1165 1131 1301 1163 mensis
1331 1129 1557 1170 Decembris,
1586 1129 1654 1162 fuit
1678 1128 1817 1162 electus
1838 1128 2069 1161 concorditer
2088 1127 2145 1161 via
2172 1127 2329 1172 Spiritus

468 1202 588 1238 Sancti
609 1202 646 1234 in
669 1207 844 1233 rectorem
867 1198 1121 1232 Universitatis
1141 1197 1360 1231 Parisiensis
1382 1196 1535 1242 Egidius
1557 1196 1601 1229 de
1626 1196 1768 1241 Aspero
1790 1196 1914 1228 Monte
1935 1194 2126 1228 Remensis
2147 1194 2328 1240 dyocesis,

468 1269 528 1314 qui
554 1267 662 1300 multa
691 1266 816 1299 habuit
841 1277 949 1311 agere
979 1266 1016 1298 in
1046 1277 1109 1298 sua
1140 1264 1307 1306 rectoria,
1340 1264 1423 1309 quia
1452 1270 1537 1296 tunc
1568 1262 1795 1296 Universitas
1825 1262 1950 1307 sepius
1980 1261 2110 1295 adivit²
2141 1273 2264 1307 regem
2295 1267 2331 1294 et

466 1335 633 1368 dominos
654 1334 765 1366 duces
787 1333 829 1365 ad
852 1332 1128 1377 supplicandum
1150 1343 1214 1376 pro
1236 1331 1310 1363 illis
1332 1330 1376 1363 de
1396 1329 1493 1371 villa,
1513 1329 1574 1374 qui
1595 1335 1698 1362 erant
1717 1329 1754 1361 in
1774 1329 1925 1361 maxima
1946 1328 2151 1361 turbatione
2172 1334 2208 1361 et
2227 1327 2331 1361 afflic-

466 1402 576 1442 tione,
595 1406 629 1433 et
649 1400 752 1432 etiam
775 1411 839 1444 pro
863 1399 954 1431 facto
978 1398 1246 1440 Universitatis,
1264 1397 1346 1442 quia
1367 1396 1478 1441 aliqui
1498 1395 1676 1441 magistri,
1694 1395 1854 1429 scolares
1872 1402 1907 1428 et
1927 1395 2125 1428 servitores
2142 1393 2330 1428 Universi-

467 1467 548 1500 tatis
568 1467 714 1499 fuerunt
742 1465 902 1510 impositi
931 1464 974 1497 ad
1002 1471 1115 1497 taxam
1143 1476 1223 1497 cum
1251 1463 1324 1496 illis
1355 1463 1398 1496 de
1429 1462 1526 1504 villa,
1558 1462 1624 1495 sed
1651 1461 1878 1495 Universitas
1907 1461 2065 1494 obtinuit
2093 1460 2191 1506 quod
2217 1459 2329 1493 nichil

468 1532 684 1567 solverent&

557 1600 644 1632 Item
675 1598 711 1630 in
737 1597 889 1630 rectoria
916 1597 1032 1642 ipsius
1061 1597 1202 1630 rotulus
1230 1596 1297 1629 fuit
1326 1595 1460 1629 missus
1488 1595 1531 1628 ad
1553 1595 1792 1637 Clementem,
1814 1594 1876 1640 qui
1900 1595 2017 1628 fuerat
2043 1593 2240 1627 conclusus
2265 1604 2330 1639 per

470 1666 577 1699 alium
599 1673 774 1698 rectorem
786 1665 809 1696 Β.

561 1772 626 1795 Mus.
643 1771 760 1795 Britann.
777 1779 825 1794 ms.
839 1770 900 1794 add.
916 1770 999 1799 17:304,
1017 1770 1062 1794 rol.
1076 1770 1146 1794 149¹).
1161 1783 1191 1787 -
1205 1770 1328 1798 Bulaeus,
1343 1770 1384 1799 lv,
1403 1770 1458 1793 592.

562 1870 585 1892 1.
603 1869 651 1892 Ms.
663 1875 818 1899 perperam:
833 1875 843 1890 α
860 1873 905 1891 xxx
921 1875 942 1895 »‚
954 1867 1012 1890 Bul.
1027 1874 1033 1890 t
1051 1874 1062 1890 α
1079 1867 1108 1890 15
1119 1874 1145 1895 »ς
1162 1867 1208 1890 sed
1222 1866 1276 1890 vid.
1292 1866 1352 1891 Lib.
1367 1873 1443 1897 proc.
1455 1871 1515 1891 παι.
1529 1866 1639 1897 Anylic.
1656 1866 1682 1889 in
1697 1867 1780 1891 Λασι-
1796 1865 1923 1890 Charzul.
1942 1865 2064 1890 Univers.
2079 1865 2098 1888 Ι.
2110 1878 2138 1882 -
2154 1865 2178 1888 2.
2195 1863 2328 1896 Imprimis

470 1922 512 1939 an,
526 1914 596 1942 1383,
611 1913 718 1936 Jununr.
738 1913 776 1942 12,
792 1912 965 1935 deliberatum
981 1911 1030 1934 fuit
1045 1911 1148 1934 nuntios
1165 1911 1294 1934 solemnes
1310 1911 1343 1934 ud
1359 1919 1447 1943 regem
1463 1911 1603 1934 mittendos
1618 1919 1667 1942 pro
1684 1910 1762 1934 certis
1781 1910 1910 1939 articulis,
1931 1909 1975 1941 qui
1995 1909 2120 1941 leguntur
2134 1909 2159 1932 in
2178 1908 2237 1933 Lib.
2252 1915 2328 1939 proc.

469 1962 529 1982 nat.
545 1957 630 1987 Anyl.
647 1957 708 1987 (vid.
727 1959 846 1980 Auctar.
862 1956 985 1981 chartul.
1001 1956 1134 1982 Univers.,
1148 1956 1166 1984 I,
1183 1956 1216 1978 ud
1229 1955 1255 1979 h.
1270 1957 1333 1985 nn.).
1349 1956 1414 1979 Cum
1430 1959 1529 1979 rectore
1543 1956 1596 1987 (qui
1608 1957 1699 1986 supra)
1713 1955 1910 1978 excellentiores
1926 1954 2046 1977 doctores
2064 1957 2089 1977 et
2104 1952 2225 1985 magistri
2240 1960 2328 1984 regem

471 2002 592 2025 adierunt
604 2009 714 2032 eumque
731 2001 764 2023 ud
781 2000 946 2023 clementiam
960 2000 1083 2023 inducere
1098 2000 1183 2022 conati
1199 2003 1261 2023 sunt
1273 2000 1335 2029 (vid.
1361 2000 1462 2024 θὴν-οη.
1482 2001 1522 2024 du
1542 2001 1593 2024 rel.
1612 2001 1646 2024 de
1661 2000 1690 2024 S.
1706 2000 1809 2030 Denys,
1828 1999 1869 2022 ed.
1885 1999 2032 2030 Bellaguet,
2055 1998 2074 2026 I,
2092 1998 2157 2028 238).
2175 1997 2247 2021 Tunc
2262 2000 2328 2020 tem·
2346 1992 2349 1994 ’

468 2046 541 2078 poris
557 2046 631 2069 multi
647 2053 707 2076 rege
723 2042 830 2076 jubente
845 2044 937 2067 ultimo
955 2044 1086 2075 supplicio
1107 2044 1197 2067 traditi
1212 2047 1282 2073 sunt,
1298 2044 1365 2067 inter
1385 2053 1428 2067 eos
1447 2044 1554 2076 quidam
1569 2044 1658 2067 clerici
1673 2044 1761 2072 etium,
1778 2052 1890 2075 quorum
1911 2043 1989 2071 bona,
2006 2042 2121 2065 indebite
2140 2044 2268 2074 occupatu
2281 2049 2330 2073 per

470 2094 559 2121 gentes
582 2090 661 2121 regis,
685 2090 718 2112 ud
741 2089 822 2120 epiSC.
843 2088 927 2112 Puris.
945 2088 1121 2119 pertinebant.
1145 2088 1252 2112 Ratione
1272 2088 1470 2119 compositionis
1493 2092 1550 2111 octo
1575 2089 1658 2111 millia
1681 2090 1831 2111 francorum
1855 2087 1979 2119 episcopo
1999 2087 2102 2110 tradere
2123 2086 2263 2115 debebunt,
2283 2085 2329 2109 ned

468 2143 510 2158 un.
526 2135 595 2163 1383,
611 2134 730 2157 Decemb.
747 2134 785 2162 24,
804 2134 919 2156 nondum
935 2133 957 2156 is
971 2136 1116 2164 acceperat,
1133 2136 1161 2155 ut
1176 2136 1286 2164 apparet
1301 2141 1314 2156 e
1329 2134 1393 2164 Reg.
1409 2135 1488 2156 Aven.
1510 2134 1591 2156 Clem.
1610 2134 1665 2162 Vll,
1682 2134 1734 2157 vol.
1751 2133 1838 2162 xxm,
1855 2133 1899 2156 fol.
1917 2133 1954 2155 73.
1970 2145 2002 2149 —
2015 2132 2039 2155 3.
2056 2131 2112 2155 Vid.
2128 2131 2186 2155 Lib.
2199 2137 2288 2161 proc„
2303 2133 2330 2154 et

469 2179 545 2205 infru,
561 2183 589 2201 n⁰
601 2179 671 2201 1479.
682 2192 710 2195 —
724 2179 748 2202 [ι.
763 2178 798 2201 De
813 2177 863 2200 isto
876 2178 961 2200 rotulo
975 2177 1027 2200 vid.
1040 2185 1120 2208 supra
1133 2181 1161 2200 n0
1173 2178 1240 2205 1471«,
1253 2181 1306 2200 not.
1321 2178 1457 2200 Februarii
1472 2179 1510 2206 24,
1525 2178 1640 2202 nn.1383
1655 2177 1802 2207 (Jourdnin,
1814 2186 1841 2208 p.
1859 2177 1912 2206 179,
1929 2179 1982 2199 not.
1999 2176 2021 2203 2,
2036 2182 2193 2207 perperam:
2211 2183 2223 2198 α
2235 2175 2295 2198 1384
2305 2176 2327 2205 n)

471 2223 568 2246 nuntiis
584 2222 663 2245 rotuli
679 2222 711 2245 nd
729 2222 887 2246 Clementem
908 2222 953 2244 Vll
970 2221 1157 2252 injungebatur
1172 2225 1307 2252 praestare
1326 2222 1403 2244 solitu
1420 2222 1578 2253 juramenta,
1596 2225 1621 2245 et
1640 2222 1756 2245 rotulum
1775 2229 1864 2244 secum
1879 2223 2030 2252 apportare,
2046 2223 2072 2243 et
2087 2223 2148 2243 tunc
2164 2218 2235 2242 natio
2250 2218 2329 2242 etium

470 2267 612 2298 Anglicann
626 2266 709 2289 noluit
721 2266 898 2289 contradicere
912 2266 980 2295 (Lib.
989 2272 1066 2296 proc.
1080 2270 1141 2290 nat.
1153 2266 1261 2296 Anylic.
1275 2266 1301 2288 in
1313 2268 1424 2290 Auctar
1437 2267 1575 2294 chartul„
1590 2267 1619 2296 Ι).
1631 2266 1742 2290 Rotulus
1754 2253 1940 2289 Universitatis
1952 2264 2079 2288 Clementi
2090 2265 2135 2287 Vll
2145 2266 2329 2295 praesentatus

470 2314 510 2334 est
526 2319 585 2333 cum
609 2310 783 2333 declaratione
798 2310 983 2333 Universitatis
999 2318 1041 2333 an.
1058 2310 1127 2339 1383,
1144 2310 1219 2333 Febr.
1239 2311 1252 2333 3
1268 2314 1293 2333 et
1307 2311 1336 2333 ‘26
1352 2312 1428 2339 sacta,
1446 2314 1471 2334 et
1493 2311 1560 2334 inter
1580 2310 1686 2334 nuntios
1702 2310 1849 2334 invenimus
1870 2318 1941 2341 mag.
1960 2309 2107 2332 Johunnem
2128 2307 2248 2337 Goulein,
2264 2307 2327 2331 Ord.

469 2355 580 2379 Carmel.
597 2355 659 2384 (vid.
682 2355 750 2377 infra
770 2354 884 2378 rotulum
907 2358 936 2377 n⁰
956 2355 1034 2384 1538),
1050 2363 1080 2377 ex
1101 2358 1175 2385 purte
1196 2363 1256 2377 vero
1273 2358 1326 2378 nat.
1347 2355 1506 2386 Anglicnnue
1526 2355 1656 2379 Andreum
1676 2355 1708 2378 de
1728 2354 1845 2378 Trebi-on
1866 2354 1906 2383 (de
1922 2362 1973 2385 quo
1991 2361 2073 2384 supra
2087 2361 2115 2384 p.
2135 2353 2199 2383 269),
2217 2352 2328 2376 electum

469 2407 509 2422 an.
528 2399 596 2427 1382,
614 2399 733 2422 Decemb.
750 2399 778 2422 14
795 2398 857 2428 (vid.
876 2401 994 2423 Auctar.
1011 2398 1159 2428 Cliartul.).

473 2563 613 2600 1478.
637 2581 651 2597 <1
661 2572 797 2605 Difflnitio
805 2572 893 2608 plura
907 2572 1052 2598 continens
1068 2572 1102 2599 de
1112 2576 1191 2607 facto
1203 2573 1316 2609 collegii
1328 2574 1546 2608 [Cluniacensff
1560 2575 1747 2610 Par-islensis,
1757 2577 1840 2610 facta
1853 2583 1928 2600 anno
1939 2573 2053 2600 Domini
2063 2574 2105 2598 Μ0
2119 2573 2221 2598 coemo
2232 2574 2327 2598 octua-

555 2623 662 2658 gesimo
679 2623 771 2649 tertio.
789 2633 804 2649 >›

1678 2663 1752 2693 1383.
1768 2663 1859 2695 Aprilis
1875 2662 1912 2692 12.
1928 2661 2042 2687 cluniaci.

556 2746 645 2788 Quin
675 2746 764 2778 sama
794 2745 938 2790 publica
969 2746 1161 2779 refferente
1191 2754 1226 2780 et
1254 2747 1397 2780 demum
1433 2761 1543 2794 super
1571 2750 1638 2783 hoc
1673 2751 1834 2796 legitima
1869 2748 2130 2783 informacione
2159 2747 2250 2782 facta
2283 2745 2327 2778 ad

468 2818 630 2844 nostrum
653 2812 811 2844 auditum
834 2812 1010 2856 pervenit,
1033 2813 1129 2857 quod
1159 2813 1195 2845 in
1220 2813 1376 2859 collegio
1398 2815 1631 2849 Cluniacensi
1658 2817 1852 2850 scolarium
1880 2816 2075 2849 Parisiens.
2103 2811 2326 2847 studentium

466 2879 613 2911 suerunt
638 2884 673 2910 et
701 2884 786 2910 sunt
812 2878 977 2910 nonnulli
1005 2878 1169 2924 religiosi
1190 2880 1422 2914 indoctibiles
1451 2894 1514 2915 sen
1545 2883 1708 2917 adiscere
1737 2896 1809 2916 non
1835 2890 2016 2924 curanteS,
2039 2881 2100 2927 qui
2126 2880 2221 2913 bona
2242 2878 2326 2912 reli-

590 2937 629 2958 40.
