2488 3386
452 353 517 385 634
1028 357 1345 380 annTuLAmUM
1380 355 1569 378 UNIVERS.
1607 355 1735 377 mnis.
2217 341 2316 377 [1394

457 463 578 500 1691
589 492 596 499 .
620 471 814 498 Mediantibus
826 480 840 496 ι(
853 470 999 496 cardinali
1010 470 1045 496 de
1056 471 1137 495 Luna
1147 479 1162 495 »
1172 469 1329 504 ceterisque
1343 468 1478 494 Clementi
1492 467 1720 502 Vllfaventibus,
1737 466 1930 493 cancellarius
1942 465 2097 492 Franciae⁴
2113 465 2224 492 nomine
2239 465 2315 500 regis

539 521 614 546 dixit
627 520 773 556 deputatis
796 519 994 546 Universitatis
1010 518 1194 545 redeuntibus
1211 526 1303 552 regem
1315 516 1495 553 propositum
1509 525 1591 542 suum
1607 517 1768 550 mutavisse,
1787 515 1918 542 inhibens
1938 515 2025 541 etiam
2045 515 2219 540 auctoritate
2234 515 2315 549 regia

538 579 572 595 ne
587 569 720 605 deinceps
734 577 796 595 eam
812 568 962 594 materiam
977 568 1102 604 amplius
1114 570 1323 603 promovet-en&
1340 565 1455 591 tandem
1469 565 1619 600 subjunxit
1632 565 1707 601 quod
1722 557 1814 591 etnec
1829 564 1938 590 alicubi
1955 564 2068 590 litteras
2083 563 2124 589 ad
2134 563 2315 599 propositum

540 618 735 653 transmissas,
754 618 811 643 nisi
826 617 883 653 ipsi
895 618 978 653 prius
995 616 1118 651 oblatas,
1137 616 1309 651 reciperent;
1329 614 1416 640 aliter
1432 614 1609 649 offenderent
1623 615 1731 649 regiam
1743 617 1925 650 potestatem.
1947 612 2152 648 Cancellarius,
2171 621 2232 638 cum
2247 621 2314 648 sup-

536 666 712 703 plicantibus
726 666 785 692 illis
803 675 857 692 non
871 666 1061 700 mitigaretur,
1078 665 1214 699 allegavit
1233 664 1332 690 ducem
1350 663 1482 690 Bituriae
1498 667 1563 689 tunc
1584 663 1730 689 absentem
1746 663 1830 699 hujus
1855 662 1963 689 decreti
1973 662 2163 698 praecipuum
2179 661 2315 688 consilia-

537 716 610 741 rium
622 715 746 750 fuisse²5
761 715 859 751 itaque
873 715 1005 749 magistri
1020 714 1046 740 ei
1061 714 1196 740 dixerunt
1211 722 1241 739 se
1255 711 1411 739 statuisse-‘²
1423 721 1442 738 a
1456 712 1634 747 lectionibus,
1649 712 1920 749 praedicationibus
1936 715 1963 737 et
1977 720 1995 737 a
2011 710 2119 736 cunctis
2131 710 2314 736 scholasticis

539 764 650 790 actibus
664 773 786 799 cessare,
802 764 890 790 donec
899 764 988 799 justis
1003 763 1189 799 petitionibus
1205 762 1367 788 assentiret.

1529 811 1604 840 1394.
1619 811 1682 837 dum
1691 810 1850 843 25-Au9usti
1861 811 1900 840 15,
1915 809 2028 836 ΡανῘεῘῘε.

543 898 645 922 chron.
661 898 701 921 du
718 896 767 920 rel.
788 897 821 920 de
836 896 1031 926 Saint-Denys,
1050 895 1082 924 11,
1097 895 1151 923 182,
1169 895 1222 918 1814.
1238 908 1267 912 -
1284 895 1337 917 Hoc
1353 894 1439 918 evenit
1451 897 1512 926 post
1525 894 1579 918 Jul.
1596 895 1633 922 17,
1652 897 1681 918 ut
1697 903 1727 918 ex
1741 894 1854 925 epistola
1869 893 2036 925 praecedenti
2051 893 2201 925 edocemur,
2216 892 2243 915 in
2261 900 2313 923 qun

449 941 612 965 Universitas
628 944 741 968 enarrat,
758 940 893 963 inimicum
909 940 1042 963 hominem
1059 950 1072 961 «
1092 941 1190 963 frustra
1205 949 1218 960 υ
1233 942 1349 962 tentasse
1365 942 1390 962 et
1409 942 1531 962 conatum
1551 947 1609 962 esse
1628 942 1656 962 ut
1678 948 1689 962 «
1708 947 1788 970 super
1805 938 1854 962 hac
1876 938 1987 961 materia
2005 940 2163 969 perpetuum
2180 936 2313 960 silentium

448 986 618 1010 Universitati
635 985 814 1016 imponeretur
830 993 851 1011 »‚
874 984 1067 1015 subjungendo,
1082 984 1201 1015 dignam
1216 984 1364 1014 repulsam
1383 983 1518 1008 retulisse.
1539 983 1704 1015 Proindeque
1718 983 1783 1007 Julii
1805 984 1834 1007 17
1856 982 2021 1006 Universitus
2043 982 2159 1005 nondum
2176 981 2312 1013 repulsam

447 1030 545 1053 retulit.
568 1030 618 1053 Sed
638 1038 684 1052 nec
701 1033 760 1052 ante
782 1029 845 1052 Julii
868 1030 897 1052 25
919 1029 967 1052 hoc
989 1028 1083 1052 evenit.
1107 1029 1193 1059 Supra
1215 1028 1284 1051 enim
1305 1027 1479 1051 cancellarius
1497 1028 1622 1051 Froncine
1641 1027 1773 1059 prohibet,
1796 1035 1828 1050 ne
1847 1026 2012 1051 Universitas
2037 1026 2135 1049 alicubi
2153 1026 2256 1050 litteras
2278 1026 2311 1048 ad

446 1074 611 1105 propositum
627 1074 798 1096 transmissus
811 1073 862 1096 nisi
878 1073 929 1104 ipsi
945 1073 1020 1104 prius
1036 1073 1139 1096 oblutus
1154 1072 1272 1104 recipiat.
1289 1073 1321 1095 Et
1333 1075 1362 1095 ut
1376 1081 1389 1095 e
1404 1076 1433 1095 n⁰
1449 1073 1509 1095 1694
1524 1075 1645 1105 apparet,
1661 1072 1834 1096 Universitati
1850 1080 1902 1095 non
1917 1071 1993 1095 licuit
2004 1070 2083 1094 etium
2098 1070 2158 1094 uliis
2173 1069 2312 1094 Universi-

446 1118 553 1148 tatibus,
569 1118 719 1149 irrequisito
735 1126 804 1148 rege,
822 1117 945 1141 scribere.
963 1117 1014 1141 Sed
1029 1117 1093 1140 Julii
1109 1118 1138 1140 25
1151 1117 1254 1148 aliquus
1270 1116 1397 1148 epistolas
1413 1120 1558 1148 receperat.
1571 1117 1645 1140 Tunc
1660 1117 1729 1140 enim
1744 1116 1863 1140 bedellus
1879 1115 2066 1140 Universitutis
2080 1115 2170 1138 Colon.
2184 1122 2244 1138 cum
2256 1114 2313 1146 epi-

445 1163 512 1186 stola
531 1162 647 1194 ejusdcm
669 1162 778 1185 Parisiis
793 1162 947 1185 morabatur
968 1161 1031 1191 (vid.
1047 1163 1166 1186 Auctar.
1184 1161 1325 1190 Chartul.‚
1340 1161 1359 1190 l,
1375 1169 1402 1192 p.
1419 1162 1473 1191 692,
1491 1161 1539 1191 14),
1556 1164 1581 1185 et
1601 1161 1766 1185 Universitus
1782 1161 1867 1184 Paris.
1882 1168 2040 1192 responsum
2056 1159 2140 1188 dedit;
2157 1159 2227 1182 circa
2241 1158 2311 1182 idem

445 1215 547 1238 quoque
561 1209 664 1237 tempus
680 1206 792 1237 epistola
807 1206 924 1237 Philippi
940 1206 971 1230 de
984 1207 1097 1236 Aleneon
1113 1205 1228 1230 advenit.
1244 1206 1345 1230 Postea
1362 1213 1426 1237 ergo
1440 1209 1544 1229 tantum
1559 1205 1725 1229 Universitus
1745 1205 1881 1237 repulsam
1897 1213 1911 1228 u
1926 1204 2084 1228 cancellario
2099 1203 2224 1227 Franciae
2239 1203 2309 1232 tulit,

443 1255 510 1275 certe
523 1254 610 1274 tamen
623 1254 682 1274 unte
696 1251 810 1274 medium
825 1251 946 1281 Augusti.
962 1251 1060 1274 Deinde
1071 1259 1086 1274 a
1098 1250 1255 1274 lectionibus
1270 1250 1394 1274 cessavit.
1409 1251 1543 1282 Septemb.
1559 1251 1588 1273 23
1603 1259 1648 1274 rex
1660 1250 1866 1274 Universitatcm
1880 1249 2026 1280 redarguit,
2040 1257 2087 1272 cur
2100 1252 2180 1273 tanto
2191 1252 2311 1279 tempore

443 1305 456 1319 a
469 1295 633 1319 scholasticis
646 1295 748 1318 actibus
763 1298 921 1319 cessaverat.
936 1295 1048 1325 Scimus,
1062 1295 1239 1327 quadraginta
1255 1295 1347 1318 diebus
1361 1303 1375 1318 a
1385 1295 1543 1318 lectionibus
1559 1304 1663 1319 cessare
1677 1295 1796 1327 potuisse
1809 1295 1871 1325 (vid.
1888 1297 2005 1319 Auctar.
2023 1293 2163 1322 Chartul.,
2175 1293 2195 1323 Ι,
2211 1301 2238 1324 p.
2253 1293 2308 1321 666,

443 1341 470 1363 17
487 1341 564 1371 sqq.).
586 1341 708 1363 Fortasse
722 1348 770 1371 per
784 1343 886 1363 tantum
902 1340 1029 1371 temporis
1045 1340 1161 1371 spatium
1177 1343 1238 1363 tunc
1251 1342 1410 1368 cessaverat,
1425 1339 1442 1363 i.
1458 1348 1480 1363 e.
1496 1348 1510 1363 a
1526 1340 1612 1364 medio
1627 1340 1748 1371 Augusti.

534 1425 556 1448 1.
573 1424 703 1447 Arnuldus
719 1425 750 1447 de
765 1424 867 1447 Cot-bic.
884 1424 940 1447 Vid.
959 1429 987 1447 n0
1002 1424 1072 1453 1676,
1085 1427 1139 1448 not.
1155 1438 1184 1443 —
1198 1426 1221 1448 2.
1237 1425 1371 1448 Mensibus
1387 1425 1459 1449 Junii
1474 1428 1500 1449 et
1514 1425 1578 1449 Julii
1595 1425 1685 1448 vivum
1700 1423 1886 1447 commercium
1901 1423 1969 1446 inter
1982 1422 2156 1446 camerarium
2171 1425 2197 1446 et
2210 1429 2309 1453 papam

443 1469 623 1493 observamus.
637 1469 695 1492 vid.
708 1470 845 1493 Addenda
859 1469 892 1492 nd
904 1473 954 1492 num
965 1470 1033 1493 1681.
1045 1483 1076 1487 -
1088 1470 1111 1493 3.
1123 1468 1142 1493 1.
1154 1478 1177 1494 e.
1193 1473 1343 1493 statuerunt
1351 1470 1407 1501 jum
1420 1474 1496 1494 antea
1511 1470 1538 1493 in
1549 1469 1664 1501 quadam
1676 1468 1890 1500 congreg-atione,
1901 1467 1923 1491 si
1933 1475 1996 1491 cusu
2007 1467 2141 1499 repulsam
2152 1466 2307 1498 reciperent.

443 1513 606 1537 imminentia
621 1517 821 1545 prospexerunt.

449 1618 753 1654 1692..lol1annes
774 1635 825 1652 rex
841 1627 1006 1661 Aragoniae
1022 1636 1037 1652 ‹
1054 1627 1243 1654 cancellar-[0⁴
1264 1632 1291 1654 et
1309 1629 1421 1663 rectori,
1440 1629 1595 1663 magistris,
1617 1627 1790 1661 doctoribus,
1809 1626 1988 1653 baccalareis
2005 1635 2039 1652 ac
2055 1626 2107 1652 toti
2127 1625 2309 1651 Universitati

531 1676 625 1701 Paris.
641 1675 731 1701 studii
745 1685 759 1701 >›
770 1676 870 1701 scribit
885 1684 988 1711 eosque
1000 1680 1082 1711 rogat
1094 1676 1178 1702 velint
1190 1686 1273 1703 suam
1288 1677 1323 1703 de
1334 1677 1464 1704 sedando
1478 1677 1636 1704 Schismate
1646 1677 1817 1703 sententiam
1834 1676 1890 1712 ipsi
1899 1684 1951 1711 per
1964 1675 2077 1701 litteras
2090 1674 2307 1701 communicare.

1655 1767 1732 1797 1394,
1749 1766 1861 1799 Augusti,
1879 1765 2023 1791 Barcinone.

537 1852 589 1875 Hoc
609 1852 692 1875 solum
716 1855 841 1875 annotare
866 1852 907 1875 hic
931 1853 1055 1882 sufficiat,
1076 1862 1134 1877 cum
1157 1854 1234 1878 istam
1255 1855 1395 1886 epistolam
1415 1855 1534 1887 aliasque
1554 1855 1671 1887 ejusdem
1686 1855 1756 1886 regis
1773 1854 1806 1878 ad
1821 1853 2026 1878 Universitatem
2045 1855 2107 1884 post
2123 1855 2233 1875 mortem
2248 1851 2307 1875 Cle—

444 1896 536 1919 mentis
553 1896 665 1919 directas
683 1905 742 1919 cum
755 1897 889 1927 responsis
906 1897 1092 1921 universitatis
1106 1899 1138 1921 ad
1156 1902 1217 1923 tom.
1237 1900 1270 1922 IV
1286 1900 1416 1924 Chartul.
1434 1900 1541 1931 rejicere
1556 1900 1639 1923 coacti
1656 1900 1748 1923 simus.

536 1981 558 2005 1.
576 1981 605 2003 In
621 1989 670 2005 ms.
688 1981 774 2009 14643,
796 1981 838 2004 sol.
860 1981 913 2009 26‘2,
932 1981 1000 2005 inter
1014 1982 1096 2006 lineus
1113 1983 1218 2007 additur
1234 1992 1239 2007 ⁴.
1257 1995 1269 2005 «
1286 1985 1378 2008 Deficit
1399 1985 1587 2008 cancellarium
1609 1984 1787 2016 preponendo,
1801 1992 1860 2015 ymo
1876 1991 1922 2007 nec
1936 1982 2072 2006 consuevit
2086 1981 2184 2013 apponi
2202 1979 2306 2012 quando

443 2024 568 2047 scribitur
580 2025 752 2049 Universitati
770 2035 793 2048 n.

449 2137 587 2174 1693.
611 2147 742 2173 «Littera
758 2147 890 2173 iterativa
908 2149 1113 2185 Universitatis,
1130 2160 1183 2186 qne
1198 2151 1351 2186 dirigenda
1364 2154 1463 2186 fuerat
1478 2152 1620 2187 Clementi,
1635 2151 1750 2188 qnando
1760 2151 1864 2177 audita
1878 2153 1996 2185 fuerunt
2005 2158 2076 2175 nova
2086 2148 2122 2175 de
2136 2151 2223 2174 morte
2234 2147 2304 2183 ejus,

532 2204 585 2230 qne
600 2200 642 2221 est
657 2205 743 2231 snper
760 2196 856 2222 eodem
875 2198 954 2231 facto
971 2202 997 2223 et
1011 2208 1098 2234 super
1119 2200 1226 2226 verbali
1245 2202 1429 2237 responsione
1446 2201 1596 2237 predicta;
1621 2201 1673 2227 sed
1693 2210 1748 2227 non
1762 2201 1820 2235 fuit
1839 2200 1929 2225 missa
1946 2199 1980 2225 ob
1997 2198 2077 2224 illam
2093 2206 2219 2232 causam,
2238 2195 2307 2232 quia

534 2244 695 2271 immediate
707 2249 775 2280 post
789 2247 1047 2282 congregacionem,
1067 2248 1094 2274 in
1108 2258 1166 2284 qua
1182 2249 1298 2285 [littere]
1314 2252 1432 2285 fuerant
1447 2250 1526 2286 lecte,
1546 2250 1647 2276 habita
1660 2254 1726 2276 sunt
1741 2258 1812 2276 nova
1827 2249 1862 2275 de
1876 2249 1937 2284 ejas
1953 2251 2050 2274 morte⁴
2063 2256 2078 2272 »

1589 2341 1664 2370 7394.
1681 2339 1839 2372 Septembris
1851 2339 1895 2368 22,
1910 2337 2024 2363 Parisiis.

536 2421 662 2453 Paucis
683 2421 825 2463 abhinc⁷
854 2430 951 2467 pater
972 2424 1196 2468 beatissime,
1219 2427 1349 2461 diebus
1371 2429 1506 2462 exactis
1526 2428 1634 2462 nobis
1663 2428 1700 2461 in
1730 2433 1885 2460 mentem
1906 2431 2054 2459 venerat
2083 2434 2193 2468 super
2223 2433 2307 2467 pro-

448 2486 603 2518 curanda
625 2499 710 2531 pace
732 2488 893 2521 desolate
910 2491 983 2534 jam
1004 2492 1139 2525 tamdiu
1161 2505 1226 2538 per
1242 2494 1310 2527 hoc
1330 2495 1441 2528 ferale
1463 2496 1593 2528 scisma
1609 2494 1780 2534 ecclesie,
1797 2491 2013 2526 beatitudini
2028 2496 2149 2524 vestre
2169 2488 2308 2522 litteras

447 2553 636 2585 ortatorias
667 2553 861 2596 scribere',
885 2558 1071 2591 nonnullis
1098 2559 1141 2592 ad
1169 2560 1205 2593 id
1232 2562 1414 2606 agendum
1435 2569 1470 2595 et
1490 2562 1665 2607 legitimis
1693 2561 1737 2594 de
1767 2559 1887 2593 causis
1907 2556 2138 2603 urgentibus,
2161 2566 2250 2601 quas
2270 2554 2308 2587 in

448 2618 578 2651 litteris
599 2619 737 2652 eisdem
759 2623 1017 2665 expressimus.
1042 2626 1085 2658 Et
1103 2626 1220 2659 visum
1242 2628 1349 2661 nobis
1369 2629 1486 2662 suerat
1505 2627 1617 2661 nichil
1644 2639 1712 2660 nos
1737 2626 1889 2672 aggredi
1917 2636 2027 2670 posse
2048 2622 2145 2669 quod
2170 2628 2206 2655 et
2232 2622 2311 2654 Deo

451 2685 650 2730 placentius
671 2698 710 2718 ac
736 2687 854 2719 meriti
875 2689 1042 2724 celsioris
1064 2700 1173 2735 esset,
1201 2695 1300 2739 quod
1327 2702 1361 2728 et
1387 2695 1506 2728 laudis
1532 2694 1719 2740 amplioris
1745 2700 1781 2726 et
1806 2693 1958 2733 fructus,
1986 2690 2084 2736 quod
2113 2689 2248 2723 mundo
2274 2694 2310 2721 et

450 2751 619 2784 fidelibus
647 2753 829 2786 universis
860 2757 1029 2799 optatius,
1056 2760 1153 2802 quod
1182 2760 1340 2806 denique
1368 2762 1486 2795 eidem
1519 2761 1698 2795 sanctitati
1727 2766 1848 2794 vestre
1878 2758 2018 2804 gratius
2046 2769 2128 2790 esse
2159 2755 2310 2789 deberet

448 2824 553 2862 atque
574 2819 770 2863 acceptius,
798 2831 901 2864 quam
924 2822 954 2854 si
982 2823 1025 2856 ad
1052 2824 1142 2858 hanc
1164 2827 1335 2860 unionem
1358 2828 1621 2862 sanctissimam
1644 2834 1716 2860 tum
1740 2828 1841 2872 juxta
1865 2825 1982 2859 nostri
2003 2823 2141 2857 moduli
2166 2811 2309 2868 porcio-

450 2896 529 2916 nem
551 2896 615 2929 per
631 2896 697 2917 nos
718 2885 830 2930 ipsos,
851 2893 922 2919 tum
941 2890 1037 2933 quod
1059 2893 1173 2924 nostri
1193 2894 1379 2938 proprium
1398 2901 1452 2928 est
1468 2894 1577 2928 officii
1597 2901 1740 2927 ceteros
1756 2893 1800 2926 ad
1821 2892 1983 2926 eamdem
2004 2902 2079 2924 rem
2101 2887 2308 2922 inducendo

569 2942 609 2965 80.
