2488 3386
1224 478 1581 545 ADDENDA'

1384 612 1420 630 ET

1191 696 1615 750 GORRIGENDA

1275 891 1339 924 AD
1364 891 1477 925 TORL
1504 892 1532 924 L

475 1003 540 1035 Pag.
556 1010 599 1036 71,
612 1007 645 1027 11Ο
663 1010 703 1030 12,
718 1002 779 1026 not.
798 1001 937 1026 Trachalus
950 1001 1044 1025 contra
1059 999 1241 1025 Amaurianos
1255 999 1317 1025 msti
1341 999 1405 1025 1301
1429 999 1501 1024 Bibl.
1522 999 1652 1026 Trecens.
1669 1007 1751 1025 nunc
1764 999 1860 1025 editus
1879 1000 1921 1025 est
1935 1007 1952 1025 a
1966 999 2138 1029 Baeumker‚
2154 999 2207 1025 Εἰη
2225 999 2341 1026 Traktal

562 1058 646 1084 yeyen
661 1050 703 1075 die
718 1049 917 1075 Amalricianer
929 1048 1116 1082 (Paderborn,
1136 1048 1224 1083 1893).
1240 1049 1350 1074 Auctor
1365 1049 1504 1074 tractatus
1519 1048 1712 1074 verisimiliter
1724 1049 1766 1074 est
1781 1048 1946 1074 Garnerius.

475 1100 503 1125 P.
521 1099 630 1133 449,110
646 1098 706 1133 409.
726 1098 846 1123 111Β11)1.
868 1099 928 1123 nat.
946 1097 1044 1126 Paris,
1066 1104 1119 1122 ms.
1143 1097 1193 1122 lat.
1216 1105 1295 1131 907¹·
1317 1097 1366 1123 fol.
1390 1106 1419 1122 11
1443 1099 1471 1123 et
1494 1106 1522 1122 11
1549 1096 1595 1126 Μ’,
1612 1098 1704 1123 exstat
1727 1097 1963 1123 instrumentum
1985 1097 2150 1123 membran.
2170 1096 2338 1130 religatum.

561 1147 641 1180 quod
653 1147 783 1173 continet
798 1146 992 1179 Responsiones
1006 1145 1199 1180 magistrorum
1217 1145 1334 1171 ηαίίοηίε
1349 1145 1529 1172 Picardorum
1546 1146 1582 1172 ad
1595 1145 1758 1180 yravamina
1773 1146 1875 1172 tradita
1889 1153 1926 1172 etc
1937 1147 2020 1179 parte
2034 1145 2209 1172 Gallicorum.
2223 1145 2340 1171 Instru-

562 1197 698 1221 mentum
714 1203 853 1221 coaevum
867 1195 898 1220 in
914 1195 1047 1228 margine
1067 1194 1182 1220 sinistro
1197 1195 1338 1220 vetustate
1355 1202 1506 1221 corrosum
1522 1196 1573 1224 est.
1589 1195 1629 1220 ita
1644 1196 1679 1221 ut
1697 1194 1827 1228 plurima
1844 1195 1930 1221 verba
1949 1195 1981 1220 in
1995 1194 2113 1221 diversis
2132 1194 2215 1220 lineis
2233 1193 2341 1223 desint.

562 1246 590 1271 et
610 1244 767 1271 sententiae
786 1252 868 1277 saepe
888 1243 1073 1276 imperfectae
1091 1245 1120 1269 et
1139 1243 1448 1276 incomprehensibiles
1468 1243 1639 1270 reddantur.
1662 1243 1862 1270 Verisimiliter
1876 1243 1912 1270 ad
1927 1251 1975 1269 an.
1999 1243 2076 1272 1266.
2091 1244 2120 1269 et
2135 1243 2258 1277 quidem
2271 1243 2341 1269 ante

562 1293 637 1327 Aug.
655 1302 697 1327 27·
715 1293 849 1326 pertinet.
866 1292 948 1318 Certe
961 1294 1026 1325 post
1040 1300 1087 1318 an.
1107 1292 1183 1322 1264,
1205 1292 1296 1326 April.
1314 1292 1358 1322 26,
1374 1292 1572 1326 compositum
1590 1294 1642 1323 est,
1664 1300 1734 1318 nam
1750 1293 1804 1319 hae
1819 1292 2019 1326 responsiones
2038 1292 2075 1318 ad
2095 1292 2245 1318 Simonem
2260 1291 2340 1318 card.

562 1343 691 1375 legatum
707 1342 886 1375 diriguntur,
903 1341 955 1374 qui
970 1341 1065 1366 solum
1078 1349 1125 1366 an.
1144 1341 1220 1370 1264,
1238 1341 1328 1374 April.
1344 1341 1387 1370 26.
1403 1341 1440 1367 ab
1450 1342 1567 1367 Urbano
1578 1341 1613 1367 IV
1627 1343 1661 1367 ut
1675 1342 1788 1375 legatus
1802 1341 1833 1367 in
1848 1341 2001 1368 Franciam
2011 1341 2116 1367 missus
2125 1342 2168 1367 est
2177 1340 2257 1375 (Reg.
2274 1339 2338 1367 Vat.

563 1391 631 1416 Urh.
652 1390 697 1419 IV,
715 1396 748 1415 11ῡ
766 1390 809 1419 28.
831 1398 896 1423 epp.
918 1389 1055 1422 401-403),
1077 1390 1167 1423 April.
1194 1389 1227 1415 30
1248 1390 1384 1416 nondum
1403 1390 1435 1416 in
1457 1390 1576 1416 Francia
1595 1391 1651 1416 fuit
1670 1390 1763 1424 (ibid.,
1784 1398 1851 1424 epp.
1873 1390 1934 1420 440,
1958 1390 2031 1425 441),
2052 1392 2081 1416 et
2100 1390 2165 1416 Maii
2185 1389 2200 1415 3
2219 1390 2340 1416 tantum

561 1440 710 1465 facultates
724 1439 809 1472 legati
825 1439 931 1472 recepit
946 1438 1040 1473 (11)1(1.,
1056 1446 1121 1472 epp.
1140 1438 1265 1468 Ani-[140.
1285 1439 1425 1468 Potthast.
1441 1439 1482 1465 nis
1501 1439 1585 1465 18866
1601 1439 1688 1474 sqq.).
1703 1439 1779 1465 Cum
1793 1440 1847 1466 hae
1866 1439 2066 1473 responsiones
2080 1446 2171 1472 paene
2184 1438 2260 1464 nihil
2271 1436 2341 1464 novi

561 1489 597 1514 ad
612 1496 653 1517 ea,
670 1496 745 1521 quae
759 1495 774 1513 e
794 1492 826 1513 n⁰
846 1488 895 1522 409
908 1488 970 1521 jam
992 1487 1108 1517 scimus,
1128 1487 1285 1518 adducant,
1302 1488 1488 1522 superfluum
1511 1488 1711 1514 existimamus
1730 1496 1776 1515 eas
1795 1488 1843 1514 hic
1859 1488 2012 1518 adducere,
2035 1488 2219 1522 proindeque
2235 1494 2282 1514 eas
2301 1485 2338 1512 ad

561 1538 652 1563 finem
666 1537 764 1562 ultimi
780 1537 835 1563 vol.
850 1536 1020 1563 Chartularii
1035 1537 1191 1570 rejicimus.

1265 1625 1327 1657 AD
1358 1624 1548 1658 TOM.1L

475 1732 504 1757 P.
523 1731 579 1757 XV.
597 1731 637 1757 De
652 1731 784 1757 Johanne
798 1731 833 1757 de
848 1731 948 1757 Calore
963 1733 991 1757 ct
1005 1732 1120 1758 duobus
1135 1732 1325 1765 sequentibus
1337 1732 1513 1758 cancellariis
1528 1732 1585 1759 vid.
1602 1733 1648 1763 ΙΙΙ,
1666 1732 1708 1758 nis
1726 1732 1803 1762 1460,
1823 1731 1899 1761 1461.

476 1781 505 1805 P.
521 1780 564 1809 33,
581 1781 645 1813 post
658 1784 714 1805 nutu
731 1780 781 1814 559
797 1780 966 1806 inserendus
982 1784 1028 1805 11⁰⁵
1040 1781 1114 1815 559⁰,
1127 1781 1280 1807 continens
1290 1781 1421 1807 Lilleram
1435 1781 1548 1807 rectoris
1563 1783 1588 1807 el
1598 1783 1810 1815 procuratorum
1827 1781 1951 1807 Univers.
1962 1781 2066 1811 Paris..
2083 1781 2194 1806 missam
2206 1780 2301 1807 abbati
2315 1781 2341 1807 et

563 1829 703 1854 conventui
724 1829 802 1854 Becci
821 1830 914 1854 contra
932 1829 1074 1863 quemdam
1095 1830 1255 1855 monachum
1275 1830 1361 1860 Becci,
1383 1838 1460 1864 quae
1478 1831 1628 1856 invenitur
1647 1830 1678 1856 in
1698 1830 1772 1856 Bibl.
1788 1831 1848 1856 nat.
1870 1829 1968 1859 Paris..
1986 1829 2070 1855 fonds
2084 1829 2211 1859 Moreau.
2227 1834 2262 1854 11ο
2276 1828 2339 1859 626,

563 1877 611 1903 fol.
629 1877 672 1912 93,
684 1879 712 1903 et
727 1877 792 1903 data
812 1879 853 1903 est
868 1886 913 1903 an.
932 1878 1008 1918 ¹²89ae
1026 1878 1137 1912 infesto
1154 1880 1181 1905 S.
1198 1879 1275 1905 Petri
1291 1879 1326 1905 ad
1342 1880 1448 1905 vincula
1465 1879 1546 1914 (Auy.
1571 1879 1604 1914 1).
1624 1890 1638 1903 «
1653 1880 1757 1906 Rector
1772 1880 1801 1905 et
1815 1880 2018 1913 procuratores
2032 1877 2231 1904 Universitatis
2251 1877 2339 1904 Paris.

563 1926 707 1959 ceterique
722 1926 852 1959 magistri
867 1928 995 1959 quatuor
1015 1927 1171 1953 nationum
1191 1929 1357 1961 regentium
1381 1929 1504 1954 Parisius
1523 1929 1554 1954 111
1575 1928 1742 1954 liberalium
1762 1928 1872 1954 artium
1889 1928 2055 1954 facultate»
2071 1928 2240 1961 queruntur
2260 1926 2340 1961 apud

563 1975 715 2001 Ymerium
734 1975 870 2001 abbatem
889 1977 917 2001 et
936 1978 1115 2002 conventum
1137 1977 1218 2003 Becci
1238 1977 1367 2003 Helluini
1383 1977 1419 2004 de
1443 1978 1575 2011 quodam
1597 1977 1753 2007 monacho,
1779 1976 1938 2003 camerario
1962 1977 2133 2006 conventus,
2156 1976 2209 2010 qui
2231 1975 2361 2013 multas„

562 2024 724 2050 atrocitates
741 2024 826 2049 alicui
846 2024 967 2050 scholari
989 2035 1002 2048 α
1017 2032 1109 2058 puero
1123 2026 1272 2052 innocenti
1287 2037 1300 2050 υ
1316 2027 1464 2055 attulerat.
1487 2028 1515 2053 et
1535 2034 1626 2060 quem
1646 2026 1794 2056 nondum,
1810 2026 1876 2052 licet
1890 2025 1992 2052 iterate
2006 2025 2124 2055 moniti,
2139 2025 2340 2054 correxerunt,

562 2072 654 2098 immo
669 2073 813 2106 quaedam
829 2072 860 2098 in
875 2073 1071 2099 l‘niversitatis
1084 2074 1230 2100 damnum
1245 2077 1469 2108 attemptarunt.
1485 2075 1575 2109 Cujus
1590 2075 1703 2109 generis
1719 2075 1883 2101 atrocitates
1902 2074 1960 2100 sint
1973 2082 2034 2100 non
2049 2075 2196 2100 narratur.
2211 2073 2271 2100 Fol.
2290 2072 2339 2099 105

563 2122 653 2147 exstat
676 2129 848 2154 responsum
865 2121 975 2147 abbatis
994 2124 1022 2148 et
1043 2125 1213 2153 conventus,
1235 2124 1433 2154 turbatorum,
1451 2125 1502 2158 qui
1524 2125 1714 2154 confitentur,
1738 2131 1767 2150 se
1786 2123 1885 2150 exiisse
1908 2123 1944 2149 de
1968 2122 2168 2152 Universitate,
2191 2123 2227 2148 ut
2246 2129 2264 2148 a
2281 2121 2340 2148 sole

563 2169 669 2199 radius,
688 2171 723 2195 ut
745 2178 761 2196 a
781 2171 860 2196 fonte
875 2171 995 2200 rivulus,
1009 2171 1045 2197 ab
1060 2172 1161 2198 arbore
1175 2173 1353 2202 ramunculi,
1370 2181 1386 2199 a
1405 2173 1550 2207 lapidibus
1570 2173 1687 2207 lapides.
1708 2173 1746 2199 Ne
1769 2173 1969 2206 praesumant,
1986 2179 2014 2198 se
2037 2171 2148 2205 aliquid
2171 2172 2273 2197 contra
2291 2177 2340 2197 eos

563 2219 764 2251 attemptasse;
786 2226 823 2244 ne
840 2219 897 2244 sint
916 2219 1004 2245 nimis
1024 2220 1144 2246 creduli.
1167 2221 1223 2246 Pax
1243 2222 1306 2254 jam
1326 2221 1459 2248 restituta
1478 2223 1529 2247 est.
1554 2237 1590 2241 —-
1606 2222 1647 2247 Ex
1664 2222 1708 2247 his
1723 2221 1786 2255 jam
1810 2222 1931 2254 apparet
1952 2220 2139 2246 solummodo
2158 2219 2244 2245 verba
2261 2219 2340 2245 inter

566 2274 655 2292 uncos
672 2267 782 2293 inclusa
800 2267 923 2301 alicujus
944 2269 1088 2294 momenti
1112 2277 1180 2299 0550,
1204 2270 1327 2296 minime
1345 2271 1535 2304 epistolarum
1560 2272 1704 2301 tenorem.
1726 2270 1779 2304 qui
1797 2270 1828 2296 in
1848 2269 1968 2296 historia
1990 2268 2189 2295 Universitatis
2209 2275 2292 2301 saepe
2310 2269 2340 2294 et

564 2315 754 2341 diversimode
769 2317 904 2342 occurrit.

478 2363 507 2388 P.
525 2363 567 2392 86,
585 2370 617 2388 nu
633 2363 694 2393 615,
711 2366 763 2389 not
780 2373 802 2389 1.
823 2365 948 2391 Libellus
962 2366 1082 2391 Arnaldi
1105 2367 1141 2392 de
1160 2367 1308 2394 Villanova
1328 2370 1367 2394 De
1383 2369 1499 2394 adventu
1522 2368 1684 2394 Antichristi
1703 2369 1794 2394 exstat
1815 2367 1905 2394 etiam
1923 2366 1955 2392 in
1974 2366 2046 2392 Bibl.
2062 2365 2202 2399 Burghes.
2225 2370 2260 2390 11ο
2275 2364 2337 2394 205.

567 2412 614 2437 sol.
632 2412 675 2442 26,
693 2413 743 2438 ubi
757 2413 905 2447 inscriptio
920 2422 925 2439 2
946 2416 1087 2441 Tractatus
1098 2416 1130 2441 de
1145 2417 1374 2443 consummatione
1387 2417 1480 2443 seculi.

479 2460 508 2485 P.
523 2460 581 2489 143,
594 2466 626 2485 nss
638 2460 698 2486 681.
716 2462 913 2487 Instrumenta
927 2463 963 2488 de
977 2464 1221 2491 condemnatione
1232 2466 1401 2499 Margaritae
1414 2467 1514 2492 Porete
1524 2466 1555 2492 in
1568 2466 1654 2492 Arch.
1667 2467 1727 2491 nat.
1740 2466 1764 2491 J.
1779 2465 1839 2494 428.
1852 2463 2014 2490 Consilium
2025 2463 2236 2496 magistrorum
2245 2462 2336 2489 theol.

566 2509 650 2534 Paris.
663 2517 709 2534 an.
734 2510 809 2544 1309,
827 2511 916 2544 April.
936 2520 976 2541 11,
990 2512 1024 2538 de
1035 2513 1108 2539 libro
1121 2514 1252 2546 ejusdem
1262 2515 1376 2540 editum
1387 2516 1429 2540 est
1443 2523 1459 2540 a
1469 2514 1522 2540 Ch.
1535 2515 1567 2540 V.
1581 2515 1714 2548 Langlois
1728 2514 1759 2540 in
1770 2515 1859 2540 Revue
1873 2513 2033 2546 hisiorique,
2046 2513 2067 2537 t.
2081 2512 2149 2541 LIV,
2161 2519 2190 2545 p.
2203 2511 2336 2546 296—297.

565 2557 689 2589 Magistri
705 2558 865 2591 theologisse
883 2562 1054 2592 praesentes,
1075 2569 1090 2587 a
1112 2562 1269 2589 Guillelmo
1290 2564 1375 2589 Paris.
1393 2563 1462 2589 Ord.
1477 2564 1588 2593 Praed.‚
1606 2563 1788 2597 inquisitore,
1812 2562 1926 2588 vocati:
1951 2561 2061 2594 symon
2083 2560 2129 2595 [de
2150 2557 2338 2594 Guibervilla]

565 2606 700 2635 decanus,
712 2607 835 2632 Thomas
848 2608 882 2633 dc
898 2609 1039 2638 Bailliaco,
1052 2610 1226 2637 Guillelmus
1237 2612 1392 2638 Alexandri
1407 2614 1436 2638 et
1450 2613 1597 2638 Johannes
1609 2612 1644 2638 de
1658 2612 1805 2641 Gandavo,
1818 2610 1949 2637 canonici
1960 2609 2059 2639 Paris,
2072 2610 2174 2635 Petrus
2183 2609 2219 2635 de
2230 2608 2257 2634 S.
2272 2608 2339 2635 Dio-

566 2654 656 2687 nysio,
666 2655 808 2680 Gerardus
819 2656 854 2681 de
866 2656 891 2681 S.
905 2657 1026 2687 Victore,
1037 2658 1159 2685 Jacobus
1170 2659 1215 2694 [de
1225 2660 1364 2696 Thermis]
1377 2661 1464 2687 abbas
1475 2661 1634 2690 Caroliloci,
1648 2660 1793 2686 Gerardus
1805 2658 1851 2694 [de
1863 2657 2001 2693 Bononia]
2013 2658 2179 2687 Carmenta,
2191 2657 2339 2684 Johannes

565 2702 600 2728 de
616 2703 758 2732 Poilliaco,
774 2704 945 2730 Laurentius
960 2706 1006 2737 [de
1026 2707 1182 2743 Pollengio]
1198 2709 1277 2742 prior
1292 2710 1378 2735 Vallis
1394 2709 1564 2740 Scolarium‚
1583 2709 1745 2735 Alexander
1759 2708 1805 2741 [de
1822 2708 1848 2734 S.
1865 2706 1999 2742 Elpidio].
2016 2707 2158 2733 Henricus
2173 2705 2312 2740 (Lanylois
2328 2714 2337 2731 .-

565 2751 725 2777 Alexander
740 2752 840 2786 Henr.)
855 2753 1028 2780 Teutonicus
1044 2757 1073 2781 et
1092 2756 1247 2789 Gregorius
1262 2758 1297 2784 de
1319 2759 1405 2788 Luca,
1428 2757 1539 2793 [omnes
1553 2757 1618 2793 tres]
1639 2757 1709 2783 Ord.
1727 2757 1842 2783 Herem.
1865 2756 1892 2782 S.
1907 2756 1994 2789 Aug..
2017 2756 2164 2782 Johannes
2183 2755 2220 2791 de
2240 2754 2338 2780 Monte

565 2799 590 2825 S.
606 2799 698 2832 Eligii,
715 2800 885 2833 Radulphus
899 2802 934 2827 de
950 2803 1056 2833 Iloitol.
1074 2805 1262 2838 Berengarius
1277 2805 1321 2841 [de
1337 2807 1495 2840 Landorra]
1510 2807 1578 2833 Ord.
1597 2807 1691 2835 Pred.¹
1708 2806 1855 2832 Johannes
1870 2805 1905 2831 de
1920 2805 2137 2834 Claromarisco,
2153 2803 2283 2829 Nicolaus
2301 2802 2338 2829 de

567 2848 630 2873 Lira
645 2850 673 2874 et
687 2848 809 2874 Jacobus
823 2849 858 2874 (10
873 2850 1010 2883 Esquilio,
1027 2852 1095 2878 Ord.
1108 2854 1188 2884 Min,
1204 2855 1327 2881 Jacobus
1343 2855 1388 2890 [de
1403 2855 1510 2890 Furno]
1523 2856 1638 2882 Cisterc.
1651 2857 1679 2881 et
1694 2855 1822 2888 Rogerus
1833 2854 1868 2880 de
1880 2855 1994 2880 Roseto.
2007 2868 2041 2872 ——
2053 2853 2159 2879 Omnia
2171 2852 2225 2878 ista
2239 2860 2270 2877 21
2286 2843 2336 2878 no—

566 2897 655 2926 mina,
670 2905 744 2930 quae
755 2897 888 2924 clarssatis
901 2899 991 2931 gratia
1002 2908 1053 2926 nos
1071 2901 1123 2934 ipsi
1139 2903 1346 2936 supplevimus,
1359 2905 1552 2930 inveniuntur
1562 2904 1650 2930 etiam
1664 2904 1695 2930 in
1708 2905 1779 2930 tom.
1796 2904 1820 2929 11
1835 2903 1958 2930 Chartul.
1976 2903 2089 2936 praeter
2101 2901 2167 2927 Joh.
2183 2901 2219 2927 de
2235 2900 2336 2926 Claro-
