2488 3386
206 315 301 353 1379]
972 330 1018 351 m:
1056 329 1295 351 SCIHSMATE.
2003 319 2065 351 569

203 404 352 445 bratam,
382 404 541 449 prefatus
564 404 733 437 dominus
761 410 879 437 rector
900 404 936 436 in
965 404 1147 449 presentia
1169 404 1326 435 omnium
1350 410 1383 435 et
1413 403 1639 448 singulorum
1670 404 1896 436 dominorum
1931 403 2064 435 ibidem

205 471 435 504 existentium
458 471 661 516 proposuit,
689 470 786 515 quod
813 470 856 503 de
878 482 972 503 novo
995 471 1112 503 dictus
1135 470 1304 502 dominus
1332 476 1457 502 noster
1478 481 1538 502 rex
1566 470 1635 502 sibi
1666 477 1700 502 et
1720 470 1952 503 Universitati
1979 470 2066 502 alias

206 549 291 570 suas
312 537 400 570 certi
428 537 566 570 tenoris
592 537 730 570 litteras
756 549 820 581 per
841 544 977 569 certum
1001 549 1104 570 suum
1128 536 1320 581 specialem
1349 536 1518 568 nuncium
1546 536 1690 569 miserat
1721 544 1754 569 et
1782 549 1841 569 eas
1870 543 2066 581 receperat,

207 615 295 648 quas
318 616 387 636 una
408 616 487 636 cum
510 604 636 648 primis
658 603 789 636 litteris
811 603 923 648 regiis
945 603 1161 648 preinsertis
1182 602 1290 635 michi
1314 602 1516 635 Guillermo
1539 602 1632 634 dicte
1655 603 1907 635 l'niversitatis
1929 603 2067 635 notario

206 670 447 715 apperiendas
469 676 502 702 et
523 670 698 715 legendas
720 670 878 710 tradidit7
902 670 1063 714 porrexit
1083 682 1147 702 seu
1166 669 1269 701 etiam
1292 669 1507 713 assignavit3
1532 681 1664 713 easque
1684 670 1820 713 aperui7
1839 669 1911 714 legi
1933 677 1965 701 et
1987 681 2066 713 per-

207 736 280 782 legi
301 736 369 769 alta
389 748 478 770 voce
500 743 535 769 et
561 736 785 781 intelligibili
815 748 854 769 ac
881 736 984 769 etiam
1013 736 1057 769 de
1083 736 1262 776 mandato,
1286 735 1470 768 voluntate
1492 742 1526 767 et
1550 747 1703 768 assensu
1725 736 1808 768 dicti
1836 736 1970 768 domini
1993 747 2068 767 rec-

207 803 309 836 toris.
334 804 377 836 Et
397 803 564 847 primitus
586 810 621 836 et
641 809 721 835 ante
744 803 863 835 omnia
884 803 1012 848 prefati
1034 803 1183 838 domini,
1209 802 1377 835 videlicet
1398 809 1517 834 rector
1538 808 1571 834 et
1597 802 1732 846 singuli
1762 802 1924 847 magistri
1946 802 2070 846 singu-

207 869 320 902 larum
348 869 532 902 nationum
560 876 595 902 et
624 869 829 902 facultatum
858 870 1031 902 facientes
1059 869 1182 902 nobile
1210 869 1403 913 collegium
1436 868 1530 901 dicte
1557 868 1811 901 Universitatis
1841 868 2068 908 Parisiensis‚

207 936 379 968 lecturam
398 936 639 980 predictarum
658 936 871 977 litterarum,
891 936 934 969 de
953 935 1085 981 quibus
1102 943 1207 968 tenor
1223 948 1262 968 su
1271 936 1393 980 perius
1410 935 1454 967 de
1470 934 1582 968 verbo
1599 935 1642 967 ad
1659 934 1808 967 verbum
1827 941 1880 967 est
1898 935 2070 975 insertus7

208 1002 342 1035 habere
369 1002 575 1040 voluerunt,
610 1015 715 1047 quam
743 1003 881 1035 eisdem
917 1003 998 1035 feci.
1031 1003 1187 1045 Quarum
1220 1002 1366 1047 quidem
1396 1002 1596 1034 litterarum
1627 1002 1864 1034 secundarum
1895 1008 1998 1034 tenor
2029 1001 2072 1033 de

208 1069 320 1102 verbo
343 1069 386 1102 ad
406 1069 556 1102 verbum
580 1070 744 1114 sequitur
766 1076 799 1102 et
820 1076 873 1102 est
894 1069 975 1102 talis
994 1081 1000 1101 t

299 1159 414 1185 Dilectis
421 1159 444 1176 '2²
460 1159 564 1185 nostris
579 1160 683 1185 rectori
698 1161 726 1185 et
742 1159 886 1192 magistris
900 1159 959 1185 filie
975 1161 1071 1185 nostre
1087 1159 1282 1185 Universitatis
1298 1159 1459 1185 Parisiensis
1473 1167 1507 1184 ex
1522 1161 1603 1192 parte
1621 1159 1702 1192 regis.
1720 1160 1822 1185 Rcctor
1836 1161 1864 1185 et
1879 1167 1927 1184 vos
1946 1158 2075 1191 magistri

210 1208 313 1234 dilecte
328 1209 386 1234 filie
402 1210 498 1234 nostre
513 1209 711 1234 [Tniversitatis
731 1209 893 1234 Parisicnsis
907 1209 1073 1234 affectantes
1088 1216 1121 1234 ex
1141 1208 1360 1241 precordiorum
1380 1208 1526 1236 medullis.
1546 1208 1625 1241 quod
1647 1216 1733 1241 super
1752 1208 1831 1233 sactis
1848 1207 1962 1234 ecclesie
1981 1209 2076 1233 sancte

210 1257 262 1283 Dei
283 1265 315 1283 ac
337 1257 403 1283 fidei
427 1257 586 1283 orthodoxe
608 1265 688 1283 nunc
710 1258 740 1282 in
760 1257 935 1284 discussione
950 1258 1135 1290 vergentibus
1151 1257 1179 1282 in
1198 1257 1274 1283 clero
1291 1259 1319 1283 et
1336 1257 1446 1290 populo
1461 1257 1491 1282 in
1509 1257 1634 1282 dictione
1651 1259 1747 1282 nostra
1763 1257 1898 1290 precipue
1913 1257 2077 1283 constitutis

211 1313 277 1332 vera
289 1305 452 1333 concordia.
465 1306 608 1339 quietudo
621 1306 768 1331 mentium
784 1308 812 1331 et
827 1306 973 1331 caritativa
987 1306 1093 1335 unitas,
1105 1306 1242 1331 omnium
1258 1313 1391 1331 errorum
1405 1307 1432 1331 et
1447 1305 1709 1331 deliramentorum
1723 1307 1831 1331 semota
1842 1306 1972 1338 caligine,
1985 1306 2076 1331 resor—

211 1356 342 1383 mentur,
360 1362 409 1379 vos
429 1354 535 1380 intimo
551 1355 644 1380 cordis
660 1355 765 1380 affectu
783 1362 930 1387 rogamus.
948 1354 1027 1380 vobis
1042 1355 1251 1380 nichilominus
1266 1354 1393 1380 districtc
1411 1354 1596 1387 precipiendo
1611 1354 1793 1382 mandantes.
1809 1356 1953 1387 quatenus
1968 1354 2079 1380 cunctis

212 1403 401 1436 passionibus,
415 1403 605 1429 inmoderatis
623 1403 768 1428 favoribus
784 1404 826 1429 vel
842 1403 978 1429 odiorum
995 1403 1116 1429 foventis
1131 1402 1191 1437 (sir)
1209 1403 1245 1429 ab
1260 1403 1359 1428 animo
1375 1405 1503 1429 vestrum
1520 1404 1732 1436 cujuscumque
1748 1403 1858 1436 rejectis
1873 1404 1967 1428 solum
1984 1404 2078 1428 Deum

212 1453 240 1478 et
256 1452 318 1485 ejus
334 1451 479 1485 Judicium
498 1452 636 1477 habentes
655 1460 706 1484 pre
725 1452 815 1478 oculis
835 1452 871 1477 ad
891 1452 1056 1478 dirimenda
1076 1452 1217 1480 scismata.
1236 1452 1448 1477 inminentibus
1470 1452 1558 1477 etiam
1578 1452 1717 1478 scandalis
1738 1452 1891 1481 obviando,
1908 1460 1994 1485 super
2009 1460 2078 1478 con-

212 1501 300 1527 tentis
319 1501 423 1526 nostris
443 1500 473 1526 in
493 1500 653 1534 apicibus2³
672 1501 751 1526 vobis
771 1501 906 1526 ultimate
926 1501 1041 1527 directis
1060 1502 1098 1527 sic
1118 1503 1243 1530 mature,
1265 1503 1361 1527 sancte
1380 1503 1407 1527 ct
1424 1502 1501 1534 juste
1524 1503 1551 1527 et
1573 1501 1728 1527 deliberate
1747 1503 1775 1527 et
1797 1509 1865 1527 cum
1888 1502 1993 1527 ess'ectu
2013 1502 2081 1527 reali

213 1549 385 1575 concludere
405 1549 552 1578 studeatis.
574 1549 657 1575 nobis
678 1549 834 1582 superinde
854 1551 945 1575 vestra
965 1550 1053 1575 laturi
1073 1557 1218 1583 responsa,
1240 1550 1320 1583 quod
1340 1550 1421 1575 cedat
1441 1550 1476 1575 ad
1496 1549 1613 1575 laudem
1636 1550 1765 1575 divinam
1785 1551 1811 1576 et
1832 1550 1945 1576 ecclesie
1964 1558 1995 1576 ac
2015 1550 2081 1576 fidei

214 1598 411 1631 predictarum
425 1598 595 1623 firmitatem
610 1600 637 1623 et
651 1598 791 1623 illibatam
805 1598 912 1631 pariter
923 1598 1078 1626 unitatem„
1091 1600 1288 1631 nostrumque
1301 1598 1517 1632 beneplacitum
1530 1600 1558 1624 et
1574 1599 1675 1631 populi
1689 1599 1770 1624 nobis
1783 1599 1927 1624 commissi
1941 1599 2080 1632 quictem.

214 1646 299 1673 vestri
311 1654 430 1680 quoque
445 1647 608 1680 opitulante
624 1647 683 1672 Deo
698 1647 838 1672 meritum
854 1648 882 1672 et
898 1647 1052 1673 honorem.
1069 1647 1179 1673 Datum
1194 1647 1225 1672 in
1240 1647 1330 1673 domo
1345 1649 1442 1673 nostra
1457 1648 1571 1673 Decoris
1584 1655 1670 1680 supra
1684 1648 1841 1673 Maternam
1856 1648 1901 1673 die
1914 1648 1995 1681 xxiija
2007 1648 2080 1674 Maii.

305 1733 446 1776 Quibus
468 1734 614 1778 quidem
636 1733 767 1767 litteris
790 1734 926 1767 eisdem
950 1735 1001 1767 sic
1023 1734 1127 1767 lectis
1145 1741 1179 1767 et
1206 1734 1377 1779 perlectis
1399 1741 1437 1767 ut
1458 1735 1676 1779 premittitur
1698 1735 1741 1767 de
1763 1735 1941 1776 mandato,
1959 1735 2084 1768 volun-

218 1806 287 1832 tate
309 1806 343 1832 et
367 1812 521 1833 assensu
544 1800 630 1833 dicti
652 1800 790 1833 domini
811 1801 1000 1834 rectoris²b
1025 1807 1060 1834 et
1086 1801 1315 1846 singulorum
1337 1801 1593 1846 magistrorum
1615 1801 1810 1846 predictam
1836 1803 2084 1847 congregatio-

217 1878 298 1899 nem
320 1867 527 1899 facientium
552 1867 595 1900 ad
617 1867 906 1908 deliberandum,
935 1874 1042 1912 prout.
1068 1868 1105 1900 111
1132 1867 1342 1912 precedenti
1364 1869 1648 1913 congregatione
1670 1868 1761 1913 apud
1785 1869 1951 1901 Sanctum
1974 1871 2082 1902 Matu-

219 1933 335 1965 rinum
353 1933 544 1974 celebrata,
564 1933 608 1966 de
625 1945 693 1978 qua
711 1946 819 1979 supra
836 1934 874 1966 fit
891 1934 1038 1975 mentio7
1058 1934 1261 1967 ordinatum
1279 1941 1312 1967 et
1331 1934 1568 1967 deliberatum
1586 1935 1701 1967 fuerat
1718 1947 1827 1980 super
1843 1936 2082 1980 responsione

217 1999 380 2032 facienda
401 2000 575 2044 predictis
597 2000 754 2033 dominis
779 2001 951 2045 episcopo
974 2008 1009 2033 et
1028 2000 1160 2042 abbati,
1188 2001 1273 2033 dicti
1301 2001 1437 2034 domini
1459 2002 1574 2034 nostri
1602 2002 1700 2046 regis
1728 2002 1771 2034 ad
1796 2001 1864 2034 hoc
1890 2002 2081 2046 deputatis,

219 2073 403 2099 traxerunt
425 2078 464 2099 se
481 2066 524 2099 ad
546 2073 681 2111 partem
703 2067 865 2112 predicte
887 2068 1052 2100 nationes
1070 2075 1105 2100 et
1124 2068 1324 2109 facultates,
1344 2075 1450 2112 prout
1470 2068 1507 2100 111
1529 2068 1659 2101 talibus
1682 2075 1736 2101 est
1756 2068 1834 2100 fieri
1856 2075 2081 2101 consuetum.

220 2134 264 2165 Et
283 2139 366 2177 post
385 2133 613 2166 intervallum
637 2140 670 2166 et
692 2134 785 2166 circa
807 2134 961 2178 spatium
986 2134 1094 2167 unius
1115 2134 1204 2167 hore
1226 2134 1325 2167 illius
1347 2135 1418 2167 diei
1440 2135 1496 2167 vel
1519 2135 1624 2175 circa,
1648 2135 1774 2179 prefati
1796 2135 1932 2167 domini
1952 2142 2082 2175 rector,

221 2199 386 2232 nationes
408 2206 442 2232 et
468 2200 655 2232 facultates
677 2200 805 2232 iterum
832 2201 875 2233 ad
903 2201 1032 2233 dictam
1054 2201 1374 2246 congregationem
1404 2202 1603 2242 redierunt⁷
1626 2208 1660 2234 et
1680 2201 1813 2234 ibidem
1836 2202 1964 2246 primo,
1987 2214 2085 2234 more

221 2265 341 2307 solito7
366 2267 525 2310 prefatus
552 2266 722 2299 domiuus
748 2274 867 2300 rector
889 2267 1187 2301 deliberationem
1218 2267 1341 2300 retulit
1367 2268 1512 2300 nomine
1528 2268 1727 2312 facultatis
1746 2269 1895 2308 artium,
1919 2269 2088 2301 videlicet

222 2332 319 2376 quod
341 2333 437 2365 natio
462 2333 648 2366 Gallicana
673 2333 861 2378 reputabat
882 2334 1067 2367 dominum
1090 2334 1314 2367 Clementem
1337 2347 1461 2379 papam
1490 2335 1681 2379 septimum
1706 2346 1788 2367 esse
1811 2347 1934 2368 verum
1962 2348 2085 2380 papam

223 2405 257 2431 et
281 2398 454 2431 vicarium
477 2399 613 2432 Christi
644 2400 680 2432 in
708 2401 815 2433 terris
841 2407 876 2433 et
905 2402 1079 2445 prefatum
1110 2401 1427 2442 B[artholomeum]
1456 2413 1577 2433 verum
1608 2401 1785 2433 intrusum
1815 2402 1850 2433 in
1878 2402 1964 2434 sede
1994 2402 2088 2434 beati

224 2465 332 2505 Petri,
361 2477 470 2510 quare
499 2466 668 2499 dixerunt
691 2467 787 2511 quod
812 2467 981 2500 deeetero
1002 2467 1172 2501 volebant
1199 2468 1287 2512 parti
1314 2468 1448 2500 domini
1471 2467 1668 2500 Clementis
1692 2474 1867 2512 tamquam
1891 2480 1980 2513 pape
2002 2480 2087 2501 vero

224 2531 411 2564 adherere.
442 2533 530 2565 Item
559 2533 722 2578 magistri
752 2534 908 2566 nationis
931 2535 1200 2567 Nor-manorum
1227 2534 1522 2566 deliberaverunt
1549 2534 1647 2578 quod
1668 2534 1880 2578 reputabant
1903 2535 2087 2567 dominum

228 2604 388 2630 nostrum
407 2610 529 2642 regem
548 2600 697 2632 Francie
715 2606 748 2632 et
770 2600 929 2644 prelatos
948 2601 1003 2633 sui
1022 2601 1125 2646 regni
1147 2601 1183 2632 in
1200 2600 1267 2632 hoc
1285 2612 1366 2632 esse
1385 2600 1476 2632 110110
1494 2600 1718 2641 informatos7
1738 2601 1872 2633 idcirco
1891 2601 2086 2633 sufficiebat

226 2664 279 2696 eis
301 2664 397 2708 quod
419 2664 488 2709 ipsi
509 2664 685 2698 haberent
705 2666 812 2698 fidem
835 2667 921 2699 dicti
943 2667 1080 2699 domini
1102 2667 1217 2699 nostri
1240 2666 1338 2710 regis
1360 2667 1395 2698 in
1421 2666 1488 2698 hoc
1510 2673 1545 2698 et
1572 2678 1720 2698 suorum
1747 2667 1977 2711 prelatorum.
2003 2669 2087 2699 ltcm

227 2730 390 2775 magistri
418 2731 602 2764 nationum
637 2732 810 2766 Picardie
843 2740 877 2766 ot
905 2733 1038 2778 Anglie
1069 2733 1362 2766 deliberaverunt
1399 2733 1629 2766 concorditer
1661 2734 1757 2778 quod
1794 2741 1940 2778 propter
1975 2741 2090 2766 certas

229 2796 386 2829 rationes
408 2796 488 2829 loco
511 2804 545 2830 et
566 2805 727 2842 tempore
750 2800 1007 2844 proponendas
1030 2806 1062 2832 et
1092 2799 1322 2844 explicandas
1350 2799 1442 2831 dicta
1466 2799 1692 2832 Universitas
1717 2812 1789 2832 non
1817 2799 1971 2832 debebat
1997 2812 2091 2832 rece-

229 2863 315 2895 dere
337 2875 354 2895 a
377 2863 640 2897 deliberatione
661 2864 748 2897 alias
776 2865 907 2907 habita,
935 2866 1075 2909 scilicet
1102 2878 1119 2898 a
1141 2865 1368 2898 neutralitate
1390 2872 1424 2897 et
1450 2865 1740 2898 indifferentiam.
1763 2867 1849 2898 Item
1874 2866 1928 2898 vir
1947 2878 2091 2899 venera-

353 2924 400 2939 *r*
420 2921 514 2945 Chare.
537 2921 615 2945 Univ.
633 2922 728 2946 Paris.
749 2923 794 2945 111.
1940 2925 1968 2946 72
