2488 3386
204 347 298 383 1382]
626 358 668 380 AB
703 358 807 380 ANNO
842 358 974 380 MCCCL
1010 358 1139 386 USQUE
1174 358 1222 379 ΑΒ
1257 357 1522 378 ΒΕΝΕῡιοτυΜ
1557 357 1648 378 Χ111.
1999 346 2063 378 309

202 439 429 478 opponentes
450 432 494 465 ad
515 443 639 465 eorum
657 432 842 476 proposita
863 431 1088 464 admittendi.
1113 433 1155 464 Et
1175 437 1309 463 attento
1328 431 1424 475 quod
1447 442 1599 474 presens
1620 442 1725 462 cansa
1747 430 1782 462 in
1804 429 1904 462 brevi
1927 436 2065 474 poterat

203 499 400 540 terminari,
425 499 519 532 dicte
545 510 603 531 res
631 498 858 530 contentiose
884 510 957 530 non
985 497 1167 530 debebant
1194 509 1258 542 per
1282 509 1423 529 manum
1454 503 1612 529 nostram
1643 503 1806 540 tanquam
1838 496 2063 540 superiorem

202 565 280 610 regi
298 576 362 598 seu
379 564 576 610 gubernari
590 564 652 597 lite
669 564 862 609 pendente.
882 564 1058 597 Dicebant
1075 564 1194 605 etiam,
1208 563 1305 608 quod
1322 563 1407 596 dicti
1421 563 1614 603 Jordanus,
1633 563 1822 603 'l'rouillet,
1840 563 1883 595 de
1900 561 2066 595 Vallibns

203 638 238 664 et
258 631 382 676 Guyso
404 643 468 676 per
483 631 758 664 advoamentum
780 631 955 663 dictarum
977 631 1162 663 nationum
1185 630 1360 670 Pieardie,
1379 629 1572 662 Normanie
1594 635 1628 661 et
1643 629 1775 672 Anglie
1798 641 1869 661 non
1887 627 2068 660 debebant

203 704 301 730 extra
322 709 534 743 processum
557 697 674 742 poni⁷,
697 704 732 730 et
751 697 795 729 ad
820 697 886 730 hec
908 704 942 730 et
962 697 1029 729 alia
1051 703 1158 742 prout
1178 708 1286 741 supra
1308 696 1393 728 dicti
1419 702 1686 740 conquerentes
1707 695 1985 727 concludebant.

293 764 407 797 Dictis
437 763 708 809 opponentibus
739 763 1010 809 duplicantibus
1041 770 1075 796 et
1101 763 1320 803 dicentibus,
1350 762 1448 807 quod
1478 763 1514 794 in
1543 762 1648 794 dictis
1676 768 1829 806 quatuor
1859 759 2067 793 nationibus

205 830 299 863 dicte
322 830 500 863 facultatis
521 831 649 863 artium
676 837 778 863 erant
798 837 832 863 et
859 837 944 863 sunt
963 837 1116 875 quatuor
1139 836 1407 875 procuratores,
1431 829 1601 874 quodque
1625 835 1698 861 tres
1720 834 1973 872 procuratores
1995 827 2069 859 dic-

206 904 319 930 tarum
347 897 454 930 trium
483 897 681 938 nationum,
704 897 875 930 videlicet
904 897 1080 932 Picardie.
1102 897 1295 929 Normanie
1317 902 1352 929 et
1377 896 1523 940 Anglie,
1545 895 1754 940 hujusmodi
1776 894 2067 939 prosecutionem

206 970 330 996 contra
357 964 473 996 dictos
503 970 770 1008 conquerentes
798 963 977 996 faciebant
1003 975 1009 996 z
1040 975 1150 1008 quare
1181 963 1349 996 dicebant
1378 962 1474 1007 quod
1505 961 1748 994 censebantur
1777 973 1859 994 esse
1889 962 1977 993 facta
2007 973 2070 1005 per

209 1037 315 1063 totam
337 1030 540 1063 facultatem
566 1031 610 1063 de
632 1031 716 1075 jure
744 1037 779 1063 et
806 1031 956 1063 ratione.
981 1030 1156 1063 Dicebant
1180 1031 1345 1074 insuper,
1367 1029 1463 1074 quod
1492 1029 1784 1073 prosecutionem
1810 1034 1933 1060 contra
1955 1028 2071 1060 dictos

209 1097 253 1130 de
269 1097 414 1130 natione
432 1097 616 1131 Gallicana
632 1098 748 1130 facere
766 1110 839 1130 non
855 1097 1104 1139 intendebant,
1122 1097 1187 1130 sed
1209 1109 1333 1129 eorum
1356 1096 1545 1141 privilegia
1563 1108 1632 1140 que
1648 1097 1869 1140 juraverant,
1888 1095 2070 1127 sustinere

209 1170 245 1196 et
264 1163 459 1197 observare
479 1164 667 1205 volebant,
691 1165 861 1209 quodque
879 1164 997 1197 dictus
1018 1164 1191 1209 magister
1206 1163 1367 1196 Judocus
1388 1175 1406 1195 a
1428 1163 1590 1207 predicto
1612 1162 1729 1195 officio
1750 1161 1963 1194 cancellarie
1985 1173 2072 1193 nun-

210 1242 315 1275 quam
337 1231 497 1276 privatus
526 1232 659 1271 fuerat;
684 1238 718 1264 et
747 1231 830 1264 dum
862 1231 922 1263 ille
951 1231 1012 1276 qui
1040 1243 1136 1263 nunc
1163 1230 1417 1263 cancellarium
1445 1241 1484 1262 se
1513 1229 1666 1270 dicebat,
1696 1229 1732 1261 in
1762 1229 1924 1274 predicto
1955 1228 2072 1260 officio

210 1299 348 1332 admitti
364 1298 540 1339 voluerat,
563 1299 657 1331 dicte
680 1299 845 1331 nationes
866 1298 933 1330 11οο
955 1298 1258 1339 contradixerant,
1289 1304 1323 1330 et
1353 1297 1495 1330 tandem
1520 1297 1636 1329 suerat
1662 1296 1757 1341 apud
1785 1296 1907 1328 sedem
1930 1301 2075 1340 aposto-

210 1365 314 1398 licam
345 1365 496 1410 quedam
529 1365 721 1410 appellatio
750 1365 949 1409 interjecta.
982 1366 1025 1397 Et
1051 1371 1186 1397 attento
1209 1364 1306 1409 quod
1337 1364 1430 1396 dicta
1457 1363 1682 1408 querimonia
1704 1363 1748 1395 de
1774 1362 1988 1395 cancellario
2011 1372 2076 1406 per

212 1432 345 1465 dictum
367 1431 531 1464 abbatem
552 1432 644 1465 facto
670 1438 705 1464 et
734 1444 807 1464 non
833 1432 877 1464 de
903 1431 1118 1464 cancellario
1147 1443 1211 1476 per
1232 1431 1348 1464 dictos
1376 1430 1647 1463 commissarios
1668 1430 1833 1462 ordinato
1854 1429 2074 1461 mentionem

211 1499 376 1540 faciebat,
404 1499 489 1532 dicti
511 1505 738 1543 opponentes
760 1498 925 1531 obtinere
952 1498 1134 1531 debebant
1158 1499 1195 1530 in
1218 1498 1282 1531 hac
1304 1510 1424 1539 causa,
1447 1497 1628 1530 debebant
1654 1497 1758 1529 etiam
1785 1496 1879 1529 dicte
1908 1507 1966 1528 res
1991 1507 2076 1527 con-

213 1566 368 1599 tentiose
391 1578 456 1611 per
477 1565 606 1598 dictam
628 1578 771 1598 manum
793 1572 952 1598 nostram
974 1565 1036 1598 lite
1062 1565 1243 1610 pendente
1265 1564 1461 1610 gubernari
1477 1565 1579 1608 juxta
1600 1576 1720 1596 casum
1740 1570 1772 1596 et
1794 1570 1954 1596 naturam
1976 1562 2077 1595 novi-

214 1633 307 1666 tatis.
338 1635 388 1665 Ex
410 1632 543 1677 quibus
569 1639 604 1665 et
630 1632 710 1665 aliis
737 1644 800 1677 per
822 1632 922 1677 ipsos
945 1632 1143 1677 propositis
1165 1631 1346 1672 dicebant,
1372 1632 1469 1676 quod
1500 1631 1570 1676 ipsi
1601 1637 1703 1663 erant
1728 1631 1771 1663 ad
1800 1642 1863 1663 sua
1893 1630 2078 1674 proposita

213 1700 440 1742 admittendi,
462 1708 497 1733 et
517 1700 561 1732 ad
581 1699 648 1732 hoc
670 1706 704 1732 et
724 1699 803 1740 alia,
827 1706 934 1744 prout
955 1711 1075 1744 supra,
1094 1698 1376 1732 concludebant.

305 1767 464 1800 Tandem
486 1766 618 1799 auditis
640 1766 802 1811 partibus
820 1766 1011 1798 antedictis
1033 1766 1069 1798 in
1091 1765 1260 1798 omnibus
1282 1778 1351 1810 que
1368 1766 1462 1798 circa
1483 1765 1660 1810 premissa
1677 1765 1798 1797 dicere
1820 1770 1853 1797 et
1875 1775 2079 1808 proponere

216 1834 422 1874 voluerunt,
449 1834 538 1866 visis
566 1834 717 1878 insuper
739 1833 848 1866 certis
869 1833 1014 1873 litteris,
1041 1833 1129 1865 actis
1158 1839 1192 1865 et
1222 1832 1457 1865 munimentis
1487 1844 1551 1877 per
1572 1832 1669 1876 ipsas
1695 1838 1815 1876 partes
1842 1831 1958 1863 eidem
1981 1830 2080 1862 curie

217 1907 340 1933 nostre
365 1900 535 1933 exhibitis
556 1907 591 1933 et
611 1900 763 1940 traditis,
789 1900 1103 1944 consideratisque
1125 1906 1160 1932 et
1180 1900 1325 1932 attentis
1347 1899 1542 1944 diligenter
1566 1898 1735 1931 omnibus
1758 1898 1852 1930 circa
1876 1897 1942 1930 hec
1967 1904 2081 1930 atten—

217 1967 362 2008 dendis,
389 1974 423 2000 et
450 1979 519 2012 que
545 1967 673 2000 dictam
696 1967 830 1999 curiam
859 1973 1017 1999 nostram
1049 1967 1085 1999 in
1114 1966 1179 1999 1130
1210 1973 1308 2011 parte
1339 1978 1484 1998 movere
1511 1972 1677 2010 poterant
1705 1972 1739 1997 et
1768 1964 1949 1997 debebant
1978 1976 1983 1996 :
2017 1975 2081 2008 per

216 2041 394 2067 arrestum
417 2034 579 2078 ejusdem
602 2033 701 2066 curie
727 2033 862 2066 dictum
882 2034 950 2066 suit
970 2033 1067 2078 quod
1094 2033 1178 2066 dicti
1205 2040 1473 2077 conquerentes
1493 2033 1536 2065 ad
1565 2032 1695 2065 bonam
1722 2038 1756 2064 et
1780 2033 1914 2075 justam
1936 2042 2077 2063 causam

217 2113 256 2134 se
282 2101 473 2146 conquesti
503 2100 656 2140 fuerant,
680 2100 838 2144 dictique
861 2106 1088 2144 opponentes
1109 2100 1152 2132 ad
1180 2099 1305 2132 malam
1334 2111 1476 2132 causam
1508 2111 1546 2131 se
1574 2104 1838 2143 opposuerant3
1869 2104 2079 2130 manutene-

217 2167 425 2212 bunturque
453 2174 489 2199 et
518 2166 832 2199 conservabuntur
857 2166 942 2199 dicti
968 2172 1235 2210 conquerentes
1263 2166 1299 2198 in
1328 2166 1404 2198 suis
1434 2165 1734 2210 possessionibus
1761 2171 1796 2196 et
1821 2164 1967 2196 saisinis
1998 2176 2081 2208 pre-

218 2234 337 2275 dictis,
360 2241 478 2267 amoto
499 2233 630 2266 abinde
651 2233 748 2265 omni
770 2233 1029 2277 impedimento
1051 2245 1115 2277 per
1136 2233 1252 2265 dictos
1274 2239 1501 2277 opponentes
1525 2233 1561 2264 in
1583 2232 1689 2264 dictis
1711 2231 1820 2263 rebus
1841 2230 2080 2263 contentiosis

217 2301 395 2346 apposito.
421 2302 463 2333 Et
483 2312 547 2345 per
568 2300 661 2332 idem
684 2306 860 2332 arrestum
889 2299 981 2332 dicta
1002 2299 1101 2331 curia
1122 2306 1245 2332 nostra
1265 2311 1407 2331 manum
1430 2305 1589 2331 nostram
1612 2298 1648 2330 in
1670 2298 1776 2330 dictis
1800 2297 1910 2330 rebus
1931 2304 2082 2329 conten—

218 2368 322 2401 tiosis
339 2367 537 2412 appositam
556 2366 687 2399 levavit
702 2373 808 2411 atque
825 2366 919 2399 levat
938 2366 981 2398 ad
1003 2366 1163 2410 ipsorum
1182 2366 1481 2410 conquerentium
1499 2365 1701 2404 utilitatem,
1721 2364 1836 2397 dictos
1853 2371 2079 2409 opponentes

217 2434 254 2467 in
281 2434 451 2479 expensis
473 2434 650 2466 dictorum
673 2433 974 2477 conquerentium
997 2432 1311 2477 condempnando,
1335 2432 1509 2465 dictarum
1538 2443 1777 2476 expensarum
1807 2431 1984 2463 taxatione
2009 2430 2079 2475 ipsi

218 2501 317 2534 curie
340 2507 533 2534 reservata.
557 2500 836 2533 Pronnneiatum
858 2499 915 2532 die
937 2500 982 2543 xij
1004 2499 1103 2540 Julii,
1121 2511 1214 2532 anno
1237 2499 1462 2544 octogesimo
1483 2498 1657 2531 secundo.

1608 2566 1812 2597 PniLmEnT.

311 2652 389 2676 Arch.
409 2655 462 2675 nat.
482 2652 566 2675 Paris.
582 2652 628 2674 ΧΠ*
645 2653 674 2674 30
693 2652 805 2682 (Juqeis),
824 2651 868 2674 [01.
886 2651 960 2674 [1061’.
975 2664 1005 2667 —
1022 2651 1062 2674 Cf.
1078 2651 1214 2678 Eulaeum,
1231 2651 1273 2679 lv,
1293 2651 1346 2679 587,
1363 2650 1408 2673 ubi
1422 2650 1610 2673 ‘documentum
1626 2650 1651 2672 in
1674 2651 1758 2672 forma
1773 2649 1879 2671 chartae
1895 2648 1981 2671 Caroli
1998 2648 2036 2670 Vl.
2051 2660 2078 2664 -

216 2698 308 2721 Rector
323 2696 509 2720 Universitatis
526 2699 586 2719 tunc
602 2696 727 2727 temporis
745 2695 794 2718 suit.
809 2695 943 2719 Johannes
962 2695 1104 2726 quuelot‚
1121 2698 1174 2718 nat.
1191 2695 1284 2718 Gallie.
1303 2695 1381 2724 (nuh,
1398 2695 1440 2724 lv,
1458 2695 1523 2724 972).
1540 2708 1571 2711 —
1588 2694 1663 2717 Natio
1681 2693 1825 2724 Anglicann
1840 2693 1894 2723 jam
1910 2692 1942 2715 ab
1958 2700 1999 2714 an.
2018 2692 2078 2714 1370

215 2741 425 2772 conquerebatur
449 2741 480 2763 de
495 2740 592 2772 injuria
610 2740 660 2763 sibi
678 2740 752 2763 illata
776 2749 823 2771 per
842 2740 973 2762 nationem
991 2739 1155 2763 Gallicanam
1177 2739 1202 2762 in
1224 2739 1341 2761 examine
1361 2742 1385 2761 et
1405 2739 1509 2762 licentia
1525 2739 1595 2769 apud
1614 2739 1735 2761 Sanctam
1758 2738 1925 2761 Genovcsam.
1944 2737 2001 2759 Vid.
2017 2736 2080 2759 Lib.

214 2792 291 2816 proc.
307 2789 366 2809 nat.
383 2785 505 2815 Anylic„
524 2785 654 2816 imprimis
671 2785 703 2807 ud
719 2784 780 2808 Maii
796 2785 825 2807 13
840 2787 865 2807 et
882 2785 910 2807 18
928 2784 1045 2815 ejusdem
1063 2784 1133 2812 anni,
1153 2783 1178 2806 in
1197 2786 1279 2807 Auct.
1298 2785 1391 2808 Chart.
1410 2783 1543 2811 Univers„
1561 2784 1580 2806 1.
1598 2784 1690 2806 Postea
1703 2783 1770 2805 duae
1786 2782 1851 2804 aliae
1866 2781 1982 2803 nationes
2000 2781 2076 2803 etiam

216 2830 315 2853 nationi
332 2829 490 2860 Anglicanae
505 2838 531 2852 se
548 2829 732 2860 adjunxerunt,
748 2829 833 2860 lisque
849 2829 955 2851 duravit
972 2837 1054 2859 usque
1070 2829 1101 2851 ad
1118 2836 1160 2851 nn.
1175 2829 1244 2851 1382.

309 2913 331 2937 1.
348 2913 480 2936 Johannes
497 2913 528 2936 de
543 2913 706 2938 Basseumin.
727 2913 758 2936 de
774 2921 824 2944 quo
843 2921 923 2944 supra
944 2917 971 2935 11ο
993 2914 1060 2941 1326,
1080 2921 1107 2944 p.
1124 2914 1177 2942 155,
1194 2916 1246 2936 not.
1263 2913 1284 2935 2.
1303 2926 1329 2928 —
1347 2912 1369 2935 2.
1386 2912 1532 2935 Audoinum
1549 2911 1711 2934 Chnuveron.
1728 2924 1754 2927 -
1775 2911 1797 2932 3.
1815 2910 1861 2932 Αη.
1879 2909 1936 2931 1:384
1956 2911 1995 2931 est
2013 2916 2076 2930 can-
