2488 3386
464 366 527 398 124
1034 371 1349 395 CHARTULARIUM
1384 369 1572 391 UNIVERS.
1610 367 1738 389 PARIS.
2221 352 2337 388 [1365‘

552 451 595 483 Et
614 450 764 494 insuper
784 448 943 493 prefatus
968 447 1077 479 frater
1098 445 1308 490 Dyonisius,
1335 455 1454 476 eoram
1477 442 1583 475 dictis
1609 440 1793 485 magistris
1814 446 1850 472 et
1873 439 1911 472 in
1932 439 2115 484 presentia
2141 445 2319 481 nostrum,

464 517 684 549 notariorum
711 522 745 548 et
770 515 912 548 testium
942 513 1244 557 subscriptorum,
1270 510 1436 555 promisit
1458 509 1555 554 quod
1583 508 1697 541 dictas
1726 506 1984 540 conclusiones
2011 518 2195 547 erroneas,
2217 505 2322 539 here-

464 584 565 625 ticas,
586 583 695 616 falsas
716 589 751 615 et
775 581 865 614 male
887 580 1036 625 positas,
1059 579 1227 612 decetero
1253 589 1325 610 non
1346 576 1485 609 tenebit
1511 587 1577 608 nec
1603 574 1785 614 defendet,
1809 585 1875 606 nec
1900 573 2090 606 adherebit
2114 573 2267 615 eisdem,
2289 580 2324 606 et

465 650 562 694 quod
582 650 679 694 ipsas
700 649 736 681 in
754 648 909 693 publicis
927 644 1240 691 disputacionibus
1258 643 1417 676 Parisius
1433 643 1477 675 ad
1494 641 1735 674 omnimodam
1756 640 2027 673 ordinacionem
2051 647 2086 673 et
2101 640 2321 674 voluntatem

464 716 692 749 dominorum
722 714 927 748 cancellarii
954 720 989 746 et
1013 713 1268 757 magistrorum
1296 710 1389 743 dicte
1410 709 1589 742 facultatis
1611 707 1806 741 revocabit.
1830 708 1992 749 Quorum
2014 707 2160 752 quidem
2182 707 2323 740 cancel-

466 783 544 815 larii
566 789 600 815 et
619 782 872 827 magistrorum
894 780 1083 820 voluntati,
1111 777 1328 811 correctioni
1354 783 1389 809 et
1412 775 1651 815 ordinacioni,
1679 781 1746 807 tam
1775 774 1866 807 sacte
1893 786 1998 818 quam
2024 774 2200 816 faciende,
2229 781 2323 808 stare

466 849 581 882 voluit
606 855 641 881 et
666 848 845 893 promisit,
876 853 910 880 et
939 847 992 879 eis
1023 857 1065 878 ex
1096 856 1191 877 nunc
1222 843 1379 876 totaliter
1409 854 1448 875 se
1476 841 1670 875 summisit.
1697 853 1735 873 ac
1762 840 1892 873 obtulit
1917 852 1956 873 se
1983 847 2142 886 paratum
2165 847 2200 874 et
2218 840 2323 874 etiarn

468 915 634 960 promisit
653 914 835 947 emendari
857 913 963 946 dictis
985 911 1166 957 magistris
1188 916 1311 943 contra
1337 921 1429 954 quos
1454 908 1710 953 appellaverat,
1736 914 1774 940 ut
1798 907 1990 952 prefertur7
2015 907 2059 940 ad
2083 907 2341 941 omnimodam?

466 982 685 1015 voluntatem
703 992 840 1021 eorum,
862 991 901 1012 ac
922 986 1046 1012 tenere
1067 985 1102 1010 et
1121 976 1304 1021 complere
1326 987 1453 1020 penam
1475 981 1510 1007 et
1529 974 1794 1007 correctionem
1815 986 1920 1019 quam
1942 973 2012 1007 sibi
2028 974 2197 1007 duxerint
2211 972 2340 1019 imposs

469 1048 634 1081 nendam.
671 1049 722 1080 De
752 1054 787 1079 et
816 1058 925 1091 super
954 1044 1086 1090 quibus
1113 1043 1282 1076 omnibus
1313 1049 1345 1075 et
1372 1041 1529 1087 singulis
1559 1042 1687 1086 prefati
1717 1041 1882 1091 magistri
1912 1041 2132 1074 Guillelmus
2162 1041 2325 1082 Romani,

469 1114 647 1147 Robertus
669 1114 712 1146 de
734 1112 939 1153 Bretevilla,
962 1112 1107 1144 nomine
1133 1110 1219 1143 dicti
1241 1109 1447 1142 cancellarii
1467 1120 1506 1141 ac
1528 1108 1687 1141 omnium
1710 1108 1965 1153 magistrorum
1987 1120 2026 1141 ac
2047 1108 2226 1141 facultatis
2246 1107 2336 1154 pre?

469 1181 562 1214 dicte
583 1180 812 1221 Parisiensis,
839 1179 1021 1224 petierunt
1041 1178 1233 1222 dictusque
1258 1177 1368 1209 frater
1388 1175 1586 1220 Dyonisius
1607 1175 1686 1208 fieri
1711 1175 1827 1208 voluit
1851 1181 1887 1208 et
1909 1175 2014 1208 etiam
2036 1175 2150 1220 petiit,
2174 1187 2238 1220 per
2261 1174 2329 1209 nos

468 1247 716 1291 infrascriptos
737 1234 897 1279 notarios
919 1245 1085 1290 publicos
1106 1244 1184 1276 fieri
1206 1250 1241 1276 et
1260 1242 1390 1276 confici
1410 1254 1521 1275 unum
1538 1242 1596 1275 vel
1612 1242 1715 1287 plura
1736 1241 1881 1287 publica
1901 1242 2153 1275 instrumenta.
2181 1242 2183 1244 ’

556 1315 643 1347 Acta
663 1314 809 1346 fuerunt
828 1312 894 1345 hec
910 1312 1103 1352 Avinione,
1120 1311 1156 1343 in
1178 1310 1273 1343 dicto
1295 1309 1460 1354 hospicio
1480 1309 1633 1354 predicti
1653 1309 1817 1354 magistri
1834 1308 2021 1342 Guillelmi
2039 1309 2202 1351 Romani,
2220 1321 2326 1351 anno,

469 1392 606 1422 mense,
628 1380 700 1422 die,
721 1380 919 1412 indictione
941 1385 976 1411 et
996 1377 1205 1423 pontificatu
1227 1376 1360 1422 quibus
1382 1388 1504 1421 supra,
1528 1375 1762 1421 presentibus
1790 1375 1965 1421 religioso
1993 1376 2070 1409 viro
2096 1377 2204 1409 fratre
2225 1376 2329 1410 Guil-

470 1447 577 1480 lelmo
594 1447 790 1487 Laurentii,
812 1446 897 1479 dicti
919 1445 1006 1478 Ord.
1028 1445 1107 1477 frat.
1131 1444 1321 1485 Predicat.7
1345 1443 1445 1476 socio
1467 1443 1552 1475 dicti
1571 1443 1734 1488 magistri
1756 1443 1849 1475 sacri
1870 1442 2003 1487 palatii,
2022 1449 2058 1476 et
2077 1440 2236 1476 discreto
2251 1443 2329 1477 viro

471 1514 632 1548 Gerardo
654 1514 698 1546 de
716 1514 879 1554 Bessem,
894 1512 979 1545 cler.
999 1511 1172 1544 Leodien.
1195 1511 1303 1551 dioc„
1323 1510 1477 1543 testibus
1498 1510 1542 1542 ad
1559 1510 1735 1554 premissa
1751 1510 1888 1543 vocatis
1906 1510 2112 1555 specialiter
2128 1516 2164 1543 et
2178 1510 2328 1556 rogatis.

560 1582 604 1613 Et
630 1592 697 1625 ego
728 1579 924 1613 Gaufridus
955 1578 1117 1611 Fullonis
1148 1578 1192 1610 de
1221 1577 1396 1618 Mitriaco‚
1426 1576 1512 1609 cler.
1540 1577 1719 1610 Meldens.
1748 1577 1858 1616 dioc.‚
1885 1576 2054 1622 publicus
2079 1577 2277 1622 apostolica
2297 1583 2333 1610 et

472 1647 648 1692 imperiali
665 1646 874 1679 auctoritate
896 1645 1071 1686 notarius,
1094 1644 1267 1689 predictis
1288 1644 1500 1685 assercioni,
1523 1649 1586 1677 etc.

563 1715 605 1746 Et
624 1725 692 1758 ego
713 1712 896 1746 Johannes
917 1712 960 1744 de
983 1712 1111 1744 Sancto
1133 1710 1303 1750 Luciano‚
1327 1710 1448 1755 presb.
1474 1710 1735 1760 Rothomagen.
1759 1711 1867 1752 dioc„
1891 1710 2060 1756 publicus
2080 1711 2278 1756 apostolica
2298 1717 2334 1744 et

474 1779 649 1824 imperiali
666 1779 875 1812 auctoritate
896 1778 1072 1819 notarius,
1095 1777 1268 1822 predictis
1290 1777 1503 1818 assereioni,
1526 1783 1589 1811 etc.

564 1847 607 1878 Et
627 1857 694 1890 ego
714 1845 897 1878 Johannes
914 1844 1170 1889 Plantegenest
1189 1843 1232 1876 de
1250 1843 1391 1888 Aquila,
1410 1843 1602 1877 Ebroicen.
1620 1844 1713 1877 dioc.
1737 1844 1873 1890 presb.⁷
1892 1844 2089 1890 apostolica
2106 1851 2141 1878 et
2156 1843 2335 1890 imperiali

475 1913 683 1945 auctoritate
705 1912 866 1945 notarius
882 1912 1036 1956 juratus,
1060 1911 1142 1955 quia
1162 1911 1251 1943 sacta
1273 1922 1336 1955 per
1355 1922 1411 1943 me
1432 1910 1626 1944 collatione
1647 1911 1814 1957 diligenti
1836 1912 1880 1944 de
1902 1912 2063 1957 presenti
2087 1917 2334 1956 transsumpto

476 1991 540 2012 seu
562 1979 664 2023 copia
684 1978 727 2011 ad
749 1990 873 2011 verum
896 1977 1072 2022 originale
1099 1977 1195 2021 quod
1218 1977 1305 2018 vidi,
1335 1977 1433 2009 tenui
1461 1983 1496 2010 et
1526 1977 1678 2023 palpavi,
1707 1990 1746 2011 ea
1769 1978 1917 2011 insimul
1944 1978 2166 2011 concordare
2194 1977 2331 2018 inveni,
2351 1996 2356 2000 f

477 2046 620 2091 signum
642 2057 760 2077 meum
777 2050 989 2077 consuetum
1011 2043 1068 2076 hic
1090 2044 1242 2088 apposui
1263 2050 1425 2088 rogatus,
1445 2055 1500 2076 me
1522 2043 1579 2077 hic
1601 2045 1900 2078 subscribendo³.

571 2143 647 2166 Arch.
664 2146 716 2167 nat.
733 2143 766 2166 M.
784 2144 821 2172 75,
838 2147 866 2165 ηο
880 2143 922 2165 127
933 2144 942 2160 ²
961 2145 1046 2172 (antea
1064 2145 1098 2167 M.
1113 2145 1156 2167 257
1164 2148 1181 2174 ⁰,
1199 2148 1226 2166 11⁰
1245 2145 1292 2173 11).
1310 2158 1334 2161 -
1351 2143 1488 2168 Jourdain,
1502 2147 1531 2165 n⁰
1546 2144 1599 2166 700.
1616 2157 1646 2159 —
1662 2144 1867 2166 instrumentum
1881 2146 1944 2165 est«
1964 2142 2039 2173 copia
2055 2150 2066 2165 »
2083 2142 2247 2165 notariorum
2263 2141 2336 2166 Gau-

479 2187 540 2210 fridi
553 2187 668 2210 Fullonis
684 2191 709 2210 et
722 2187 849 2210 Johannis
866 2188 896 2210 de
913 2188 939 2211 S.
956 2188 1068 2211 Luciano
1086 2197 1127 2211 an.
1145 2190 1214 2217 1365,
1231 2189 1364 2220 Septemb.
1381 2189 1403 2217 1,
1415 2191 1443 2211 ut
1457 2188 1482 2211 in
1498 2188 1630 2219 principio
1643 2188 1749 2211 dicitur.

573 2281 595 2303 1.
615 2281 664 2304 Seu
680 2290 691 2304 (ι
707 2282 740 2305 Le
755 2282 859 2304 Brohon
875 2282 968 2306 ›1.Vid.
987 2282 1125 2311 chartul„
1143 2283 1173 2312 11,
1190 2286 1218 2304 n⁰
1234 2282 1302 2311 1108,
1322 2285 1346 2305 et
1361 2291 1386 2313 p,
1409 2283 1463 2306 720.
1482 2296 1506 2298 —
1524 2283 1546 2305 2.
1562 2282 1620 2305 Vid.
1643 2290 1725 2312 supra
1744 2290 1771 2313 p.
1791 2282 1843 2305 117.
1862 2295 1889 2299 —-
1907 2283 1931 2305 3.
1952 2281 2158 2307 Minimetamen
2178 2282 2337 2313 putandum,

480 2325 632 2356 Dionysium
658 2334 724 2348 nunc
751 2326 921 2357 acquievisse.
940 2326 1042 2357 Effugia
1063 2335 1190 2357 quaerens
1217 2330 1242 2350 et
1266 2327 1335 2350 mala
1360 2326 1436 2349 malis
1462 2327 1630 2350 accumulans
1652 2327 1747 2349 iterum
1765 2326 1953 2350 condemnatus
1975 2330 2022 2350 est.
2038 2326 2095 2349 Vid.
2116 2326 2186 2350 infra
2205 2334 2248 2350 an.
2266 2327 2339 2355 1368,

481 2369 605 2393 Novemb.
619 2371 642 2398 9,
657 2370 774 2393 Decemh.
792 2371 820 2393 23
834 2374 858 2393 et
872 2379 928 2402 sqq*

487 2527 608 2564 1301
619 2556 627 2564 .
656 2537 784 2562 Urbanus
801 2538 823 2563 V
834 2537 982 2571 (Grimerio
998 2538 1154 2571 Bonifacii)
1171 2538 1344 2564 cancellario
1356 2539 1526 2569 Pa1·isiens.‚
1541 2543 1570 2564 al
1585 2539 1736 2573 Bonifacio
1752 2539 1787 2564 de
1802 2540 1863 2573 Ast,
1883 2538 1947 2564 ord.
1961 2540 2030 2573 frat.
2049 2540 2141 2565 Erem.
2161 2540 2188 2565 S.
2206 2540 2339 2573 August.‚

575 2585 743 2611 baccalareo
764 2586 792 2611 in
809 2585 959 2620 theologia,
987 2586 1036 2621 qui
1056 2586 1143 2612 libros
1165 2588 1375 2613 Sententiarum
1391 2588 1515 2613 Parisiis
1532 2588 1600 2622 legit
1615 2592 1642 2614 et
1656 2588 1770 2615 scholas
1787 2588 1815 2613 in
1834 2588 1978 2622 facultate
1998 2588 2159 2622 theologiae
2175 2587 2341 2624 perplures

573 2643 662 2659 annos
687 2635 816 2669 visitavit,
842 2634 946 2660 ibidem
967 2639 1048 2660 actus
1064 2635 1251 2661 scholasticos
1267 2636 1433 2671 exercendo,
1459 2637 1564 2672 quique
1579 2637 1687 2662 dudum
1701 2646 1755 2673 per
1770 2637 1922 2671 magistros
1942 2637 2013 2662 dicti
2037 2636 2102 2663 Ord.
2121 2636 2161 2662 ad
2182 2637 2343 2671 magisterii

572 2683 693 2717 gradum
711 2683 738 2708 in
753 2683 894 2717 facultate
913 2684 1066 2718 praedicta
1089 2684 1200 2709 exstitit
1217 2689 1421 2720 praesentatus
1442 2694 1476 2710 ac
1495 2686 1617 2720 gradum
1640 2687 1733 2721 ipsum
1758 2687 1787 2711 in
1810 2686 1905 2711 studio
1930 2686 2110 2721 Bononiensi,
2130 2686 2158 2712 in
2178 2694 2233 2722 quo
2255 2686 2342 2712 etiam

574 2732 664 2757 dictos
685 2732 772 2757 libros
791 2733 999 2758 Sententiarum
1016 2733 1092 2767 legit,
1111 2734 1136 2758 si
1152 2733 1292 2768 voluisset,
1310 2734 1451 2769 potuisset
1471 2734 1640 2770 adipisci3...
1660 2735 1822 2769 magisterii
1836 2735 1968 2761 honorem
1984 2739 2010 2761 et
2026 2735 2148 2761 docendi
2162 2734 2339 2761 licentiam...

575 2781 603 2806 in
625 2780 715 2806 hieme
735 2782 863 2816 proxime
878 2783 977 2814 sutura
997 2781 1058 2816 (sic)
1079 2783 1155 2815 infr-a
1173 2791 1293 2808 mensem
1307 2787 1373 2818 post
1388 2784 1576 2819 receptionem
1594 2785 1799 2820 praesentium,
1822 2784 1974 2818 largiatur.
1997 2785 2060 2810 Dat.
2083 2784 2224 2811 Avinione
2238 2792 2255 2810 v
2270 2792 2341 2810 non.

575 2830 677 2859 Martii,
693 2837 771 2855 anno
786 2830 879 2855 tertio.
898 2841 910 2851 «ι
927 2830 985 2855 Viri
1000 2838 1076 2856 sacre
1092 2842 1115 2855 ».

1705 2883 1779 2912 1365,
1797 2883 1882 2908 Martii
1892 2884 1916 2911 3,
1930 2883 2059 2909 Avenione.

580 2927 642 2957 Reg.
659 2927 716 2950 vat.
729 2928 808 2950 Aven.
825 2927 924 2950 Urbani
939 2927 968 2955 V,
985 2928 1036 2950 vol.
1051 2927 1079 2955 X,
1099 2928 1142 2950 sol.
1159 2928 1212 2951 213.
