2488 3386
434 332 496 363 184
1009 339 1325 361 CHARTULARIUM
1361 339 1549 360 UN1vsns.
1587 339 1715 360 PARls.
2118 365 2120 368 ,
2198 327 2297 364 [1368

433 414 475 446 ab
506 414 568 446 illo
595 421 628 446 et
654 413 915 446 correctionem
938 413 1067 457 ipsius,
1095 412 1218 444 ascitis
1244 411 1308 443 tibi
1331 418 1364 443 et
1386 412 1421 443 in
1450 411 1517 443 hoc
1543 412 1803 445 assistentibus
1824 412 2040 445 cancellario
2067 413 2229 457 predicto
2257 426 2296 446 ac

434 481 616 525 magistris
638 481 673 512 in
697 480 862 512 facultate
889 479 1063 524 predicta,
1086 479 1129 510 de
1151 479 1313 522 ipsorum
1336 478 1491 510 consilio
1513 478 1687 523 legitimis
1710 490 1775 523 per
1796 479 1913 511 dictos
1935 479 2155 524 Stephanum
2182 480 2297 513 cardi-

434 547 562 584 nalem.
589 554 672 579 tunc
694 546 918 591 episcopum,
948 552 982 577 et
1009 545 1262 589 inquisitorem
1291 544 1423 577 habitis
1453 545 1605 577 servatis
1636 545 1871 589 processibus
1899 546 2141 590 appellatione
2162 553 2296 579 remota

434 614 554 658 previa
576 614 713 645 ratione
736 613 922 657 procedas⁷
941 612 1076 644 faciens
1094 611 1192 655 quod
1213 611 1422 644 decreveris
1443 612 1653 644 auctoritate
1674 612 1873 656 apostolica
1890 623 1954 657 per
1973 624 2163 645 censuram
2186 613 2296 646 eecle-

432 681 612 713 siasticam
643 679 793 712 firmiter
814 679 1012 711 observari.
1038 678 1349 719 Contradictores,
1370 683 1478 711 etc....
1501 679 1671 711 Ceterum
1701 685 1737 711 ut
1765 679 1928 723 ejusdem
1952 680 2118 724 Dyonisii
2144 692 2240 712 nunc
2260 681 2296 712 in

434 749 590 780 Romana
607 747 705 779 curia
726 746 912 778 constituti
934 757 998 790 per
1019 751 1052 777 te
1072 744 1197 777 haberi
1219 745 1334 789 possit
1356 745 1459 789 copia
1480 745 1699 789 personalis,
1720 757 1787 778 nos
1808 746 1926 778 eidem
1950 747 2125 790 Dyonisio
2146 747 2182 779 in
2204 747 2298 780 dicta

434 814 531 846 curia
562 813 801 858 personaliter
826 812 1054 857 apprehenso
1086 811 1153 844 sub
1184 812 1569 845 excommunicationis
1597 824 1701 857 pena,
1733 824 1837 856 quam
1869 813 1899 845 si
1931 819 2056 846 nostro
2085 813 2297 857 hujusmodi

432 892 505 912 non
528 886 669 924 pareret
690 879 854 911 mandato
876 890 955 910 eum
983 878 1169 910 incurrere
1190 877 1373 910 voluimus
1395 884 1430 910 et
1449 878 1617 911 volumus
1639 890 1681 911 eo
1703 879 1796 923 ipso,
1820 879 1981 911 mandari
2006 879 2172 921 fecimus,
2200 879 2297 924 quod

432 946 545 990 prima
573 946 631 978 die
659 945 795 978 mensis
824 944 959 989 Aprilis
989 944 1153 989 proximo
1182 945 1292 977 futuri
1315 951 1375 977 tuo
1404 945 1616 989 conspectui
1645 957 1683 977 se
1714 945 1956 989 personaliter
1982 952 2224 990 representet,
2255 958 2298 979 ex

431 1019 515 1045 tunc
537 1013 573 1044 in
594 1011 802 1056 hujusmodi
829 1022 934 1043 causa
961 1017 996 1043 et
1020 1011 1140 1043 causis
1166 1022 1408 1055 processurus
1429 1022 1545 1055 usque
1566 1011 1609 1043 ad
1631 1011 1855 1044 diffinitivam
1878 1012 2093 1045 sententiam
2119 1012 2298 1046 inclusive

431 1091 469 1111 ac
495 1079 653 1111 facturus
675 1085 710 1110 et
729 1084 942 1122 recepturus
964 1077 1061 1121 quod
1082 1077 1304 1110 ordinaverit
1326 1084 1384 1110 tua
1408 1077 1581 1110 discretio
1603 1084 1638 1110 et
1662 1077 1854 1110 consilium
1882 1078 2115 1111 antedictum.
2139 1079 2246 1122 Quod
2267 1079 2298 1112 si

430 1146 552 1177 forsan
573 1144 782 1188 hujusmodi
812 1144 1015 1176 mandatum
1043 1151 1207 1176 nostrum
1236 1144 1437 1188 neglexerit
1466 1144 1679 1189 adimplere,
1701 1151 1740 1177 ut
1765 1151 1957 1177 contumax
1984 1145 2148 1178 melioris
2175 1146 2297 1178 condi-

430 1211 539 1243 tionis
567 1222 669 1255 quam
700 1210 876 1243 obediens
905 1222 976 1243 non
1006 1211 1147 1251 existat,
1175 1217 1210 1243 tu
1233 1212 1333 1255 juxta
1363 1211 1559 1255 predictam
1588 1211 1738 1243 formam
1766 1211 1802 1243 in
1833 1211 1987 1256 negocio
2015 1223 2079 1244 seu
2107 1223 2214 1244 causa
2241 1212 2298 1244 vel

429 1278 548 1310 causis
581 1277 671 1321 ipsis
702 1277 890 1321 procedas,
925 1278 1004 1321 ejus
1034 1276 1196 1310 absentia
1230 1289 1302 1310 non
1329 1276 1508 1309 obstante.
1537 1278 1664 1310 Datum
1693 1278 1804 1310 Rome
1828 1277 1923 1322 apud
1954 1278 2120 1310 Sanctum
2153 1279 2297 1311 Petrum

430 1356 450 1376 x
471 1343 539 1376 kal.
562 1343 734 1383 Januarii,
757 1343 987 1388 pontificatus
1009 1344 1123 1377 nostri
1145 1356 1239 1377 anno
1261 1344 1429 1388 septimo.

525 1442 586 1472 Reg.
607 1442 663 1464 vat.
681 1442 781 1465 Urbani
797 1442 824 1470 V,
842 1447 870 1464 n⁰
892 1443 946 1470 259,
969 1442 1014 1465 fol.
1031 1442 1075 1464 *122
1085 1442 1104 1464 ¹².
1131 1441 1258 1466 Vidimus
1274 1442 1299 1464 in
1316 1442 1391 1465 Arch.
1415 1445 1467 1465 nat.
1489 1442 1574 1465 Paris.
1590 1442 1623 1464 M.
1641 1443 1678 1470 75,
1700 1446 1728 1464 110
1749 1442 1822 1464 127³.
1848 1455 1873 1458 —-
1897 1442 2058 1473 Raynaldus,
2074 1445 2151 1467 An‘n.
2174 1443 2248 1471 eccl„
2266 1443 2299 1466 ad

432 1494 473 1509 an.
490 1486 560 1515 1368,
577 1491 605 1508 n0
621 1487 659 1509 16.
675 1486 841 1517 D'Argentre,
857 1487 921 1511 Coll.
939 1487 1015 1514 Jud.‚
1033 1487 1052 1516 Ι,
1069 1487 1123 1509 382.

525 1579 546 1602 1.
565 1579 688 1602 Summus
703 1579 819 1610 pontifex
834 1581 890 1602 fuse
902 1582 1008 1602 enarrat
1023 1587 1089 1610 quae
1103 1579 1238 1602 evenerint
1252 1579 1334 1602 donec
1349 1579 1489 1610 Dionysius
1505 1578 1658 1602 Foullechat
1672 1579 1803 1602 Avenione
1816 1579 1842 1601 in
1857 1579 1930 1602 curia
1943 1580 2114 1609 revocaverit,
2131 1588 2197 1611 quae
2211 1580 2300 1604 omnia

432 1632 512 1654 supra
528 1623 554 1646 in
572 1623 606 1646 nis
618 1624 755 1646 1298-1300
770 1623 944 1647 continentur.
960 1638 983 1640 —
998 1625 1018 1646 2.
1029 1623 1175 1646 Johannem
1187 1624 1217 1646 de
1231 1623 1383 1651 Blandiana,
1395 1624 1467 1646 card.
1481 1624 1663 1652 Nemausens„
1677 1623 1708 1646 de
1723 1631 1774 1654 quo
1785 1623 1894 1647 n01318.
1910 1637 1937 1640 -—
1949 1625 1972 1647 3.
1984 1624 2156 1648 Guillelmum
2172 1625 2298 1656 Bragose,

432 1668 510 1698 episc.
527 1668 686 1691 Vabrensem
701 1668 734 1690 ab
752 1676 793 1691 an.
812 1668 870 1691 1361
891 1670 947 1699 (per
962 1668 1026 1691 obit..
1042 1668 1200 1697 Bertrandi),
1216 1669 1282 1699 Aug.
1304 1669 1325 1696 2,
1344 1676 1402 1690 cum
1420 1668 1494 1699 prius
1517 1671 1587 1691 esset
1606 1668 1749 1691 archidiac.
1767 1668 1948 1699 Mirapiseens.
1965 1672 1990 1692 et
2005 1669 2100 1692 decret.
2117 1669 2208 1692 doctor
2225 1670 2298 1701 (ΕΘΚ.

433 1713 510 1734 Aven.
534 1713 621 1735 Innoc.
643 1713 684 1740 Vl,
706 1713 758 1735 vol.
781 1713 867 1741 XXVI,
884 1714 900 1735 f.
919 1714 968 1742 36).
985 1713 1104 1736 Mancum
1125 1713 1150 1735 in
1175 1712 1247 1736 Gall.
1266 1712 1372 1742 christ„
1397 1713 1415 1742 1,
1437 1713 1494 1736 279.
1515 1712 1672 1736 Guillelmus
1693 1713 1784 1735 eodem
1806 1720 1858 1740 an.‚
1881 1714 1953 1744 Sept.
1981 1714 2016 1741 17,
2038 1716 2142 1737 creatus
2162 1717 2203 1737 est
2226 1714 2298 1738 card.

432 1757 458 1779 S.
476 1756 580 1787 Georgii
599 1757 631 1779 ad
649 1757 735 1779 velum
749 1765 856 1779 aureum
873 1759 940 1786 (cum
956 1757 1041 1780 adhuc
1056 1760 1125 1780 esset
1144 1760 1245 1780 tantum
1261 1757 1358 1780 electus
1377 1757 1524 1786 Vabrcns.)y
1541 1765 1582 1780 an.
1603 1757 1672 1786 1362,
1688 1756 1748 1780 Dec.
1767 1758 1790 1786 6,
1806 1757 1879 1780 card.
1905 1757 1931 1780 S.
1952 1758 2085 1781 Laurentii
2101 1758 2127 1780 in
2145 1758 2206 1781 Luc.
2227 1758 2300 1782 Obiit

433 1809 473 1823 an.
491 1801 560 1831 1367,
577 1801 752 1829 Novemb.11‚
771 1801 866 1824 Romae
878 1801 1039 1832 (Contelori).
1054 1802 1092 1825 Cf.
1109 1805 1134 1824 et
1149 1802 1253 1829 Baluze,
1276 1802 1326 1825 Vit.
1342 1809 1407 1832 pap.
1424 1804 1519 1829 Aven„
1536 1802 1554 1829 Ι,
1571 1802 1626 1829 961,
1645 1810 1713 1832 sqq„
1734 1801 1777 1824 ubi
1797 1804 1884 1824 tamen
1899 1810 2039 1833 perperam
2057 1811 2083 1833 p.
2099 1803 2146 1825 963
2160 1802 2298 1832 asseritur,

432 1845 519 1875 ipsum
535 1853 576 1868 an.
593 1846 652 1868 1368
674 1845 780 1868 obiisse.
796 1859 826 1863 --
845 1847 867 1868 [Δ.
885 1846 1021 1876 Hugonem
1038 1846 1070 1869 de
1088 1847 1114 1870 S.
1136 1846 1259 1875 Martiali,
1278 1856 1289 1867 α
1306 1846 1418 1869 Tholose
1434 1847 1582 1869 studentem
1598 1856 1620 1875 »,
1638 1850 1665 1869 ut
1685 1846 1782 1869 dieitur
1801 1846 1828 1868 in
1849 1846 1927 1869 Arch.
1945 1847 2002 1870 Vat.
2018 1846 2117 1878 Oblig.‚
2138 1851 2167 1870 11⁰
2184 1848 2223 1876 35,
2241 1848 2258 1871 s.
2274 1849 2298 1876 6,

432 1897 474 1912 an.
488 1890 556 1917 1361,
576 1890 647 1920 Sept.
663 1891 702 1919 17,
719 1893 835 1913 creatum
850 1890 1011 1913 cardinalem
1026 1890 1089 1921 (vid.
1106 1890 1185 1914 etiam
1198 1891 1302 1919 Baluze,
1319 1891 1336 1913 1.
1354 1899 1387 1917 c..
1402 1891 1421 1918 Ι,
1438 1892 1503 1920 964).

438 2082 558 2119 1351
569 2111 577 2118 .
606 2092 735 2117 Urbanus
756 2092 926 2128 Vprohibet,
945 2102 979 2119 ne
994 2095 1058 2128 qais
1070 2094 1213 2129 pendente
1228 2104 1319 2120 causa
1335 2095 1375 2121 ad
1390 2095 1610 2122 arrestationem
1627 2095 1756 2130 Dionysii
1773 2094 1939 2121 Foulleclzat
1955 2095 2104 2130 procedat.

1658 2187 1732 2216 1369,
1747 2187 1866 2212 danuarii
1879 2187 1896 2216 1,
1910 2187 2010 2212 Romae.

521 2275 730 2308 Venerabili
757 2276 856 2308 fratri
880 2302 901 2308 ..
929 2277 1101 2322 episcopo
1123 2279 1338 2312 Parisiensi¹
1363 2287 1398 2312 et
1418 2279 1562 2312 dilectis
1583 2279 1669 2312 filiis
1690 2278 1971 2324 inquisitoribus
1996 2278 2156 2311 heretice
2181 2278 2298 2324 pravi-

436 2341 515 2373 tatis
537 2341 573 2372 in
596 2353 708 2385 regno
727 2343 875 2375 Francie
896 2344 1117 2386 constitutis,
1135 2358 1173 2378 ac
1195 2346 1412 2379 cancellario
1433 2346 1542 2379 studii
1566 2346 1678 2379 Paris.
1703 2346 1854 2379 salutem
1879 2352 1914 2378 et
1934 2345 2168 2390 apostolicam
2185 2344 2297 2378 bene-

435 2407 641 2439 dictionem.
671 2408 760 2441 Cum
795 2409 991 2453 Dyonisius
1028 2411 1248 2453 Foullechat,
1276 2413 1362 2445 Ord.
1399 2414 1546 2445 fratrum
1584 2413 1671 2445 Min.
1705 2413 1904 2457 professor,
1935 2424 2046 2456 super
2079 2411 2295 2456 quibusdam

434 2473 595 2506 articulis
628 2486 692 2506 seu
722 2475 1034 2518 conclusionibus⁷
1057 2478 1199 2522 partim,
1227 2486 1265 2511 ut
1291 2479 1535 2520 asserebatur,
1558 2479 1725 2512 erroneis
1753 2485 1788 2511 et
1806 2478 2079 2519 heretiealibus,
2103 2485 2138 2511 et
2169 2478 2297 2523 partim

434 2539 534 2572 falsis
552 2546 586 2572 et
606 2541 819 2582 temerariis,
842 2554 906 2586 per
922 2544 1076 2576 eundem
1099 2545 1310 2589 Dyonisium
1333 2546 1370 2578 in
1386 2546 1529 2579 civitate
1551 2546 1748 2578 Parisiensi
1769 2545 1967 2590 propositis
1984 2551 2020 2577 et
2039 2544 2189 2590 prolatis
2210 2544 2299 2577 deli-

435 2606 558 2650 quisse
586 2606 781 2648 diceretur,
803 2615 838 2640 et
867 2620 976 2653 super
996 2609 1066 2643 hiis
1095 2623 1158 2655 per
1186 2618 1232 2652 te,
1260 2612 1310 2644 fili
1336 2613 1564 2654 cancellarie,
1592 2613 1734 2653 fuisset,
1758 2618 1866 2656 prout
1894 2612 1938 2644 ad
1966 2618 2064 2644 tuum
2094 2610 2297 2656 pertinebat

435 2673 604 2712 officium,
629 2673 857 2718 redargutus,
886 2682 920 2707 et
946 2676 1088 2708 tandem
1110 2689 1216 2710 causa
1242 2690 1353 2723 super
1373 2679 1444 2712 hiis
1474 2680 1605 2712 fuisset
1625 2679 1670 2711 ad
1691 2681 1885 2711 Romanam
1914 2678 2050 2711 curiam
2077 2677 2296 2719 introducta,

435 2750 575 2783 nosque
596 2751 712 2783 nuper
732 2752 874 2773 eausam
896 2741 1009 2785 ipsam
1034 2743 1166 2776 dilecto
1188 2744 1262 2776 filio
1283 2752 1408 2778 nostro
1429 2745 1583 2778 Johanni
1606 2752 1729 2778 sancte
1750 2746 1908 2778 Romane
1931 2744 2087 2777 ecclesie
2107 2743 2296 2786 cardinali,

435 2805 520 2837 olim
541 2805 713 2850 episcopo
742 2806 966 2848 Belvacensi,
993 2810 1241 2843 commisimus
1267 2812 1482 2844 audiendam
1511 2819 1546 2845 et
1571 2812 1642 2844 fine
1670 2811 1794 2844 debito
1822 2811 2098 2852 terminandam,
2127 2811 2297 2855 idemque

436 2871 644 2916 Dyonisius,
664 2879 702 2904 ut
721 2873 864 2915 asserit,
882 2875 1111 2918 pertimescat
1128 2888 1172 2909 ne
1189 2878 1271 2921 quis
1288 2878 1430 2910 emulus
1446 2879 1483 2910 in
1502 2890 1694 2923 personam
1711 2890 1810 2911 suam
1827 2878 1933 2910 saciat
1949 2889 2013 2910 seu
2030 2877 2109 2910 fieri
2126 2883 2297 2921 procuret
