<?xml version="1.0" encoding="UTF-8"?>
<!DOCTYPE html PUBLIC "-//W3C//DTD XHTML 1.0 Transitional//EN"
    "http://www.w3.org/TR/xhtml1/DTD/xhtml1-transitional.dtd">
<html xmlns="http://www.w3.org/1999/xhtml" xml:lang="en" lang="en">
 <head>
  <title>
</title>
<meta http-equiv="Content-Type" content="text/html;charset=utf-8" />
  <meta name='ocr-system' content='tesseract 3.04.00' />
  <meta name='ocr-capabilities' content='ocr_page ocr_carea ocr_par ocr_line ocrx_word'/>
</head>
<body>
  <div class='ocr_page' id='page_1' title='image "auctariumchartul03univuoft_0086.png"; bbox 0 0 2488 3386; ppageno 0'>
   <div class='ocr_carea' id='block_1_1' title="bbox 463 317 2323 353">
    <p class='ocr_par' dir='ltr' id='par_1_1' title="bbox 463 317 2323 353">
     <span class='ocr_line' id='line_1_1' title="bbox 463 317 2323 353; baseline 0.001 -2"><span class='ocrx_word' id='word_1_1' title='bbox 463 319 506 351; x_wconf 81' lang='lat'><em>38</em></span> <span class='ocrx_word' id='word_1_2' title='bbox 1036 329 1355 351; x_wconf 71' lang='lat' dir='ltr'>CHARTULARIUM</span> <span class='ocrx_word' id='word_1_3' title='bbox 1392 330 1580 351; x_wconf 77' lang='lat' dir='ltr'>UNIVERS.</span> <span class='ocrx_word' id='word_1_4' title='bbox 1617 330 1746 352; x_wconf 74' lang='lat' dir='ltr'><em>PAms.</em></span> <span class='ocrx_word' id='word_1_5' title='bbox 2225 317 2323 353; x_wconf 88' lang='lat'>[1355</span> 
     </span>
    </p>
   </div>
   <div class='ocr_carea' id='block_1_2' title="bbox 461 402 2322 478">
    <p class='ocr_par' dir='ltr' id='par_1_2' title="bbox 461 402 2322 478">
     <span class='ocr_line' id='line_1_2' title="bbox 461 402 2322 434; baseline 0.002 -10"><span class='ocrx_word' id='word_1_6' title='bbox 461 402 526 424; x_wconf 86' lang='lat' dir='ltr'><em>nihil</em></span> <span class='ocrx_word' id='word_1_7' title='bbox 541 405 667 427; x_wconf 77' lang='lat' dir='ltr'>curasset.</span> <span class='ocrx_word' id='word_1_8' title='bbox 685 415 716 420; x_wconf 91' lang='lat'><strong>—</strong></span> <span class='ocrx_word' id='word_1_9' title='bbox 734 403 756 426; x_wconf 81' lang='lat'><em>³.</em></span> <span class='ocrx_word' id='word_1_10' title='bbox 774 402 808 426; x_wconf 83' lang='lat' dir='ltr'><em>De</em></span> <span class='ocrx_word' id='word_1_11' title='bbox 827 402 885 433; x_wconf 83' lang='lat' dir='ltr'><em>ipso</em></span> <span class='ocrx_word' id='word_1_12' title='bbox 901 402 927 425; x_wconf 90' lang='lat' dir='ltr'><em>in</em></span> <span class='ocrx_word' id='word_1_13' title='bbox 943 402 992 425; x_wconf 82' lang='lat' dir='ltr'><em>hoc</em></span> <span class='ocrx_word' id='word_1_14' title='bbox 1007 403 1059 426; x_wconf 89' lang='lat' dir='ltr'><em>vol.</em></span> <span class='ocrx_word' id='word_1_15' title='bbox 1074 416 1105 420; x_wconf 92' lang='grc'><em>--</em></span> <span class='ocrx_word' id='word_1_16' title='bbox 1118 404 1142 426; x_wconf 71' lang='lat'><em>¹4.</em></span> <span class='ocrx_word' id='word_1_17' title='bbox 1156 403 1206 431; x_wconf 86' lang='lat' dir='ltr'><em>Qui</em></span> <span class='ocrx_word' id='word_1_18' title='bbox 1222 404 1305 426; x_wconf 77' lang='lat' dir='ltr'><em>suetus</em></span> <span class='ocrx_word' id='word_1_19' title='bbox 1317 407 1357 426; x_wconf 84' lang='lat' dir='ltr'><em>est</em></span> <span class='ocrx_word' id='word_1_20' title='bbox 1371 411 1412 426; x_wconf 80' lang='lat' dir='ltr'><em>an.</em></span> <span class='ocrx_word' id='word_1_21' title='bbox 1428 403 1489 426; x_wconf 82' lang='lat'>1370</span> <span class='ocrx_word' id='word_1_22' title='bbox 1504 403 1686 426; x_wconf 78' lang='lat' dir='ltr'><em>cancellarius.</em></span> <span class='ocrx_word' id='word_1_23' title='bbox 1704 403 1761 426; x_wconf 86' lang='lat' dir='ltr'><em>Vid.</em></span> <span class='ocrx_word' id='word_1_24' title='bbox 1775 403 1854 430; x_wconf 80' lang='lat' dir='ltr'><em>infru,</em></span> <span class='ocrx_word' id='word_1_25' title='bbox 1868 406 1894 426; x_wconf 73' lang='lat' dir='ltr'><em>et</em></span> <span class='ocrx_word' id='word_1_26' title='bbox 1910 403 2049 432; x_wconf 63' lang='lat' dir='ltr'><em>Chartul„</em></span> <span class='ocrx_word' id='word_1_27' title='bbox 2064 404 2097 432; x_wconf 84' lang='lat'><em>11,</em></span> <span class='ocrx_word' id='word_1_28' title='bbox 2115 410 2142 434; x_wconf 89' lang='lat' dir='ltr'><em>p.</em></span> <span class='ocrx_word' id='word_1_29' title='bbox 2160 404 2216 432; x_wconf 80' lang='lat'><em>636,</em></span> <span class='ocrx_word' id='word_1_30' title='bbox 2229 406 2283 427; x_wconf 78' lang='lat' dir='ltr'><em>not.</em></span> <span class='ocrx_word' id='word_1_31' title='bbox 2298 405 2322 427; x_wconf 72' lang='grc' dir='ltr'><em>Ω.</em></span> 
     </span>
     <span class='ocr_line' id='line_1_3' title="bbox 464 446 1963 478; baseline 0.001 -9"><span class='ocrx_word' id='word_1_32' title='bbox 464 459 490 463; x_wconf 85' lang='lat'><em>-</em></span> <span class='ocrx_word' id='word_1_33' title='bbox 507 448 528 469; x_wconf 85' lang='lat'><em>5.</em></span> <span class='ocrx_word' id='word_1_34' title='bbox 547 446 603 469; x_wconf 88' lang='lat' dir='ltr'><em>Vid.</em></span> <span class='ocrx_word' id='word_1_35' title='bbox 620 446 651 469; x_wconf 81' lang='lat' dir='ltr'><em>de</em></span> <span class='ocrx_word' id='word_1_36' title='bbox 666 446 724 477; x_wconf 75' lang='lat' dir='ltr'><em>ipso</em></span> <span class='ocrx_word' id='word_1_37' title='bbox 739 446 766 469; x_wconf 86' lang='lat' dir='ltr'><em>in</em></span> <span class='ocrx_word' id='word_1_38' title='bbox 779 446 837 470; x_wconf 85' lang='lat' dir='ltr'><strong><em>Lib.</em></strong></span> <span class='ocrx_word' id='word_1_39' title='bbox 849 453 927 477; x_wconf 82' lang='lat' dir='ltr'><em>proc.</em></span> <span class='ocrx_word' id='word_1_40' title='bbox 948 451 1006 471; x_wconf 76' lang='lat' dir='ltr'><em>nat.</em></span> <span class='ocrx_word' id='word_1_41' title='bbox 1021 447 1133 477; x_wconf 73' lang='lat' dir='ltr'><em>Anylic.</em></span> <span class='ocrx_word' id='word_1_42' title='bbox 1150 449 1277 476; x_wconf 77' lang='lat' dir='ltr'><em>(Auctor.</em></span> <span class='ocrx_word' id='word_1_43' title='bbox 1296 448 1441 476; x_wconf 63' lang='lat' dir='ltr'><em>Chartam.</em></span> <span class='ocrx_word' id='word_1_44' title='bbox 1459 461 1486 465; x_wconf 89' lang='lat'>—</span> <span class='ocrx_word' id='word_1_45' title='bbox 1504 449 1527 471; x_wconf 85' lang='lat'><em>6.</em></span> <span class='ocrx_word' id='word_1_46' title='bbox 1543 448 1578 471; x_wconf 83' lang='lat' dir='ltr'><em>De</em></span> <span class='ocrx_word' id='word_1_47' title='bbox 1593 447 1652 478; x_wconf 78' lang='lat' dir='ltr'><em>ipso</em></span> <span class='ocrx_word' id='word_1_48' title='bbox 1664 447 1719 478; x_wconf 76' lang='lat' dir='ltr'><em>jam</em></span> <span class='ocrx_word' id='word_1_49' title='bbox 1735 447 1761 470; x_wconf 90' lang='lat' dir='ltr'><em>in</em></span> <span class='ocrx_word' id='word_1_50' title='bbox 1777 447 1914 476; x_wconf 66' lang='lat' dir='ltr'><em>Chartul„</em></span> <span class='ocrx_word' id='word_1_51' title='bbox 1930 447 1963 470; x_wconf 80' lang='grc' dir='ltr'><em>ΙΙ.</em></span> 
     </span>
    </p>
   </div>
   <div class='ocr_carea' id='block_1_3' title="bbox 467 612 2321 658">
    <p class='ocr_par' dir='ltr' id='par_1_3' title="bbox 467 612 2321 658">
     <span class='ocr_line' id='line_1_4' title="bbox 467 612 2321 658; baseline 0.001 -10"><span class='ocrx_word' id='word_1_52' title='bbox 467 612 606 649; x_wconf 79' lang='grc'><strong>1228.</strong></span> <span class='ocrx_word' id='word_1_53' title='bbox 632 623 774 647; x_wconf 80' lang='lat' dir='ltr'><em>Statutum</em></span> <span class='ocrx_word' id='word_1_54' title='bbox 789 622 916 647; x_wconf 82' lang='lat' dir='ltr'><em>nationis</em></span> <span class='ocrx_word' id='word_1_55' title='bbox 931 622 1102 648; x_wconf 80' lang='lat' dir='ltr'><em>Picardicae</em></span> <span class='ocrx_word' id='word_1_56' title='bbox 1120 622 1155 648; x_wconf 84' lang='lat' dir='ltr'><em>de</em></span> <span class='ocrx_word' id='word_1_57' title='bbox 1171 622 1421 647; x_wconf 80' lang='lat' dir='ltr'><em>distributionibus</em></span> <span class='ocrx_word' id='word_1_58' title='bbox 1438 625 1465 647; x_wconf 83' lang='lat' dir='ltr'><em>et</em></span> <span class='ocrx_word' id='word_1_59' title='bbox 1483 622 1609 647; x_wconf 82' lang='lat' dir='ltr'><em>clavibus</em></span> <span class='ocrx_word' id='word_1_60' title='bbox 1625 630 1712 647; x_wconf 81' lang='lat' dir='ltr'><em>arcae</em></span> <span class='ocrx_word' id='word_1_61' title='bbox 1728 622 1882 647; x_wconf 83' lang='lat' dir='ltr'><em>communis</em></span> <span class='ocrx_word' id='word_1_62' title='bbox 1898 622 2081 658; x_wconf 79' lang='lat' dir='ltr'><em>reportandis</em></span> <span class='ocrx_word' id='word_1_63' title='bbox 2097 622 2138 648; x_wconf 85' lang='lat' dir='ltr'><em>ad</em></span> <span class='ocrx_word' id='word_1_64' title='bbox 2159 622 2321 650; x_wconf 76' lang='lat' dir='ltr'><em>electionem</em></span> 
     </span>
    </p>
   </div>
   <div class='ocr_carea' id='block_1_4' title="bbox 550 674 2037 749">
    <p class='ocr_par' dir='ltr' id='par_1_4' title="bbox 550 674 2037 749">
     <span class='ocr_line' id='line_1_5' title="bbox 550 674 918 706; baseline 0 -10"><span class='ocrx_word' id='word_1_65' title='bbox 550 679 680 696; x_wconf 81' lang='lat' dir='ltr'><em>novorum</em></span> <span class='ocrx_word' id='word_1_66' title='bbox 693 674 918 706; x_wconf 83' lang='lat' dir='ltr'><em>procuratorum.</em></span> 
     </span>
     <span class='ocr_line' id='line_1_6' title="bbox 1676 719 2037 749; baseline 0.006 -5"><span class='ocrx_word' id='word_1_67' title='bbox 1676 720 1751 748; x_wconf 80' lang='lat'><em>1365,</em></span> <span class='ocrx_word' id='word_1_68' title='bbox 1768 719 1855 745; x_wconf 77' lang='lat' dir='ltr'><em>octob.</em></span> <span class='ocrx_word' id='word_1_69' title='bbox 1875 720 1911 749; x_wconf 83' lang='grc'><em>15,</em></span> <span class='ocrx_word' id='word_1_70' title='bbox 1924 720 2037 746; x_wconf 69' lang='lat' dir='ltr'><em>Pal-lello.</em></span> 
     </span>
    </p>
   </div>
   <div class='ocr_carea' id='block_1_5' title="bbox 459 802 2362 2830">
    <p class='ocr_par' dir='ltr' id='par_1_5' title="bbox 459 802 2362 2830">
     <span class='ocr_line' id='line_1_7' title="bbox 552 802 2320 847; baseline 0.001 -12"><span class='ocrx_word' id='word_1_71' title='bbox 552 803 740 835; x_wconf 87' lang='lat' dir='ltr'><em>Universis</em></span> <span class='ocrx_word' id='word_1_72' title='bbox 762 809 949 847; x_wconf 78' lang='lat' dir='ltr'><em>presentes</em></span> <span class='ocrx_word' id='word_1_73' title='bbox 970 802 1106 834; x_wconf 73' lang='lat' dir='ltr'><em>litteras</em></span> <span class='ocrx_word' id='word_1_74' title='bbox 1127 802 1346 846; x_wconf 83' lang='lat' dir='ltr'><em>inspecturis</em></span> <span class='ocrx_word' id='word_1_75' title='bbox 1368 814 1494 834; x_wconf 91' lang='lat' dir='ltr'><em>omnes</em></span> <span class='ocrx_word' id='word_1_76' title='bbox 1516 809 1551 834; x_wconf 88' lang='lat' dir='ltr'><em>et</em></span> <span class='ocrx_word' id='word_1_77' title='bbox 1571 802 1707 846; x_wconf 87' lang='lat' dir='ltr'><em>singuli</em></span> <span class='ocrx_word' id='word_1_78' title='bbox 1729 803 1892 847; x_wconf 79' lang='lat' dir='ltr'><em>magistri</em></span> <span class='ocrx_word' id='word_1_79' title='bbox 1912 803 2068 836; x_wconf 89' lang='lat' dir='ltr'><em>nationis</em></span> <span class='ocrx_word' id='word_1_80' title='bbox 2089 804 2320 837; x_wconf 62' lang='lat' dir='ltr'><em>Pit-ardorum</em></span> 
     </span>
     <span class='ocr_line' id='line_1_8' title="bbox 462 867 2322 914; baseline 0.002 -14"><span class='ocrx_word' id='word_1_81' title='bbox 462 868 621 901; x_wconf 88' lang='lat' dir='ltr'><em>Parisius</em></span> <span class='ocrx_word' id='word_1_82' title='bbox 643 868 678 900; x_wconf 93' lang='lat' dir='ltr'><em>in</em></span> <span class='ocrx_word' id='word_1_83' title='bbox 699 868 825 900; x_wconf 90' lang='lat' dir='ltr'><em>artium</em></span> <span class='ocrx_word' id='word_1_84' title='bbox 848 867 1013 900; x_wconf 81' lang='lat' dir='ltr'><em>facultate</em></span> <span class='ocrx_word' id='word_1_85' title='bbox 1035 874 1217 912; x_wconf 85' lang='lat' dir='ltr'><em>regentes,</em></span> <span class='ocrx_word' id='word_1_86' title='bbox 1237 867 1386 900; x_wconf 88' lang='lat' dir='ltr'><em>salutem</em></span> <span class='ocrx_word' id='word_1_87' title='bbox 1409 868 1445 899; x_wconf 93' lang='lat' dir='ltr'><em>in</em></span> <span class='ocrx_word' id='word_1_88' title='bbox 1468 868 1634 901; x_wconf 89' lang='lat' dir='ltr'><em>Domino.</em></span> <span class='ocrx_word' id='word_1_89' title='bbox 1654 868 1743 901; x_wconf 92' lang='lat' dir='ltr'><em>Cum</em></span> <span class='ocrx_word' id='word_1_90' title='bbox 1766 868 1808 900; x_wconf 91' lang='lat' dir='ltr'><em>ab</em></span> <span class='ocrx_word' id='word_1_91' title='bbox 1825 869 1973 913; x_wconf 88' lang='lat' dir='ltr'><em>antiquo</em></span> <span class='ocrx_word' id='word_1_92' title='bbox 1991 870 2182 902; x_wconf 88' lang='lat' dir='ltr'><em>reverendi</em></span> <span class='ocrx_word' id='word_1_93' title='bbox 2203 876 2322 914; x_wconf 87' lang='lat' dir='ltr'><em>patres</em></span> 
     </span>
     <span class='ocr_line' id='line_1_9' title="bbox 462 933 2322 980; baseline 0.002 -14"><span class='ocrx_word' id='word_1_94' title='bbox 462 941 496 966; x_wconf 92' lang='lat' dir='ltr'><em>et</em></span> <span class='ocrx_word' id='word_1_95' title='bbox 518 934 797 978; x_wconf 78' lang='lat' dir='ltr'><em>predecessores</em></span> <span class='ocrx_word' id='word_1_96' title='bbox 819 934 933 966; x_wconf 90' lang='lat' dir='ltr'><em>nostri</em></span> <span class='ocrx_word' id='word_1_97' title='bbox 959 940 994 966; x_wconf 91' lang='lat' dir='ltr'><em>et</em></span> <span class='ocrx_word' id='word_1_98' title='bbox 1022 945 1089 966; x_wconf 90' lang='lat' dir='ltr'><em>nos</em></span> <span class='ocrx_word' id='word_1_99' title='bbox 1117 934 1153 965; x_wconf 90' lang='lat' dir='ltr'><em>in</em></span> <span class='ocrx_word' id='word_1_100' title='bbox 1183 933 1368 966; x_wconf 89' lang='lat' dir='ltr'><em>servitium</em></span> <span class='ocrx_word' id='word_1_101' title='bbox 1398 940 1433 966; x_wconf 90' lang='lat' dir='ltr'><em>et</em></span> <span class='ocrx_word' id='word_1_102' title='bbox 1464 933 1637 966; x_wconf 87' lang='lat' dir='ltr'><em>honorem</em></span> <span class='ocrx_word' id='word_1_103' title='bbox 1668 934 1731 966; x_wconf 91' lang='lat' dir='ltr'><em>Dei</em></span> <span class='ocrx_word' id='word_1_104' title='bbox 1759 934 2032 979; x_wconf 88' lang='lat' dir='ltr'><em>omnipotentis,</em></span> <span class='ocrx_word' id='word_1_105' title='bbox 2055 935 2322 980; x_wconf 82' lang='lat' dir='ltr'><em>gloriosissime</em></span> 
     </span>
     <span class='ocr_line' id='line_1_10' title="bbox 461 999 2322 1044; baseline 0.002 -12"><span class='ocrx_word' id='word_1_106' title='bbox 461 1000 624 1044; x_wconf 85' lang='lat' dir='ltr'><em>Virginis</em></span> <span class='ocrx_word' id='word_1_107' title='bbox 654 1000 764 1032; x_wconf 87' lang='lat' dir='ltr'><em>Marie</em></span> <span class='ocrx_word' id='word_1_108' title='bbox 799 1012 837 1031; x_wconf 88' lang='lat' dir='ltr'><em>ac</em></span> <span class='ocrx_word' id='word_1_109' title='bbox 872 999 1057 1032; x_wconf 88' lang='lat' dir='ltr'><em>beatorum</em></span> <span class='ocrx_word' id='word_1_110' title='bbox 1088 999 1176 1031; x_wconf 86' lang='lat' dir='ltr'><em>cleri</em></span> <span class='ocrx_word' id='word_1_111' title='bbox 1211 1006 1442 1043; x_wconf 87' lang='lat' dir='ltr'><em>patronorum</em></span> <span class='ocrx_word' id='word_1_112' title='bbox 1478 999 1614 1032; x_wconf 86' lang='lat' dir='ltr'><em>Nicolai</em></span> <span class='ocrx_word' id='word_1_113' title='bbox 1649 1006 1683 1032; x_wconf 90' lang='lat' dir='ltr'><em>et</em></span> <span class='ocrx_word' id='word_1_114' title='bbox 1718 999 1925 1039; x_wconf 87' lang='lat' dir='ltr'><em>Katharine,</em></span> <span class='ocrx_word' id='word_1_115' title='bbox 1952 1002 2252 1035; x_wconf 83' lang='lat' dir='ltr'><em>consueverimus</em></span> <span class='ocrx_word' id='word_1_116' title='bbox 2286 1002 2322 1035; x_wconf 91' lang='lat' dir='ltr'><em>in</em></span> 
     </span>
     <span class='ocr_line' id='line_1_11' title="bbox 461 1065 2322 1113; baseline 0.002 -15"><span class='ocrx_word' id='word_1_117' title='bbox 461 1078 585 1098; x_wconf 91' lang='lat' dir='ltr'><em>eorum</em></span> <span class='ocrx_word' id='word_1_118' title='bbox 612 1065 867 1098; x_wconf 83' lang='lat' dir='ltr'><em>festivitatibus</em></span> <span class='ocrx_word' id='word_1_119' title='bbox 895 1066 931 1097; x_wconf 92' lang='lat' dir='ltr'><em>in</em></span> <span class='ocrx_word' id='word_1_120' title='bbox 952 1065 1088 1109; x_wconf 88' lang='lat' dir='ltr'><em>vigiliis</em></span> <span class='ocrx_word' id='word_1_121' title='bbox 1110 1065 1230 1098; x_wconf 88' lang='lat' dir='ltr'><em>dicere</em></span> <span class='ocrx_word' id='word_1_122' title='bbox 1252 1077 1423 1110; x_wconf 87' lang='lat' dir='ltr'><em>vesperas</em></span> <span class='ocrx_word' id='word_1_123' title='bbox 1445 1072 1480 1098; x_wconf 88' lang='lat' dir='ltr'><em>et</em></span> <span class='ocrx_word' id='word_1_124' title='bbox 1509 1066 1543 1097; x_wconf 92' lang='lat' dir='ltr'><em>in</em></span> <span class='ocrx_word' id='word_1_125' title='bbox 1575 1065 1705 1098; x_wconf 87' lang='lat' dir='ltr'><em>diebus</em></span> <span class='ocrx_word' id='word_1_126' title='bbox 1734 1066 1878 1099; x_wconf 88' lang='lat' dir='ltr'><em>missam</em></span> <span class='ocrx_word' id='word_1_127' title='bbox 1908 1067 2016 1099; x_wconf 90' lang='lat' dir='ltr'><em>simul</em></span> <span class='ocrx_word' id='word_1_128' title='bbox 2045 1068 2256 1113; x_wconf 85' lang='lat' dir='ltr'><em>congregati</em></span> <span class='ocrx_word' id='word_1_129' title='bbox 2285 1068 2322 1101; x_wconf 89' lang='lat' dir='ltr'><em>in</em></span> 
     </span>
     <span class='ocr_line' id='line_1_12' title="bbox 461 1130 2321 1177; baseline 0.002 -13"><span class='ocrx_word' id='word_1_130' title='bbox 461 1132 579 1176; x_wconf 89' lang='lat' dir='ltr'><em>aliqua</em></span> <span class='ocrx_word' id='word_1_131' title='bbox 601 1131 753 1164; x_wconf 86' lang='lat' dir='ltr'><em>ecclesia</em></span> <span class='ocrx_word' id='word_1_132' title='bbox 775 1131 992 1171; x_wconf 86' lang='lat' dir='ltr'><em>celebrare¹,</em></span> <span class='ocrx_word' id='word_1_133' title='bbox 1020 1143 1087 1163; x_wconf 89' lang='lat' dir='ltr'><em>nos</em></span> <span class='ocrx_word' id='word_1_134' title='bbox 1109 1143 1189 1163; x_wconf 84' lang='lat' dir='ltr'><em>cum</em></span> <span class='ocrx_word' id='word_1_135' title='bbox 1212 1130 1345 1164; x_wconf 89' lang='lat' dir='ltr'><em>debitis</em></span> <span class='ocrx_word' id='word_1_136' title='bbox 1366 1131 1637 1164; x_wconf 84' lang='lat' dir='ltr'><em>circunstantiis</em></span> <span class='ocrx_word' id='word_1_137' title='bbox 1658 1132 1773 1164; x_wconf 82' lang='lat' dir='ltr'><em>vocati</em></span> <span class='ocrx_word' id='word_1_138' title='bbox 1795 1133 2001 1177; x_wconf 81' lang='lat' dir='ltr'><em>specialiter</em></span> <span class='ocrx_word' id='word_1_139' title='bbox 2021 1133 2064 1166; x_wconf 86' lang='lat' dir='ltr'><em>ad</em></span> <span class='ocrx_word' id='word_1_140' title='bbox 2092 1135 2321 1167; x_wconf 87' lang='lat' dir='ltr'><em>statuendum</em></span> 
     </span>
     <span class='ocr_line' id='line_1_13' title="bbox 460 1197 2322 1246; baseline 0.003 -17"><span class='ocrx_word' id='word_1_141' title='bbox 460 1198 554 1242; x_wconf 90' lang='lat' dir='ltr'><em>apud</em></span> <span class='ocrx_word' id='word_1_142' title='bbox 584 1198 749 1230; x_wconf 89' lang='lat' dir='ltr'><em>Sanctum</em></span> <span class='ocrx_word' id='word_1_143' title='bbox 775 1197 954 1229; x_wconf 86' lang='lat' dir='ltr'><em>Julianum</em></span> <span class='ocrx_word' id='word_1_144' title='bbox 977 1198 1187 1242; x_wconf 86' lang='lat' dir='ltr'><em>Pauperem,</em></span> <span class='ocrx_word' id='word_1_145' title='bbox 1214 1197 1301 1230; x_wconf 88' lang='lat' dir='ltr'><em>hora</em></span> <span class='ocrx_word' id='word_1_146' title='bbox 1331 1198 1445 1242; x_wconf 90' lang='lat' dir='ltr'><em>prime</em></span> <span class='ocrx_word' id='word_1_147' title='bbox 1476 1199 1583 1230; x_wconf 87' lang='lat' dir='ltr'><em>Beate</em></span> <span class='ocrx_word' id='word_1_148' title='bbox 1605 1198 1729 1237; x_wconf 88' lang='lat' dir='ltr'><em>Marie,</em></span> <span class='ocrx_word' id='word_1_149' title='bbox 1758 1198 1815 1231; x_wconf 89' lang='lat' dir='ltr'><em>die</em></span> <span class='ocrx_word' id='word_1_150' title='bbox 1839 1199 1937 1243; x_wconf 89' lang='lat' dir='ltr'><em>jovis</em></span> <span class='ocrx_word' id='word_1_151' title='bbox 1965 1206 2047 1244; x_wconf 87' lang='lat' dir='ltr'><em>post</em></span> <span class='ocrx_word' id='word_1_152' title='bbox 2075 1200 2206 1233; x_wconf 80' lang='lat' dir='ltr'><em>festum</em></span> <span class='ocrx_word' id='word_1_153' title='bbox 2228 1200 2322 1246; x_wconf 79' lang='lat' dir='ltr'><em>beati</em></span> 
     </span>
     <span class='ocr_line' id='line_1_14' title="bbox 462 1263 2323 1309; baseline 0.003 -14"><span class='ocrx_word' id='word_1_154' title='bbox 462 1264 637 1306; x_wconf 87' lang='lat' dir='ltr'><em>Dionysii,</em></span> <span class='ocrx_word' id='word_1_155' title='bbox 660 1275 752 1295; x_wconf 89' lang='lat' dir='ltr'><em>anno</em></span> <span class='ocrx_word' id='word_1_156' title='bbox 775 1275 792 1295; x_wconf 91' lang='lat' dir='ltr'><em>a</em></span> <span class='ocrx_word' id='word_1_157' title='bbox 818 1263 1006 1295; x_wconf 86' lang='lat' dir='ltr'><em>Nativitate</em></span> <span class='ocrx_word' id='word_1_158' title='bbox 1034 1263 1176 1295; x_wconf 87' lang='lat' dir='ltr'><em>Domini</em></span> <span class='ocrx_word' id='word_1_159' title='bbox 1204 1263 1398 1296; x_wconf 89' lang='lat' dir='ltr'><em>millesimo</em></span> <span class='ocrx_word' id='word_1_160' title='bbox 1420 1264 1509 1297; x_wconf 91' lang='lat' dir='ltr'><em>CCC</em></span> <span class='ocrx_word' id='word_1_161' title='bbox 1523 1265 1595 1305; x_wconf 88' lang='lat' dir='ltr'><em>LV,</em></span> <span class='ocrx_word' id='word_1_162' title='bbox 1623 1271 1661 1296; x_wconf 92' lang='lat' dir='ltr'><em>ut</em></span> <span class='ocrx_word' id='word_1_163' title='bbox 1686 1264 1888 1309; x_wconf 89' lang='lat' dir='ltr'><em>predictum</em></span> <span class='ocrx_word' id='word_1_164' title='bbox 1910 1265 2097 1299; x_wconf 90' lang='lat' dir='ltr'><em>servitium</em></span> <span class='ocrx_word' id='word_1_165' title='bbox 2119 1266 2323 1300; x_wconf 87' lang='lat' dir='ltr'><em>valeremus</em></span> 
     </span>
     <span class='ocr_line' id='line_1_15' title="bbox 461 1329 2322 1378; baseline 0.003 -17"><span class='ocrx_word' id='word_1_166' title='bbox 461 1329 627 1362; x_wconf 89' lang='lat' dir='ltr'><em>decetero</em></span> <span class='ocrx_word' id='word_1_167' title='bbox 645 1329 834 1361; x_wconf 90' lang='lat' dir='ltr'><em>solennius</em></span> <span class='ocrx_word' id='word_1_168' title='bbox 851 1336 884 1361; x_wconf 89' lang='lat' dir='ltr'><em>et</em></span> <span class='ocrx_word' id='word_1_169' title='bbox 904 1341 983 1361; x_wconf 88' lang='lat' dir='ltr'><em>cum</em></span> <span class='ocrx_word' id='word_1_170' title='bbox 1001 1329 1127 1374; x_wconf 85' lang='lat' dir='ltr'><em>majori</em></span> <span class='ocrx_word' id='word_1_171' title='bbox 1145 1330 1398 1374; x_wconf 87' lang='lat' dir='ltr'><em>magistrorum</em></span> <span class='ocrx_word' id='word_1_172' title='bbox 1422 1330 1653 1362; x_wconf 89' lang='lat' dir='ltr'><em>multitudine</em></span> <span class='ocrx_word' id='word_1_173' title='bbox 1671 1342 1853 1372; x_wconf 89' lang='lat' dir='ltr'><em>exercere,</em></span> <span class='ocrx_word' id='word_1_174' title='bbox 1873 1332 2064 1365; x_wconf 85' lang='lat' dir='ltr'><em>statuimus</em></span> <span class='ocrx_word' id='word_1_175' title='bbox 2081 1344 2150 1377; x_wconf 89' lang='lat' dir='ltr'><em>que</em></span> <span class='ocrx_word' id='word_1_176' title='bbox 2167 1344 2322 1378; x_wconf 88' lang='lat' dir='ltr'><em>sequun-</em></span> 
     </span>
     <span class='ocr_line' id='line_1_16' title="bbox 461 1395 2322 1444; baseline 0.003 -17"><span class='ocrx_word' id='word_1_177' title='bbox 461 1402 528 1428; x_wconf 87' lang='lat' dir='ltr'><em>tur.</em></span> <span class='ocrx_word' id='word_1_178' title='bbox 548 1395 692 1428; x_wconf 85' lang='lat' dir='ltr'><em>Scilicet</em></span> <span class='ocrx_word' id='word_1_179' title='bbox 712 1395 809 1439; x_wconf 93' lang='lat' dir='ltr'><em>quod</em></span> <span class='ocrx_word' id='word_1_180' title='bbox 831 1395 964 1440; x_wconf 88' lang='lat' dir='ltr'><em>singuli</em></span> <span class='ocrx_word' id='word_1_181' title='bbox 988 1396 1150 1440; x_wconf 84' lang='lat' dir='ltr'><em>magistri</em></span> <span class='ocrx_word' id='word_1_182' title='bbox 1172 1396 1334 1440; x_wconf 88' lang='lat' dir='ltr'><em>predicte</em></span> <span class='ocrx_word' id='word_1_183' title='bbox 1355 1403 1479 1428; x_wconf 87' lang='lat' dir='ltr'><em>nostre</em></span> <span class='ocrx_word' id='word_1_184' title='bbox 1501 1397 1670 1437; x_wconf 87' lang='lat' dir='ltr'><em>nationis,</em></span> <span class='ocrx_word' id='word_1_185' title='bbox 1689 1397 1725 1429; x_wconf 91' lang='lat' dir='ltr'><em>in</em></span> <span class='ocrx_word' id='word_1_186' title='bbox 1746 1397 1873 1430; x_wconf 90' lang='lat' dir='ltr'><em>artium</em></span> <span class='ocrx_word' id='word_1_187' title='bbox 1896 1398 2062 1431; x_wconf 82' lang='lat' dir='ltr'><em>facultate</em></span> <span class='ocrx_word' id='word_1_188' title='bbox 2085 1405 2268 1444; x_wconf 88' lang='lat' dir='ltr'><em>regentes,</em></span> <span class='ocrx_word' id='word_1_189' title='bbox 2285 1399 2322 1432; x_wconf 89' lang='lat' dir='ltr'><em>in</em></span> 
     </span>
     <span class='ocr_line' id='line_1_17' title="bbox 460 1461 2321 1507; baseline 0.003 -14"><span class='ocrx_word' id='word_1_190' title='bbox 460 1461 617 1506; x_wconf 88' lang='lat' dir='ltr'><em>singulis</em></span> <span class='ocrx_word' id='word_1_191' title='bbox 638 1462 740 1494; x_wconf 87' lang='lat' dir='ltr'><em>sestis</em></span> <span class='ocrx_word' id='word_1_192' title='bbox 761 1461 976 1494; x_wconf 87' lang='lat' dir='ltr'><em>solennibus</em></span> <span class='ocrx_word' id='word_1_193' title='bbox 998 1462 1239 1506; x_wconf 90' lang='lat' dir='ltr'><em>predictorum</em></span> <span class='ocrx_word' id='word_1_194' title='bbox 1258 1462 1422 1507; x_wconf 87' lang='lat' dir='ltr'><em>Virginis</em></span> <span class='ocrx_word' id='word_1_195' title='bbox 1443 1462 1624 1507; x_wconf 85' lang='lat' dir='ltr'><em>gloriose²</em></span> <span class='ocrx_word' id='word_1_196' title='bbox 1642 1475 1681 1495; x_wconf 89' lang='lat' dir='ltr'><em>ac</em></span> <span class='ocrx_word' id='word_1_197' title='bbox 1698 1462 1884 1496; x_wconf 89' lang='lat' dir='ltr'><em>beatorum</em></span> <span class='ocrx_word' id='word_1_198' title='bbox 1907 1464 2044 1497; x_wconf 89' lang='lat' dir='ltr'><em>Nicolai</em></span> <span class='ocrx_word' id='word_1_199' title='bbox 2061 1471 2096 1498; x_wconf 87' lang='lat' dir='ltr'><em>et</em></span> <span class='ocrx_word' id='word_1_200' title='bbox 2112 1464 2321 1506; x_wconf 84' lang='lat' dir='ltr'><em>Katherine,</em></span> 
     </span>
     <span class='ocr_line' id='line_1_18' title="bbox 462 1526 2323 1576; baseline 0.003 -17"><span class='ocrx_word' id='word_1_201' title='bbox 462 1527 635 1572; x_wconf 86' lang='lat' dir='ltr'><em>recipiant</em></span> <span class='ocrx_word' id='word_1_202' title='bbox 667 1539 730 1572; x_wconf 92' lang='lat' dir='ltr'><em>per</em></span> <span class='ocrx_word' id='word_1_203' title='bbox 760 1528 904 1559; x_wconf 88' lang='lat' dir='ltr'><em>modum</em></span> <span class='ocrx_word' id='word_1_204' title='bbox 935 1527 1244 1569; x_wconf 80' lang='lat' dir='ltr'><em>distributionum,</em></span> <span class='ocrx_word' id='word_1_205' title='bbox 1272 1529 1301 1561; x_wconf 85' lang='lat' dir='ltr'><em>si</em></span> <span class='ocrx_word' id='word_1_206' title='bbox 1332 1529 1466 1561; x_wconf 87' lang='lat' dir='ltr'><em>suerint</em></span> <span class='ocrx_word' id='word_1_207' title='bbox 1496 1536 1698 1573; x_wconf 89' lang='lat' dir='ltr'><em>presentes,</em></span> <span class='ocrx_word' id='word_1_208' title='bbox 1730 1530 1766 1561; x_wconf 92' lang='lat' dir='ltr'><em>in</em></span> <span class='ocrx_word' id='word_1_209' title='bbox 1793 1530 1958 1575; x_wconf 88' lang='lat' dir='ltr'><em>vesperis</em></span> <span class='ocrx_word' id='word_1_210' title='bbox 1988 1530 2141 1575; x_wconf 88' lang='lat' dir='ltr'><em>quilibet</em></span> <span class='ocrx_word' id='word_1_211' title='bbox 2170 1526 2323 1576; x_wconf 87' lang='lat' dir='ltr'><em>quatuor</em></span> 
     </span>
     <span class='ocr_line' id='line_1_19' title="bbox 461 1593 2322 1642; baseline 0.003 -17"><span class='ocrx_word' id='word_1_212' title='bbox 461 1593 646 1634; x_wconf 88' lang='lat' dir='ltr'><em>denarios;</em></span> <span class='ocrx_word' id='word_1_213' title='bbox 672 1600 707 1626; x_wconf 86' lang='lat' dir='ltr'><em>et</em></span> <span class='ocrx_word' id='word_1_214' title='bbox 727 1594 757 1626; x_wconf 87' lang='lat' dir='ltr'><em>si</em></span> <span class='ocrx_word' id='word_1_215' title='bbox 779 1594 814 1625; x_wconf 92' lang='lat' dir='ltr'><em>in</em></span> <span class='ocrx_word' id='word_1_216' title='bbox 836 1594 958 1634; x_wconf 87' lang='lat' dir='ltr'><em>missa,</em></span> <span class='ocrx_word' id='word_1_217' title='bbox 977 1594 1127 1638; x_wconf 90' lang='lat' dir='ltr'><em>quilibet</em></span> <span class='ocrx_word' id='word_1_218' title='bbox 1149 1606 1212 1627; x_wconf 88' lang='lat' dir='ltr'><em>sex</em></span> <span class='ocrx_word' id='word_1_219' title='bbox 1232 1594 1401 1627; x_wconf 88' lang='lat' dir='ltr'><em>denarios</em></span> <span class='ocrx_word' id='word_1_220' title='bbox 1423 1595 1467 1627; x_wconf 92' lang='lat' dir='ltr'><em>de</em></span> <span class='ocrx_word' id='word_1_221' title='bbox 1489 1596 1639 1639; x_wconf 90' lang='lat' dir='ltr'><em>pecunia</em></span> <span class='ocrx_word' id='word_1_222' title='bbox 1662 1596 1851 1637; x_wconf 85' lang='lat' dir='ltr'><em>nationis³,</em></span> <span class='ocrx_word' id='word_1_223' title='bbox 1871 1597 1901 1629; x_wconf 92' lang='lat' dir='ltr'><em>si</em></span> <span class='ocrx_word' id='word_1_224' title='bbox 1923 1603 1958 1629; x_wconf 93' lang='lat' dir='ltr'><em>et</em></span> <span class='ocrx_word' id='word_1_225' title='bbox 1978 1597 2014 1629; x_wconf 94' lang='lat' dir='ltr'><em>in</em></span> <span class='ocrx_word' id='word_1_226' title='bbox 2036 1604 2207 1642; x_wconf 85' lang='lat' dir='ltr'><em>quantum</em></span> <span class='ocrx_word' id='word_1_227' title='bbox 2229 1596 2322 1631; x_wconf 84' lang='lat' dir='ltr'><em>dicta</em></span> 
     </span>
     <span class='ocr_line' id='line_1_20' title="bbox 462 1659 2323 1708; baseline 0.003 -17"><span class='ocrx_word' id='word_1_228' title='bbox 462 1659 612 1704; x_wconf 87' lang='lat' dir='ltr'><em>pecunia</em></span> <span class='ocrx_word' id='word_1_229' title='bbox 634 1660 766 1704; x_wconf 91' lang='lat' dir='ltr'><em>poterit</em></span> <span class='ocrx_word' id='word_1_230' title='bbox 785 1660 828 1692; x_wconf 88' lang='lat' dir='ltr'><em>ad</em></span> <span class='ocrx_word' id='word_1_231' title='bbox 855 1659 922 1692; x_wconf 88' lang='lat' dir='ltr'><em>hoc</em></span> <span class='ocrx_word' id='word_1_232' title='bbox 945 1660 1123 1700; x_wconf 85' lang='lat' dir='ltr'><em>sufficere,</em></span> <span class='ocrx_word' id='word_1_233' title='bbox 1153 1660 1282 1693; x_wconf 88' lang='lat' dir='ltr'><em>solutis</em></span> <span class='ocrx_word' id='word_1_234' title='bbox 1309 1661 1475 1705; x_wconf 87' lang='lat' dir='ltr'><em>primitus</em></span> <span class='ocrx_word' id='word_1_235' title='bbox 1497 1661 1576 1694; x_wconf 89' lang='lat' dir='ltr'><em>aliis</em></span> <span class='ocrx_word' id='word_1_236' title='bbox 1598 1661 1732 1694; x_wconf 82' lang='lat' dir='ltr'><em>debitis</em></span> <span class='ocrx_word' id='word_1_237' title='bbox 1760 1662 1930 1703; x_wconf 88' lang='lat' dir='ltr'><em>nationis,</em></span> <span class='ocrx_word' id='word_1_238' title='bbox 1958 1669 1992 1696; x_wconf 90' lang='lat' dir='ltr'><em>et</em></span> <span class='ocrx_word' id='word_1_239' title='bbox 2019 1663 2116 1708; x_wconf 93' lang='lat' dir='ltr'><em>quod</em></span> <span class='ocrx_word' id='word_1_240' title='bbox 2143 1663 2228 1696; x_wconf 89' lang='lat' dir='ltr'><em>inde</em></span> <span class='ocrx_word' id='word_1_241' title='bbox 2249 1675 2323 1696; x_wconf 90' lang='lat' dir='ltr'><em>non</em></span> 
     </span>
     <span class='ocr_line' id='line_1_21' title="bbox 460 1726 2323 1773; baseline 0.004 -15"><span class='ocrx_word' id='word_1_242' title='bbox 460 1733 628 1770; x_wconf 86' lang='lat' dir='ltr'><em>appareat</em></span> <span class='ocrx_word' id='word_1_243' title='bbox 649 1738 691 1758; x_wconf 85' lang='lat' dir='ltr'><em>ex</em></span> <span class='ocrx_word' id='word_1_244' title='bbox 712 1726 852 1758; x_wconf 83' lang='lat' dir='ltr'><em>defectu</em></span> <span class='ocrx_word' id='word_1_245' title='bbox 875 1726 1027 1770; x_wconf 88' lang='lat' dir='ltr'><em>pecunie</em></span> <span class='ocrx_word' id='word_1_246' title='bbox 1049 1727 1152 1771; x_wconf 90' lang='lat' dir='ltr'><em>sequi</em></span> <span class='ocrx_word' id='word_1_247' title='bbox 1174 1727 1428 1760; x_wconf 85' lang='lat' dir='ltr'><em>detrimentum</em></span> <span class='ocrx_word' id='word_1_248' title='bbox 1450 1728 1596 1772; x_wconf 89' lang='lat' dir='ltr'><em>aliquod</em></span> <span class='ocrx_word' id='word_1_249' title='bbox 1618 1728 1674 1760; x_wconf 85' lang='lat' dir='ltr'><em>vel</em></span> <span class='ocrx_word' id='word_1_250' title='bbox 1695 1729 1912 1773; x_wconf 89' lang='lat' dir='ltr'><em>vituperium</em></span> <span class='ocrx_word' id='word_1_251' title='bbox 1936 1730 2103 1765; x_wconf 83' lang='lat' dir='ltr'><em>nationis.</em></span> <span class='ocrx_word' id='word_1_252' title='bbox 2127 1730 2323 1765; x_wconf 82' lang='lat' dir='ltr'><em>Statuimus</em></span> 
     </span>
     <span class='ocr_line' id='line_1_22' title="bbox 460 1785 2320 1840; baseline 0.004 -17"><span class='ocrx_word' id='word_1_253' title='bbox 460 1792 565 1824; x_wconf 90' lang='lat' dir='ltr'><em>etiam</em></span> <span class='ocrx_word' id='word_1_254' title='bbox 584 1792 680 1836; x_wconf 90' lang='lat' dir='ltr'><em>quod</em></span> <span class='ocrx_word' id='word_1_255' title='bbox 702 1793 908 1837; x_wconf 90' lang='lat' dir='ltr'><em>quicunque</em></span> <span class='ocrx_word' id='word_1_256' title='bbox 925 1799 1031 1825; x_wconf 89' lang='lat' dir='ltr'><em>erunt</em></span> <span class='ocrx_word' id='word_1_257' title='bbox 1051 1793 1086 1825; x_wconf 91' lang='lat' dir='ltr'><em>in</em></span> <span class='ocrx_word' id='word_1_258' title='bbox 1108 1793 1214 1825; x_wconf 91' lang='lat' dir='ltr'><em>dictis</em></span> <span class='ocrx_word' id='word_1_259' title='bbox 1235 1794 1357 1826; x_wconf 88' lang='lat' dir='ltr'><em>missis</em></span> <span class='ocrx_word' id='word_1_260' title='bbox 1374 1794 1430 1827; x_wconf 86' lang='lat' dir='ltr'><em>vel</em></span> <span class='ocrx_word' id='word_1_261' title='bbox 1451 1795 1616 1839; x_wconf 85' lang='lat' dir='ltr'><em>vesperis</em></span> <span class='ocrx_word' id='word_1_262' title='bbox 1633 1795 1754 1827; x_wconf 87' lang='lat' dir='ltr'><em>vestiti</em></span> <span class='ocrx_word' id='word_1_263' title='bbox 1775 1785 2040 1840; x_wconf 83' lang='lat' dir='ltr'><em>apparamentis</em></span> <span class='ocrx_word' id='word_1_264' title='bbox 2061 1796 2105 1829; x_wconf 87' lang='lat' dir='ltr'><em>ad</em></span> <span class='ocrx_word' id='word_1_265' title='bbox 2125 1796 2320 1830; x_wconf 87' lang='lat' dir='ltr'><em>tenendum</em></span> 
     </span>
     <span class='ocr_line' id='line_1_23' title="bbox 460 1858 2323 1909; baseline 0.004 -20"><span class='ocrx_word' id='word_1_266' title='bbox 460 1858 622 1899; x_wconf 89' lang='lat' dir='ltr'><em>chorum,</em></span> <span class='ocrx_word' id='word_1_267' title='bbox 648 1858 704 1891; x_wconf 90' lang='lat' dir='ltr'><em>vel</em></span> <span class='ocrx_word' id='word_1_268' title='bbox 725 1858 768 1890; x_wconf 87' lang='lat' dir='ltr'><em>ad</em></span> <span class='ocrx_word' id='word_1_269' title='bbox 790 1859 1020 1891; x_wconf 85' lang='lat' dir='ltr'><em>serviendum</em></span> <span class='ocrx_word' id='word_1_270' title='bbox 1043 1859 1255 1904; x_wconf 84' lang='lat' dir='ltr'><em>presbytero</em></span> <span class='ocrx_word' id='word_1_271' title='bbox 1276 1860 1333 1892; x_wconf 91' lang='lat' dir='ltr'><em>vel</em></span> <span class='ocrx_word' id='word_1_272' title='bbox 1354 1860 1455 1893; x_wconf 85' lang='lat' dir='ltr'><em>altari</em></span> <span class='ocrx_word' id='word_1_273' title='bbox 1477 1861 1650 1906; x_wconf 86' lang='lat' dir='ltr'><em>deputati,</em></span> <span class='ocrx_word' id='word_1_274' title='bbox 1676 1873 1715 1894; x_wconf 90' lang='lat' dir='ltr'><em>ac</em></span> <span class='ocrx_word' id='word_1_275' title='bbox 1737 1862 1843 1894; x_wconf 88' lang='lat' dir='ltr'><em>etiam</em></span> <span class='ocrx_word' id='word_1_276' title='bbox 1865 1868 2077 1907; x_wconf 90' lang='lat' dir='ltr'><em>procurator</em></span> <span class='ocrx_word' id='word_1_277' title='bbox 2098 1868 2134 1895; x_wconf 90' lang='lat' dir='ltr'><em>et</em></span> <span class='ocrx_word' id='word_1_278' title='bbox 2155 1869 2323 1909; x_wconf 78' lang='lat' dir='ltr'><em>receptor</em></span> 
     </span>
     <span class='ocr_line' id='line_1_24' title="bbox 460 1924 2320 1973; baseline 0.003 -17"><span class='ocrx_word' id='word_1_279' title='bbox 460 1924 554 1957; x_wconf 89' lang='lat' dir='ltr'><em>dicte</em></span> <span class='ocrx_word' id='word_1_280' title='bbox 576 1924 732 1957; x_wconf 88' lang='lat' dir='ltr'><em>nationis</em></span> <span class='ocrx_word' id='word_1_281' title='bbox 754 1936 818 1969; x_wconf 86' lang='lat' dir='ltr'><em>pro</em></span> <span class='ocrx_word' id='word_1_282' title='bbox 840 1925 915 1957; x_wconf 90' lang='lat' dir='ltr'><em>suis</em></span> <span class='ocrx_word' id='word_1_283' title='bbox 936 1925 1123 1958; x_wconf 91' lang='lat' dir='ltr'><em>laboribus</em></span> <span class='ocrx_word' id='word_1_284' title='bbox 1144 1926 1323 1970; x_wconf 85' lang='lat' dir='ltr'><em>duplicem</em></span> <span class='ocrx_word' id='word_1_285' title='bbox 1346 1927 1381 1958; x_wconf 90' lang='lat' dir='ltr'><em>in</em></span> <span class='ocrx_word' id='word_1_286' title='bbox 1405 1927 1510 1959; x_wconf 83' lang='lat' dir='ltr'><em>dictis</em></span> <span class='ocrx_word' id='word_1_287' title='bbox 1532 1927 1853 1960; x_wconf 88' lang='lat' dir='ltr'><em>distributionibus</em></span> <span class='ocrx_word' id='word_1_288' title='bbox 1878 1928 2079 1973; x_wconf 87' lang='lat' dir='ltr'><em>percipiant</em></span> <span class='ocrx_word' id='word_1_289' title='bbox 2104 1929 2320 1973; x_wconf 87' lang='lat' dir='ltr'><em>portionem.</em></span> 
     </span>
     <span class='ocr_line' id='line_1_25' title="bbox 461 1991 2362 2040; baseline 0.004 -19"><span class='ocrx_word' id='word_1_290' title='bbox 461 1991 614 2035; x_wconf 74' lang='lat' dir='ltr'><em>insuper</em></span> <span class='ocrx_word' id='word_1_291' title='bbox 630 2003 709 2023; x_wconf 90' lang='lat' dir='ltr'><em>cum</em></span> <span class='ocrx_word' id='word_1_292' title='bbox 732 1991 866 2023; x_wconf 90' lang='lat' dir='ltr'><em>dudum</em></span> <span class='ocrx_word' id='word_1_293' title='bbox 889 1998 1056 2023; x_wconf 87' lang='lat' dir='ltr'><em>statutum</em></span> <span class='ocrx_word' id='word_1_294' title='bbox 1081 1992 1126 2024; x_wconf 89' lang='lat' dir='ltr'><em>sit</em></span> <span class='ocrx_word' id='word_1_295' title='bbox 1143 1998 1174 2024; x_wconf 91' lang='lat' dir='ltr'><em>et</em></span> <span class='ocrx_word' id='word_1_296' title='bbox 1197 1992 1305 2024; x_wconf 84' lang='lat' dir='ltr'><em>suerit</em></span> <span class='ocrx_word' id='word_1_297' title='bbox 1325 1993 1361 2024; x_wconf 91' lang='lat' dir='ltr'><em>in</em></span> <span class='ocrx_word' id='word_1_298' title='bbox 1382 1999 1503 2025; x_wconf 89' lang='lat' dir='ltr'><em>nostra</em></span> <span class='ocrx_word' id='word_1_299' title='bbox 1526 1993 1670 2025; x_wconf 87' lang='lat' dir='ltr'><em>natione</em></span> <span class='ocrx_word' id='word_1_300' title='bbox 1688 1993 1917 2027; x_wconf 89' lang='lat' dir='ltr'><em>observatum</em></span> <span class='ocrx_word' id='word_1_301' title='bbox 1936 2001 1971 2027; x_wconf 88' lang='lat' dir='ltr'><em>et</em></span> <span class='ocrx_word' id='word_1_302' title='bbox 1986 2001 2157 2027; x_wconf 89' lang='lat' dir='ltr'><em>statutum</em></span> <span class='ocrx_word' id='word_1_303' title='bbox 2174 2001 2323 2040; x_wconf 82' lang='lat' dir='ltr'><em>propter</em></span> <span class='ocrx_word' id='word_1_304' title='bbox 2358 1994 2362 1998; x_wconf 72' lang='grc'><strong>’</strong></span> 
     </span>
     <span class='ocr_line' id='line_1_26' title="bbox 460 2056 2324 2105; baseline 0.003 -17"><span class='ocrx_word' id='word_1_305' title='bbox 460 2056 687 2089; x_wconf 86' lang='lat' dir='ltr'><em>securitatem</em></span> <span class='ocrx_word' id='word_1_306' title='bbox 715 2063 749 2089; x_wconf 88' lang='lat' dir='ltr'><em>et</em></span> <span class='ocrx_word' id='word_1_307' title='bbox 776 2058 973 2101; x_wconf 89' lang='lat' dir='ltr'><em>profectum</em></span> <span class='ocrx_word' id='word_1_308' title='bbox 997 2058 1151 2090; x_wconf 89' lang='lat' dir='ltr'><em>nationis</em></span> <span class='ocrx_word' id='word_1_309' title='bbox 1175 2058 1346 2102; x_wconf 80' lang='lat' dir='ltr'><em>jocalium</em></span> <span class='ocrx_word' id='word_1_310' title='bbox 1369 2058 1530 2100; x_wconf 86' lang='lat' dir='ltr'><em>suorum,</em></span> <span class='ocrx_word' id='word_1_311' title='bbox 1557 2059 1654 2104; x_wconf 88' lang='lat' dir='ltr'><em>quod</em></span> <span class='ocrx_word' id='word_1_312' title='bbox 1680 2060 1716 2092; x_wconf 91' lang='lat' dir='ltr'><em>in</em></span> <span class='ocrx_word' id='word_1_313' title='bbox 1738 2061 1835 2092; x_wconf 91' lang='lat' dir='ltr'><em>omni</em></span> <span class='ocrx_word' id='word_1_314' title='bbox 1857 2060 1939 2093; x_wconf 90' lang='lat' dir='ltr'><em>novi</em></span> <span class='ocrx_word' id='word_1_315' title='bbox 1961 2060 2208 2105; x_wconf 86' lang='lat' dir='ltr'><em>procuratoris</em></span> <span class='ocrx_word' id='word_1_316' title='bbox 2229 2060 2324 2094; x_wconf 85' lang='lat' dir='ltr'><em>elec—</em></span> 
     </span>
     <span class='ocr_line' id='line_1_27' title="bbox 460 2122 2323 2170; baseline 0.003 -16"><span class='ocrx_word' id='word_1_317' title='bbox 460 2122 556 2154; x_wconf 88' lang='lat' dir='ltr'><em>tione</em></span> <span class='ocrx_word' id='word_1_318' title='bbox 579 2129 791 2166; x_wconf 87' lang='lat' dir='ltr'><em>procurator</em></span> <span class='ocrx_word' id='word_1_319' title='bbox 811 2123 948 2155; x_wconf 91' lang='lat' dir='ltr'><em>electus</em></span> <span class='ocrx_word' id='word_1_320' title='bbox 969 2123 1087 2156; x_wconf 87' lang='lat' dir='ltr'><em>claves</em></span> <span class='ocrx_word' id='word_1_321' title='bbox 1108 2124 1214 2156; x_wconf 83' lang='lat' dir='ltr'><em>arche</em></span> <span class='ocrx_word' id='word_1_322' title='bbox 1236 2131 1359 2157; x_wconf 87' lang='lat' dir='ltr'><em>nostre</em></span> <span class='ocrx_word' id='word_1_323' title='bbox 1388 2125 1504 2158; x_wconf 81' lang='lat' dir='ltr'><em>tribus</em></span> <span class='ocrx_word' id='word_1_324' title='bbox 1530 2126 1714 2170; x_wconf 83' lang='lat' dir='ltr'><em>magistris</em></span> <span class='ocrx_word' id='word_1_325' title='bbox 1736 2126 1960 2159; x_wconf 82' lang='lat' dir='ltr'><em>diversarum</em></span> <span class='ocrx_word' id='word_1_326' title='bbox 1982 2127 2178 2159; x_wconf 88' lang='lat' dir='ltr'><em>dioceseon</em></span> <span class='ocrx_word' id='word_1_327' title='bbox 2200 2126 2323 2160; x_wconf 89' lang='lat' dir='ltr'><em>distri-</em></span> 
     </span>
     <span class='ocr_line' id='line_1_28' title="bbox 460 2188 2324 2236; baseline 0.003 -17"><span class='ocrx_word' id='word_1_328' title='bbox 460 2188 545 2220; x_wconf 90' lang='lat' dir='ltr'><em>buat</em></span> <span class='ocrx_word' id='word_1_329' title='bbox 564 2188 600 2220; x_wconf 91' lang='lat' dir='ltr'><em>in</em></span> <span class='ocrx_word' id='word_1_330' title='bbox 623 2189 804 2233; x_wconf 86' lang='lat' dir='ltr'><em>presentia</em></span> <span class='ocrx_word' id='word_1_331' title='bbox 825 2189 994 2230; x_wconf 80' lang='lat' dir='ltr'><em>nationis,</em></span> <span class='ocrx_word' id='word_1_332' title='bbox 1018 2190 1115 2234; x_wconf 89' lang='lat' dir='ltr'><em>quod</em></span> <span class='ocrx_word' id='word_1_333' title='bbox 1136 2190 1328 2235; x_wconf 89' lang='lat' dir='ltr'><em>aliquando</em></span> <span class='ocrx_word' id='word_1_334' title='bbox 1350 2191 1428 2224; x_wconf 90' lang='lat' dir='ltr'><em>fieri</em></span> <span class='ocrx_word' id='word_1_335' title='bbox 1450 2203 1521 2223; x_wconf 92' lang='lat' dir='ltr'><em>non</em></span> <span class='ocrx_word' id='word_1_336' title='bbox 1544 2198 1676 2236; x_wconf 87' lang='lat' dir='ltr'><em>potest,</em></span> <span class='ocrx_word' id='word_1_337' title='bbox 1695 2204 1737 2224; x_wconf 84' lang='lat' dir='ltr'><em>ex</em></span> <span class='ocrx_word' id='word_1_338' title='bbox 1759 2204 1801 2225; x_wconf 86' lang='lat' dir='ltr'><em>eo</em></span> <span class='ocrx_word' id='word_1_339' title='bbox 1823 2193 1920 2236; x_wconf 92' lang='lat' dir='ltr'><em>quod</em></span> <span class='ocrx_word' id='word_1_340' title='bbox 1940 2192 2116 2225; x_wconf 83' lang='lat' dir='ltr'><em>habentes</em></span> <span class='ocrx_word' id='word_1_341' title='bbox 2138 2204 2199 2225; x_wconf 88' lang='lat' dir='ltr'><em>eas</em></span> <span class='ocrx_word' id='word_1_342' title='bbox 2219 2192 2324 2226; x_wconf 89' lang='lat' dir='ltr'><em>omit-</em></span> 
     </span>
     <span class='ocr_line' id='line_1_29' title="bbox 459 2254 2322 2302; baseline 0.003 -16"><span class='ocrx_word' id='word_1_343' title='bbox 459 2260 539 2286; x_wconf 85' lang='lat' dir='ltr'><em>tunt</em></span> <span class='ocrx_word' id='word_1_344' title='bbox 559 2254 789 2299; x_wconf 85' lang='lat' dir='ltr'><em>negligenter</em></span> <span class='ocrx_word' id='word_1_345' title='bbox 810 2262 992 2299; x_wconf 90' lang='lat' dir='ltr'><em>reportare</em></span> <span class='ocrx_word' id='word_1_346' title='bbox 1014 2268 1074 2288; x_wconf 88' lang='lat' dir='ltr'><em>eas</em></span> <span class='ocrx_word' id='word_1_347' title='bbox 1095 2257 1131 2288; x_wconf 89' lang='lat' dir='ltr'><em>in</em></span> <span class='ocrx_word' id='word_1_348' title='bbox 1152 2256 1209 2289; x_wconf 92' lang='lat' dir='ltr'><em>die</em></span> <span class='ocrx_word' id='word_1_349' title='bbox 1231 2257 1421 2290; x_wconf 89' lang='lat' dir='ltr'><em>electionis</em></span> <span class='ocrx_word' id='word_1_350' title='bbox 1442 2258 1485 2290; x_wconf 89' lang='lat' dir='ltr'><em>ad</em></span> <span class='ocrx_word' id='word_1_351' title='bbox 1507 2258 1724 2302; x_wconf 86' lang='lat' dir='ltr'><em>presentiam</em></span> <span class='ocrx_word' id='word_1_352' title='bbox 1748 2258 1925 2291; x_wconf 89' lang='lat' dir='ltr'><em>nationis:</em></span> <span class='ocrx_word' id='word_1_353' title='bbox 1941 2258 2077 2291; x_wconf 90' lang='lat' dir='ltr'><em>idcirco</em></span> <span class='ocrx_word' id='word_1_354' title='bbox 2098 2258 2155 2291; x_wconf 90' lang='lat' dir='ltr'><em>his</em></span> <span class='ocrx_word' id='word_1_355' title='bbox 2176 2257 2322 2291; x_wconf 82' lang='lat' dir='ltr'><em>obviare</em></span> 
     </span>
     <span class='ocr_line' id='line_1_30' title="bbox 459 2320 2322 2369; baseline 0.003 -18"><span class='ocrx_word' id='word_1_356' title='bbox 459 2320 623 2352; x_wconf 89' lang='lat' dir='ltr'><em>volentes</em></span> <span class='ocrx_word' id='word_1_357' title='bbox 645 2320 892 2365; x_wconf 74' lang='lat' dir='ltr'><em>negligentiis,</em></span> <span class='ocrx_word' id='word_1_358' title='bbox 917 2322 1106 2355; x_wconf 87' lang='lat' dir='ltr'><em>statuimus</em></span> <span class='ocrx_word' id='word_1_359' title='bbox 1134 2329 1172 2355; x_wconf 91' lang='lat' dir='ltr'><em>ut</em></span> <span class='ocrx_word' id='word_1_360' title='bbox 1200 2323 1351 2367; x_wconf 88' lang='lat' dir='ltr'><em>quilibet</em></span> <span class='ocrx_word' id='word_1_361' title='bbox 1381 2324 1649 2368; x_wconf 85' lang='lat' dir='ltr'><em>magistrorum,</em></span> <span class='ocrx_word' id='word_1_362' title='bbox 1673 2324 1733 2368; x_wconf 93' lang='lat' dir='ltr'><em>qui</em></span> <span class='ocrx_word' id='word_1_363' title='bbox 1760 2325 1795 2356; x_wconf 94' lang='lat' dir='ltr'><em>in</em></span> <span class='ocrx_word' id='word_1_364' title='bbox 1822 2325 2039 2369; x_wconf 88' lang='lat' dir='ltr'><em>precedente</em></span> <span class='ocrx_word' id='word_1_365' title='bbox 2067 2324 2322 2369; x_wconf 83' lang='lat' dir='ltr'><em>procuratione</em></span> 
     </span>
     <span class='ocr_line' id='line_1_31' title="bbox 459 2386 2322 2433; baseline 0.003 -15"><span class='ocrx_word' id='word_1_366' title='bbox 459 2386 594 2419; x_wconf 81' lang='lat' dir='ltr'><em>clavem</em></span> <span class='ocrx_word' id='word_1_367' title='bbox 617 2386 769 2431; x_wconf 84' lang='lat' dir='ltr'><em>aliquam</em></span> <span class='ocrx_word' id='word_1_368' title='bbox 792 2388 1001 2428; x_wconf 86' lang='lat' dir='ltr'><em>servaverit,</em></span> <span class='ocrx_word' id='word_1_369' title='bbox 1019 2388 1114 2421; x_wconf 88' lang='lat' dir='ltr'><em>illam</em></span> <span class='ocrx_word' id='word_1_370' title='bbox 1137 2396 1295 2433; x_wconf 89' lang='lat' dir='ltr'><em>reportet</em></span> <span class='ocrx_word' id='word_1_371' title='bbox 1317 2389 1360 2422; x_wconf 89' lang='lat' dir='ltr'><em>ad</em></span> <span class='ocrx_word' id='word_1_372' title='bbox 1382 2390 1499 2422; x_wconf 89' lang='lat' dir='ltr'><em>locum</em></span> <span class='ocrx_word' id='word_1_373' title='bbox 1518 2397 1549 2422; x_wconf 92' lang='lat' dir='ltr'><em>et</em></span> <span class='ocrx_word' id='word_1_374' title='bbox 1573 2389 1695 2422; x_wconf 86' lang='lat' dir='ltr'><em>horam</em></span> <span class='ocrx_word' id='word_1_375' title='bbox 1715 2390 1904 2423; x_wconf 88' lang='lat' dir='ltr'><em>electionis</em></span> <span class='ocrx_word' id='word_1_376' title='bbox 1924 2391 2102 2432; x_wconf 84' lang='lat' dir='ltr'><em>faciende,</em></span> <span class='ocrx_word' id='word_1_377' title='bbox 2120 2397 2156 2423; x_wconf 86' lang='lat' dir='ltr'><em>et</em></span> <span class='ocrx_word' id='word_1_378' title='bbox 2173 2389 2322 2423; x_wconf 86' lang='lat' dir='ltr'><em>indilate</em></span> 
     </span>
     <span class='ocr_line' id='line_1_32' title="bbox 462 2443 2322 2501; baseline 0.003 -17"><span class='ocrx_word' id='word_1_379' title='bbox 462 2453 684 2496; x_wconf 86' lang='lat' dir='ltr'><em>procuratori</em></span> <span class='ocrx_word' id='word_1_380' title='bbox 707 2453 821 2485; x_wconf 88' lang='lat' dir='ltr'><em>electo</em></span> <span class='ocrx_word' id='word_1_381' title='bbox 844 2454 967 2486; x_wconf 82' lang='lat' dir='ltr'><em>reddat</em></span> <span class='ocrx_word' id='word_1_382' title='bbox 990 2466 1063 2486; x_wconf 90' lang='lat' dir='ltr'><em>eam</em></span> <span class='ocrx_word' id='word_1_383' title='bbox 1087 2455 1123 2486; x_wconf 90' lang='lat' dir='ltr'><em>in</em></span> <span class='ocrx_word' id='word_1_384' title='bbox 1151 2456 1333 2499; x_wconf 87' lang='lat' dir='ltr'><em>presentia</em></span> <span class='ocrx_word' id='word_1_385' title='bbox 1355 2456 1524 2496; x_wconf 88' lang='lat' dir='ltr'><em>nationis,</em></span> <span class='ocrx_word' id='word_1_386' title='bbox 1549 2443 1708 2500; x_wconf 85' lang='lat' dir='ltr'><em>alioquin</em></span> <span class='ocrx_word' id='word_1_387' title='bbox 1737 2469 1828 2501; x_wconf 88' lang='lat' dir='ltr'><em>pene</em></span> <span class='ocrx_word' id='word_1_388' title='bbox 1855 2456 2039 2501; x_wconf 86' lang='lat' dir='ltr'><em>subjaceat</em></span> <span class='ocrx_word' id='word_1_389' title='bbox 2059 2457 2212 2489; x_wconf 91' lang='lat' dir='ltr'><em>duorum</em></span> <span class='ocrx_word' id='word_1_390' title='bbox 2235 2455 2322 2489; x_wconf 88' lang='lat' dir='ltr'><em>soli-</em></span> 
     </span>
     <span class='ocr_line' id='line_1_33' title="bbox 460 2518 2321 2566; baseline 0.003 -16"><span class='ocrx_word' id='word_1_391' title='bbox 460 2518 588 2550; x_wconf 89' lang='lat' dir='ltr'><em>dorum</em></span> <span class='ocrx_word' id='word_1_392' title='bbox 625 2519 813 2563; x_wconf 86' lang='lat' dir='ltr'><em>parisiens.</em></span> <span class='ocrx_word' id='word_1_393' title='bbox 846 2520 980 2552; x_wconf 85' lang='lat' dir='ltr'><em>nationi</em></span> <span class='ocrx_word' id='word_1_394' title='bbox 1014 2528 1137 2553; x_wconf 89' lang='lat' dir='ltr'><em>nostre</em></span> <span class='ocrx_word' id='word_1_395' title='bbox 1167 2521 1328 2565; x_wconf 86' lang='lat' dir='ltr'><em>predicte</em></span> <span class='ocrx_word' id='word_1_396' title='bbox 1355 2521 1651 2566; x_wconf 87' lang='lat' dir='ltr'><em>applicandorum</em></span> <span class='ocrx_word' id='word_1_397' title='bbox 1681 2534 1720 2554; x_wconf 88' lang='lat' dir='ltr'><em>ac</em></span> <span class='ocrx_word' id='word_1_398' title='bbox 1751 2523 1854 2555; x_wconf 88' lang='lat' dir='ltr'><em>etiam</em></span> <span class='ocrx_word' id='word_1_399' title='bbox 1886 2523 2159 2563; x_wconf 87' lang='lat' dir='ltr'><em>solvendorum,</em></span> <span class='ocrx_word' id='word_1_400' title='bbox 2188 2529 2223 2555; x_wconf 89' lang='lat' dir='ltr'><em>et</em></span> <span class='ocrx_word' id='word_1_401' title='bbox 2252 2521 2321 2555; x_wconf 88' lang='lat' dir='ltr'><em>sub</em></span> 
     </span>
     <span class='ocr_line' id='line_1_34' title="bbox 460 2584 2322 2632; baseline 0.003 -17"><span class='ocrx_word' id='word_1_402' title='bbox 460 2584 582 2616; x_wconf 84' lang='lat' dir='ltr'><em>eadem</em></span> <span class='ocrx_word' id='word_1_403' title='bbox 607 2596 696 2628; x_wconf 86' lang='lat' dir='ltr'><em>pena</em></span> <span class='ocrx_word' id='word_1_404' title='bbox 718 2592 928 2629; x_wconf 89' lang='lat' dir='ltr'><em>procurator</em></span> <span class='ocrx_word' id='word_1_405' title='bbox 949 2586 992 2618; x_wconf 88' lang='lat' dir='ltr'><em>de</em></span> <span class='ocrx_word' id='word_1_406' title='bbox 1021 2598 1114 2619; x_wconf 82' lang='lat' dir='ltr'><em>novo</em></span> <span class='ocrx_word' id='word_1_407' title='bbox 1136 2593 1277 2619; x_wconf 86' lang='lat' dir='ltr'><em>creatus</em></span> <span class='ocrx_word' id='word_1_408' title='bbox 1299 2587 1497 2631; x_wconf 89' lang='lat' dir='ltr'><em>quemlibet</em></span> <span class='ocrx_word' id='word_1_409' title='bbox 1524 2588 1559 2619; x_wconf 91' lang='lat' dir='ltr'><em>in</em></span> <span class='ocrx_word' id='word_1_410' title='bbox 1588 2588 1761 2632; x_wconf 88' lang='lat' dir='ltr'><em>predictis</em></span> <span class='ocrx_word' id='word_1_411' title='bbox 1782 2588 1839 2621; x_wconf 86' lang='lat' dir='ltr'><em>vel</em></span> <span class='ocrx_word' id='word_1_412' title='bbox 1865 2588 1985 2632; x_wconf 87' lang='lat' dir='ltr'><em>aliquo</em></span> <span class='ocrx_word' id='word_1_413' title='bbox 2007 2600 2130 2621; x_wconf 89' lang='lat' dir='ltr'><em>eorum</em></span> <span class='ocrx_word' id='word_1_414' title='bbox 2154 2587 2322 2621; x_wconf 84' lang='lat' dir='ltr'><em>deficien-</em></span> 
     </span>
     <span class='ocr_line' id='line_1_35' title="bbox 461 2650 2322 2697; baseline 0.002 -15"><span class='ocrx_word' id='word_1_415' title='bbox 461 2657 528 2682; x_wconf 90' lang='lat' dir='ltr'><em>tem</em></span> <span class='ocrx_word' id='word_1_416' title='bbox 557 2650 738 2682; x_wconf 89' lang='lat' dir='ltr'><em>tenebitur</em></span> <span class='ocrx_word' id='word_1_417' title='bbox 767 2662 898 2695; x_wconf 88' lang='lat' dir='ltr'><em>cogere</em></span> <span class='ocrx_word' id='word_1_418' title='bbox 928 2652 971 2683; x_wconf 92' lang='lat' dir='ltr'><em>ad</em></span> <span class='ocrx_word' id='word_1_419' title='bbox 999 2652 1207 2684; x_wconf 89' lang='lat' dir='ltr'><em>solvendam</em></span> <span class='ocrx_word' id='word_1_420' title='bbox 1236 2665 1361 2697; x_wconf 90' lang='lat' dir='ltr'><em>penam</em></span> <span class='ocrx_word' id='word_1_421' title='bbox 1389 2653 1599 2697; x_wconf 88' lang='lat' dir='ltr'><em>predictam,</em></span> <span class='ocrx_word' id='word_1_422' title='bbox 1631 2660 1663 2686; x_wconf 89' lang='lat' dir='ltr'><em>et</em></span> <span class='ocrx_word' id='word_1_423' title='bbox 1694 2654 1730 2685; x_wconf 91' lang='lat' dir='ltr'><em>in</em></span> <span class='ocrx_word' id='word_1_424' title='bbox 1760 2653 1827 2686; x_wconf 91' lang='lat' dir='ltr'><em>hoc</em></span> <span class='ocrx_word' id='word_1_425' title='bbox 1857 2654 1918 2686; x_wconf 88' lang='lat' dir='ltr'><em>ille</em></span> <span class='ocrx_word' id='word_1_426' title='bbox 1945 2655 1996 2686; x_wconf 89' lang='lat' dir='ltr'><em>sic</em></span> <span class='ocrx_word' id='word_1_427' title='bbox 2025 2654 2198 2686; x_wconf 90' lang='lat' dir='ltr'><em>deficiens</em></span> <span class='ocrx_word' id='word_1_428' title='bbox 2226 2660 2322 2686; x_wconf 89' lang='lat' dir='ltr'><em>tene-</em></span> 
     </span>
     <span class='ocr_line' id='line_1_36' title="bbox 460 2715 2322 2764; baseline 0.003 -17"><span class='ocrx_word' id='word_1_429' title='bbox 460 2715 556 2748; x_wconf 87' lang='lat' dir='ltr'><em>bitur</em></span> <span class='ocrx_word' id='word_1_430' title='bbox 577 2715 726 2748; x_wconf 90' lang='lat' dir='ltr'><em>obedire</em></span> <span class='ocrx_word' id='word_1_431' title='bbox 757 2717 981 2761; x_wconf 85' lang='lat' dir='ltr'><em>procuratori</em></span> <span class='ocrx_word' id='word_1_432' title='bbox 1013 2717 1080 2749; x_wconf 88' lang='lat' dir='ltr'><em>sub</em></span> <span class='ocrx_word' id='word_1_433' title='bbox 1108 2718 1230 2750; x_wconf 87' lang='lat' dir='ltr'><em>debito</em></span> <span class='ocrx_word' id='word_1_434' title='bbox 1255 2719 1463 2762; x_wconf 86' lang='lat' dir='ltr'><em>juramenti.</em></span> <span class='ocrx_word' id='word_1_435' title='bbox 1491 2718 1690 2751; x_wconf 86' lang='lat' dir='ltr'><em>Tenebitur</em></span> <span class='ocrx_word' id='word_1_436' title='bbox 1718 2719 1821 2751; x_wconf 87' lang='lat' dir='ltr'><em>etiam</em></span> <span class='ocrx_word' id='word_1_437' title='bbox 1851 2719 1969 2752; x_wconf 89' lang='lat' dir='ltr'><em>dictus</em></span> <span class='ocrx_word' id='word_1_438' title='bbox 1999 2726 2211 2764; x_wconf 87' lang='lat' dir='ltr'><em>procurator</em></span> <span class='ocrx_word' id='word_1_439' title='bbox 2238 2719 2322 2752; x_wconf 90' lang='lat' dir='ltr'><em>illos</em></span> 
     </span>
     <span class='ocr_line' id='line_1_37' title="bbox 460 2782 2324 2830; baseline 0.003 -17"><span class='ocrx_word' id='word_1_440' title='bbox 460 2782 653 2826; x_wconf 89' lang='lat' dir='ltr'><em>magistros</em></span> <span class='ocrx_word' id='word_1_441' title='bbox 675 2782 808 2826; x_wconf 90' lang='lat' dir='ltr'><em>quibus</em></span> <span class='ocrx_word' id='word_1_442' title='bbox 835 2782 954 2815; x_wconf 83' lang='lat' dir='ltr'><em>claves</em></span> <span class='ocrx_word' id='word_1_443' title='bbox 982 2783 1186 2825; x_wconf 90' lang='lat' dir='ltr'><em>distribuet,</em></span> <span class='ocrx_word' id='word_1_444' title='bbox 1219 2784 1420 2817; x_wconf 89' lang='lat' dir='ltr'><em>inscribere</em></span> <span class='ocrx_word' id='word_1_445' title='bbox 1450 2785 1486 2816; x_wconf 89' lang='lat' dir='ltr'><em>in</em></span> <span class='ocrx_word' id='word_1_446' title='bbox 1517 2796 1649 2829; x_wconf 89' lang='lat' dir='ltr'><em>papyro</em></span> <span class='ocrx_word' id='word_1_447' title='bbox 1678 2785 1834 2818; x_wconf 91' lang='lat' dir='ltr'><em>nationis</em></span> <span class='ocrx_word' id='word_1_448' title='bbox 1865 2786 1983 2818; x_wconf 86' lang='lat' dir='ltr'><em>statim</em></span> <span class='ocrx_word' id='word_1_449' title='bbox 2011 2792 2046 2818; x_wconf 91' lang='lat' dir='ltr'><em>et</em></span> <span class='ocrx_word' id='word_1_450' title='bbox 2074 2786 2111 2818; x_wconf 90' lang='lat' dir='ltr'><em>in</em></span> <span class='ocrx_word' id='word_1_451' title='bbox 2141 2785 2324 2830; x_wconf 84' lang='lat' dir='ltr'><em>presentia</em></span> 
     </span>
    </p>
   </div>
   <div class='ocr_carea' id='block_1_6' title="bbox 460 2848 2324 2896">
    <p class='ocr_par' dir='ltr' id='par_1_6' title="bbox 460 2848 2324 2896">
     <span class='ocr_line' id='line_1_38' title="bbox 460 2848 2324 2896; baseline 0.003 -17"><span class='ocrx_word' id='word_1_452' title='bbox 460 2848 629 2880; x_wconf 86' lang='lat' dir='ltr'><em>nationis.</em></span> <span class='ocrx_word' id='word_1_453' title='bbox 662 2849 704 2880; x_wconf 87' lang='lat' dir='ltr'><em>Et</em></span> <span class='ocrx_word' id='word_1_454' title='bbox 734 2855 817 2881; x_wconf 90' lang='lat' dir='ltr'><em>tunc</em></span> <span class='ocrx_word' id='word_1_455' title='bbox 845 2848 979 2881; x_wconf 90' lang='lat' dir='ltr'><em>bedelli</em></span> <span class='ocrx_word' id='word_1_456' title='bbox 1008 2849 1075 2882; x_wconf 89' lang='lat' dir='ltr'><em>sub</em></span> <span class='ocrx_word' id='word_1_457' title='bbox 1104 2850 1226 2882; x_wconf 86' lang='lat' dir='ltr'><em>eadem</em></span> <span class='ocrx_word' id='word_1_458' title='bbox 1258 2862 1347 2895; x_wconf 91' lang='lat' dir='ltr'><em>pena</em></span> <span class='ocrx_word' id='word_1_459' title='bbox 1376 2850 1596 2883; x_wconf 86' lang='lat' dir='ltr'><em>tenebuntur</em></span> <span class='ocrx_word' id='word_1_460' title='bbox 1623 2863 1775 2895; x_wconf 89' lang='lat' dir='ltr'><em>pennam</em></span> <span class='ocrx_word' id='word_1_461' title='bbox 1806 2858 1841 2884; x_wconf 89' lang='lat' dir='ltr'><em>et</em></span> <span class='ocrx_word' id='word_1_462' title='bbox 1870 2852 2071 2884; x_wconf 88' lang='lat' dir='ltr'><em>incaustum</em></span> <span class='ocrx_word' id='word_1_463' title='bbox 2100 2863 2165 2896; x_wconf 92' lang='lat' dir='ltr'><em>pro</em></span> <span class='ocrx_word' id='word_1_464' title='bbox 2192 2851 2324 2884; x_wconf 84' lang='lat' dir='ltr'><em>litteris</em></span> 
     </span>
    </p>
   </div>
  </div>
 </body>
</html>
