2488 3386
208 298 303 342 1391]
623 313 669 334 AB
705 312 811 334 Auno
846 312 977 334 mecm.
1010 312 1141 340 USQUE
1177 313 1224 334 AD
1256 313 1518 335 REM-:nicrum
1556 315 1644 336 xiii.
2006 305 2070 338 489

294 387 486 430 Postquam
510 386 677 430 dogmata
698 386 805 418 istius
827 397 900 417 non
922 385 1029 418 modo
1046 385 1183 418 volatili
1205 386 1348 418 illorum
1368 399 1469 427 voce,
1488 387 1551 419 scd
1574 399 1615 420 ex
1637 389 1852 421 confessatis
1869 401 1908 421 ac
1925 389 2070 433 scriptis

206 452 282 485 suis
303 452 423 497 agnita
441 459 536 492 sunt,
555 452 773 497 habitusque
791 459 847 484 est
867 464 932 496 per
947 451 1054 484 alium
1078 452 1192 484 codex
1208 453 1455 497 vesperiarum
1479 465 1623 486 suarum
1648 461 1681 486 ct
1702 454 1745 487 al)
1763 467 1804 487 eo
1822 454 2041 499 approbatus
2062 467 2068 487 :

206 519 366 564 deputati
388 526 473 552 sunt
492 520 512 552 6
533 519 716 552 solemnes
737 518 903 563 magistri
924 518 1040 563 ipsius
1061 518 1253 559 facultatis,
1277 519 1336 563 qui
1367 520 1571 564 segregatis
1599 520 1639 552 ad
1664 528 1797 565 partem
1822 533 1965 554 errores
1987 521 2070 553 illos

206 585 363 630 singulis
384 585 568 630 magistris
590 585 848 618 examinandos
871 584 1109 625 tradiderunt,
1131 584 1326 629 habiteque
1349 593 1430 618 sunt
1462 586 1498 618 in
1525 586 1670 630 scriptis
1692 587 1921 631 postmodum
1945 588 2071 632 singu-

207 651 322 684 lorum
352 652 497 696 singule
525 652 735 696 opiniones,
764 658 797 684 et
824 651 1010 684 commissi
1038 651 1166 684 iterum
1198 663 1261 684 sex
1288 652 1451 695 magistri
1480 664 1558 684 cum
1584 653 1756 697 predictis
1778 665 1839 685 sex
1862 666 1903 685 ex
1924 654 2070 698 xxviij¹³

206 718 346 751 cedulis
380 718 552 761 (totidem'
583 718 678 750 enim
713 718 876 762 magistri
913 719 1031 760 erant)
1065 729 1169 750 unam
1206 718 1375 751 omnibus
1411 719 1628 751 concordem
1665 719 1827 751 cedulam
1864 720 2069 760 ediderunt,

206 784 383 817 mitiorem
406 784 649 829 quarumlibet
669 784 880 829 opinionum
903 791 1039 829 partem
1062 791 1311 829 excerpentes,
1329 785 1468 829 fuitque
1490 785 1580 817 male
1602 786 1922 830 dogmatizatorum
1946 798 2071 818 nume-

205 863 268 888 rus
288 851 376 895 xiiij.
400 852 443 884 Et
463 850 534 884 hiis
561 851 598 883 in
625 851 778 896 agendis
805 851 969 895 occupati
999 857 1084 883 sunt
1113 862 1258 883 menses
1289 851 1360 884 duo
1387 858 1422 884 ct
1450 852 1605 896 amplius
1637 852 1846 893 scribendo,
1876 853 2070 893 studendo,

205 917 504 963 argumentando,
536 918 573 950 in
601 930 712 950 unum
741 917 1006 958 conveniendo,
1039 917 1325 950 bachalariorum
1355 918 1459 951 etiam
1488 919 1524 951 in
1552 918 1735 964 theologia
1758 919 1949 964 opiniones
1980 919 2071 952 reci-

206 984 351 1029 piendo,
374 984 506 1017 hunc¹⁶
528 984 710 1017 monendo
732 991 838 1029 atque
859 984 1132 1029 interrogando,
1157 984 1218 1029 qui
1239 985 1355 1029 magis
1376 997 1414 1017 ac
1438 985 1554 1030 magis
1575 997 1613 1018 se
1635 985 1819 1030 loquendo
1841 985 2069 1030 illaqueabat,

206 1050 432 1095 addebatque
473 1051 658 1096 magistris
693 1051 868 1084 convicia.
906 1051 1072 1096 Denique
1107 1051 1306 1084 doctrinam
1346 1051 1439 1084 beati
1476 1051 1626 1093 Thome,
1664 1059 1702 1084 ut
1737 1052 1886 1084 fratrum
1921 1064 2070 1085 suorum

207 1117 367 1162 querelis
389 1117 608 1158 obviaretur,
631 1117 841 1150 honoratam
865 1117 1105 1162 relinquendo
1127 1118 1367 1162 intactamque
1397 1118 1432 1150 in
1464 1125 1613 1159 tantum,
1636 1125 1673 1151 ut
1703 1119 1824 1163 gravis
1849 1120 1921 1163 jam
1950 1119 1986 1151 in
2009 1131 2071 1151 eos

206 1184 296 1217 fama
318 1184 539 1229 insurgeret,
563 1196 601 1216 se
623 1184 729 1217 tidem
759 1184 949 1229 negligere
978 1190 1013 1216 et
1041 1184 1138 1216 nolle
1167 1184 1269 1217 malis
1299 1185 1404 1217 reniti
1434 1185 1683 1229 dogmatibus,
1719 1186 1884 1230 opposite
1918 1192 2071 1218 attamen

208 1251 319 1296 partis
341 1250 565 1295 querimonia
587 1250 665 1291 fuit,
695 1251 966 1295 precipitanter,
994 1250 1173 1292 callide¹⁵,
1200 1251 1296 1291 odio,
1320 1251 1466 1292 invidia,
1494 1252 1625 1295 injuria
1654 1251 1756 1284 latam
1786 1252 1899 1284 fuisse
1929 1258 2074 1284 sentcn—

207 1317 305 1358 tiam,
323 1329 388 1349 nec
411 1329 449 1349 se
470 1317 586 1349 audiri
608 1317 785 1362 potuisse.
808 1318 893 1350 Tam
915 1317 1026 1350 nichil
1048 1324 1104 1350 est
1123 1330 1140 1350 a
1162 1317 1362 1362 calumpnia
1385 1317 1558 1350 alienum!

296 1383 448 1416 Posthac
469 1383 631 1416 cedulam
660 1384 766 1416 modo
790 1384 850 1428 qui
879 1384 1081 1428 premissus
1108 1391 1162 1416 cst
1190 1385 1387 1417 consectam
1414 1385 1564 1417 facultas
1596 1384 1779 1429 theologie
1806 1397 1869 1430 per
1890 1385 2072 1417 bedellum

208 1462 312 1484 suum
335 1463 415 1483 cum
444 1450 584 1483 notario
610 1450 654 1483 ad
680 1450 781 1483 illum
809 1451 919 1490 misit,
944 1450 1142 1483 secundum
1165 1452 1269 1495 cujus
1298 1458 1458 1484 tenorem
1489 1451 1673 1496 pollicitus
1695 1458 1748 1484 est
1780 1463 1819 1484 ea
1847 1463 1915 1496 que
1938 1451 2075 1484 dixerat

207 1517 299 1550 infra
320 1517 478 1550 triduum
502 1523 706 1549 retractare.
731 1517 799 1550 Sed
821 1517 927 1550 Judei
956 1517 1140 1558 Messium,
1162 1519 1333 1550 Arturum
1357 1518 1538 1558 Britones,
1563 1518 1653 1550 illud
1674 1530 1740 1551 nos
1766 1518 1924 1551 triduum
1947 1530 2075 1563 exspe-

209 1590 358 1617 ctamus.
383 1585 510 1617 Utrum
541 1595 628 1616 vero
658 1584 764 1616 istius
792 1584 872 1616 ficta
902 1584 1011 1616 suerit
1040 1584 1250 1628 promissio,
1274 1597 1317 1617 an
1339 1584 1553 1626 voluntaria,
1581 1585 1681 1617 seu¹⁶
1704 1597 1779 1618 cam
1811 1585 1926 1617 aliena
1952 1585 2073 1617 suasio

209 1650 401 1695 depulerit,
424 1651 600 1683 incertum
623 1657 690 1683 est.

302 1747 371 1771 Bibl.
385 1751 438 1770 nat,
455 1747 538 1771 Paris.
555 1756 604 1771 ms.
621 1748 667 1771 lut.
684 1749 760 1771 15107
774 1750 852 1777 (saec.
870 1750 1048 1778 X1vexeunt.),
1066 1748 1110 1771 sol.
1129 1748 1183 1776 201,
1200 1748 1244 1770 ubi
1258 1751 1344 1771 tamen
1361 1751 1431 1771 totus
1448 1751 1575 1771 tractatus
1595 1750 1632 1778 (ut
1647 1749 1724 1772 etiam
1741 1749 1766 1771 in
1780 1749 1948 1778 Ιητενιιαίνε)
1963 1749 2075 1773 Johanni

208 1792 336 1816 Gersonio
352 1792 512 1821 (charactere
529 1793 679 1823 posteriori)
697 1793 848 1816 ascribitur.

300 1876 323 1898 1.
340 1877 495 1908 Radulphus
516 1877 668 1901 Glachardi.
691 1891 722 1894 —
739 1878 761 1900 2.
779 1878 838 1908 Ipse
853 1880 910 1900 erat
928 1880 990 1900 tunc
1011 1877 1103 1900 aetatis
1125 1878 1154 1900 84
1174 1885 1311 1904 annorum,
1329 1877 1423 1908 etjam
1445 1886 1459 1900 a
1477 1879 1506 1900 36
1527 1877 1602 1900 annis
1619 1886 1709 1901 sarrae
1728 1878 1874 1908 scripturae
1895 1878 1995 1901 doctor.
2016 1878 2075 1900 Vid.

209 1929 290 1952 supra
311 1925 360 1944 num
380 1922 445 1944 1538.
466 1935 496 1938 —
517 1922 541 1945 3.
556 1921 698 1952 Vergilius,
717 1923 797 1949 Bua,
815 1922 844 1951 X,
862 1922 899 1945 51.
915 1935 944 1939 --
960 1923 983 1945 [⁴.
1004 1922 1039 1944 De
1058 1930 1108 1952 quo
1129 1930 1220 1952 supra.
1236 1935 1266 1938 —
1282 1924 1304 1945 5.
1324 1922 1386 1945 Seii.
1410 1922 1594 1953 theologorum
1616 1922 1700 1946 Paris.
1716 1936 1746 1939 —
1766 1924 1789 1945 6.
1813 1923 1896 1951 Certe,
1919 1922 2074 1953 Radulphus

209 1965 351 1989 Gluehardi
366 1966 516 1988 facultatem
530 1966 610 1990 theol,
625 1966 708 1989 Paris.
725 1974 806 1997 supra
822 1966 959 1989 ecclesiam
974 1969 999 1989 et
1011 1974 1107 1997 papam
1121 1966 1204 1997 ponit.
1217 1969 1242 1989 et
1257 1966 1305 1989 hoc
1322 1975 1409 1989 reram
1423 1970 1490 1989 cortu
1506 1967 1697 1997 theologorum,
1716 1967 1787 1989 nullo
1799 1967 2000 1989 contradicente.
2017 1967 2074 1989 Yid.

209 2018 290 2041 supra
305 2009 461 2034 Introcluct.
477 2014 502 2033 et
519 2010 588 2033 infra
605 2011 636 2033 ad
653 2014 702 2033 „um
716 2011 785 2034 1605.
801 2024 830 2028 —
846 2012 867 2034 7.
880 2011 915 2044 De
930 2019 980 2041 quo
996 2013 1072 2033 antea
1088 2010 1114 2032 in
1127 2010 1282 2034 Inlrocluct.
1299 2011 1331 2033 ad
1348 2011 1416 2033 hunc
1428 2015 1486 2033 num.
1502 2024 1532 2028 ——
1549 2012 1571 2034 8.
1589 2011 1650 2033 Scil.
1667 2011 1811 2034 «iohannem
1826 2011 1856 2033 de
1872 2012 2031 2034 Montesono.
2045 2025 2075 2029 -

209 2055 230 2077 9.
241 2054 342 2077 Dictum
360 2054 385 2077 id
400 2054 506 2077 Catricii
522 2055 666 2078 Placentini
682 2058 810 2078 memorat
825 2055 944 2077 Valerius
961 2055 1098 2083 Maximus,
1115 2055 1157 2083 w,
1174 2056 1196 2082 2,
1214 2055 1251 2078 10.
1263 2068 1293 2072 —
1305 2056 1342 2078 10.
1360 2055 1398 2078 Cs.
1416 2055 1477 2084 Cim,
1491 2056 1607 2084 δεηθείη
1621 2058 1631 2086 Ξ
1646 2056 1684 2078 72.
1697 2069 1723 2072 -
1738 2056 1774 2078 11.
1786 2055 1918 2078 Johannes
1934 2056 1964 2078 de
1980 2056 2076 2078 Monte-

211 2106 284 2122 sono.
300 2112 331 2116 —
348 2099 385 2122 12.
402 2099 450 2122 MS.
468 2107 473 2121 2
493 2107 502 2121 t(
519 2099 604 2122 celare
621 2107 641 2122 ι).
659 2100 712 2122 ista
730 2099 808 2122 etiam
825 2100 916 2122 Petrus
933 2100 963 2122 de
982 2099 1080 2122 Aillaco
1097 2103 1125 2121 110
1140 2099 1199 2121 1504
1220 2102 1334 2122 enarrat.
1346 2113 1377 2116 —
1395 2100 1432 2122 13.
1456 2099 1498 2122 Sic
1514 2099 1591 2122 etiam
1612 2104 1640 2122 nO
1659 2100 1724 2123 1571.
1745 2100 1795 2122 Sed
1809 2099 1833 2122 in
1848 2099 1881 2122 uis
1898 2100 1956 2122 1559
1972 2102 1996 2122 et
2014 2100 2073 2122 1564

213 2143 310 2166 dicitur
328 2144 365 2166 27.
382 2157 412 2160 -—-
428 2144 465 2166 1‘4.
482 2143 627 2166 Johanncm
642 2143 673 2166 de
686 2144 849 2167 Montesono.
865 2157 893 2161 —
911 2144 948 2166 15.
964 2143 1011 2166 Ms.
1030 2151 1034 2166 t
1054 2152 1065 2165 ‹<
1082 2143 1168 2166 cade».
1183 2156 1215 2160 —
1231 2144 1268 2167 16.
1285 2144 1333 2168 Ms.
1350 2144 1438 2175 potius
1455 2153 1460 2167 :
1482 2153 1492 2167 «
1510 2144 1554 2167 scd
1572 2152 1610 2173 )),«
1627 2144 1770 2167 secundum
1784 2152 1806 2167 ».

215 2332 355 2369 1558.
381 2343 598 2367 lustramentum
616 2350 709 2367 eorum
728 2350 801 2377 quae
821 2343 847 2367 in
868 2341 982 2377 capella
1002 2341 1146 2367 Sorbonae
1163 2341 1212 2367 lite
1229 2341 1381 2367 inchoante
1397 2345 1464 2367 acta
1480 2345 1546 2366 sunt
1561 2341 1596 2367 de
1612 2341 1742 2367 doctrina
1759 2341 1897 2367 Jolaannis
1912 2341 1947 2367 de
1964 2343 2074 2367 Monte-

298 2399 375 2417 sono.

1447 2427 1520 2455 1387,
1537 2427 1608 2452 Junii
1624 2427 1659 2456 13,
1676 2426 1788 2452 Parisiis.

301 2511 341 2542 In
372 2510 517 2543 nomine
549 2510 707 2551 Domini,
737 2522 852 2542 amen.
886 2511 954 2542 Per
983 2509 1051 2542 hoc
1080 2521 1232 2554 presens
1264 2509 1446 2554 publicum
1479 2510 1759 2542 instrumentum
1790 2510 1929 2542 cunctis
1960 2516 2076 2554 pateat

212 2576 412 2618 evidenter,
435 2577 531 2621 quod
553 2588 647 2609 anno
669 2577 832 2621 ejusdem
862 2576 1007 2608 Domini
1029 2576 1222 2608 millesimo
1245 2576 1501 2608 trecentesimo
1523 2577 1748 2621 octogesimo
1771 2577 1937 2621 septimo,
1961 2576 2076 2608 indic—

212 2642 310 2686 tione
331 2642 480 2684 dccima,
504 2643 641 2676 mensis
661 2643 758 2676 Junii
780 2643 838 2675 die
861 2643 998 2675 decima
1020 2642 1136 2683 tertia,
1159 2642 1389 2687 pontificatus
1410 2643 1630 2675 sanctissimi
1661 2643 1697 2674 in
1723 2642 1867 2676 Christo
1898 2643 2009 2687 patris
2037 2654 2075 2674 ac

212 2712 349 2751 d'omini
379 2714 494 2746 nostri
525 2714 662 2746 domini
689 2714 889 2747 Clementis
917 2714 1037 2746 divina
1066 2713 1292 2758 providentia
1319 2725 1408 2758 pape
1435 2713 1579 2758 septimi
1607 2725 1700 2746 anno
1727 2725 1836 2753 nono,
1866 2713 1901 2745 in
1927 2724 2077 2745 venera-

212 2778 337 2811 bilium
361 2786 395 2813 et
428 2780 774 2825 circumspectorum
795 2781 955 2813 virorum
979 2780 1206 2812 dominorum
1231 2786 1262 2812 et
1294 2780 1549 2824 magistrorum
1570 2779 1745 2813 Johannis
1771 2780 1815 2812 de
1837 2780 2075 2824 Guignicurte

212 2845 406 2891 bachalarii
436 2847 472 2878 in
500 2846 696 2891 theologia,
725 2847 932 2879 cancellarii
960 2846 1114 2879 ecclesie
1148 2846 1377 2887 parisiensis,
1409 2846 1591 2879 Gallerani
1626 2846 1669 2878 dc
1700 2846 1897 2886 Pendre[s],
1931 2845 2077 2877 Henrici

336 2907 382 2923 *W
401 2905 496 2930 Clzart.
521 2905 597 2929 Unio.
616 2905 709 2929 Paris.
729 2906 775 2929 111.
1925 2904 1954 2926 62
