2488 3386
159 334 255 371 1352]
577 346 622 366 An
658 345 763 366 ΑΝΝο
799 344 931 366 MCCCL
972 343 1100 372 USQUE
1131 344 1178 365 An
1213 344 1475 366 BENEDlCTUM
1511 346 1600 367 x111.
1981 338 2019 369 17

157 427 334 465 quatenus
369 425 574 464 presentem
611 425 767 451 nostram
802 417 1071 450 ordinacionem
1108 424 1140 449 et
1175 423 1358 452 statutum,
1392 429 1430 449 ac
1463 418 1580 450 onmia
1612 425 1643 450 et
1679 419 1820 463 singula
1858 432 1919 463 per
1953 432 2018 452 nos

158 486 327 531 superius
353 485 528 526 ordinata,
551 485 665 517 teneri
689 484 794 517 saciat
823 490 855 516 et
888 483 1146 516 inviolabiliter
1166 482 1365 523 observari,
1388 495 1426 515 ac
1457 490 1579 515 contra
1608 484 1780 517 facientes
1808 497 1871 517 seu
1900 492 2019 518 attem-

158 559 298 598 ptantes
329 558 453 585 contra
482 551 618 596 aliquid
648 551 908 595 premissorum
938 549 1188 589 ministrando,
1217 549 1396 581 visitando
1422 549 1477 582 vel
1509 549 1596 581 alias
1626 550 1865 594 quovismodo
1893 564 2019 584 consu-

158 619 279 660 lendo,
307 618 476 663 corrigat,
508 617 703 662 puniatque
729 618 829 661 juxta
859 616 976 661 culpe,
1004 615 1251 648 inobedientia
1277 622 1312 647 et
1343 616 1527 648 commissi
1560 616 1709 648 sceleris
1740 616 1943 660 qualitatem
1977 618 2017 649 ad

159 685 331 718 emendas
360 684 586 729 pecuniarias
616 683 673 716 vel
702 683 789 716 alias
817 682 956 722 civiles,
988 689 1095 727 prout
1117 683 1179 726 jus
1207 688 1242 713 et
1271 682 1360 714 ratio
1382 681 1597 714 suadebunt.
1621 683 1724 724 Quod
1754 689 1792 714 ut
1818 682 1958 715 firmum
1988 690 2019 715 ct

159 751 287 784 stabile
309 757 516 796 permaneat
537 750 574 782 in
594 750 766 789 futurum,
790 755 953 781 nostrum
976 748 1136 793 sigillum
1159 747 1391 792 presentibus
1412 748 1542 780 litteris
1564 748 1731 780 duximus
1753 749 2018 792 apponendum,

159 818 258 851 salvo
287 818 324 849 in
352 817 432 850 aliis
457 817 540 861 jure
568 822 692 848 nostro
721 822 755 848 et
784 816 820 847 in
847 814 1017 848 omnibus
1045 814 1174 847 alieno.
1203 815 1331 847 Datum
1358 814 1517 847 Parisius
1543 826 1636 846 anno
1664 815 1807 846 Domini
1829 815 2021 847 millesimo

159 884 266 918 CCC⁰
285 883 588 928 quinquagesimo
609 882 783 919 seeundo,
806 893 931 914 mense
954 880 1177 913 Decembris
1201 881 1274 914 Per·
1290 892 1419 926 regem„
1562 882 1591 913 J.
1620 882 1782 912 MELLoN.

252 981 329 1004 Arch.
343 984 396 1004 nat.
411 980 503 1011 Paris.
520 980 595 1003 Livre
613 988 694 1011 rouge
713 979 790 1003 vieux
804 979 839 1002 du
863 979 995 1002 Chastelet
1012 979 1038 1001 in
1058 979 1134 1002 Arch.
1154 982 1206 1001 nat.
1227 978 1310 1001 Paris.
1325 978 1353 1001 Y.
1374 979 1396 1003 ⁴2.
1416 978 1460 1001 sol.
1479 978 1526 1000 95¹²
1542 979 1626 1006 (antea
1643 978 1706 1006 85¹³).
1724 978 1799 1005 thid„
1813 978 1853 1001 JJ.
1870 979 1907 1006 81,
1927 983 1954 1001 ¹10
1970 980 2022 1007 565,

161 1025 204 1048 rol.
221 1026 283 1057 285;
305 1029 334 1048 n⁰
349 1026 403 1053 850,
420 1025 463 1048 sol.
484 1024 548 1047 449¹*
568 1026 606 1054 (ea
631 1025 713 1047 alteru
735 1023 939 1055 transcriptione
963 1032 1022 1046 cum
1037 1024 1056 1046 Y
1079 1023 1273 1052 consentiente).
1295 1036 1326 1040 —-—
1345 1023 1470 1047 Ordonn.
1490 1024 1535 1046 des
1550 1023 1607 1046 rois
1622 1023 1653 1045 de
1668 1023 1784 1050 France,
1802 1023 1833 1049 Π,
1850 1024 1903 1045 609.
1924 1036 1947 1040 -
1966 1022 2023 1046 Vid.

160 1069 298 1098 Chartul„
315 1069 348 1098 11,
364 1074 393 1091 n⁰
409 1069 477 1092 1001.

253 1154 276 1178 1.
293 1162 303 1175 a
321 1153 343 1176 si
402 1153 546 1176 ministrari
567 1163 578 1173 n
597 1161 648 1175 om.
664 1153 693 1175 JJ
714 1157 741 1175 n⁰
759 1154 813 1176 565.
826 1166 856 1170 —-
869 1153 891 1176 2.
909 1162 921 1173 ιι
940 1152 1026 1175 ssobot.
1041 1155 1065 1175 et
1081 1163 1093 1173 »
1111 1160 1162 1175 oni.
1179 1152 1197 1174 Y
1215 1155 1239 1174 et
1254 1152 1283 1174 JJ
1302 1156 1329 1173 110
1353 1153 1405 1174 850.
1421 1165 1451 1168 —
1467 1153 1489 1174 3.
1508 1160 1518 1174 (t
1533 1151 1739 1182 Quuliacuinque
1802 1151 1925 1173 adhibere
1944 1160 1955 1171 u
1972 1159 2023 1173 oni.

163 1198 191 1222 ,Η
209 1199 263 1221 565.
276 1211 307 1215 —
322 1199 345 1220 4.
360 1208 373 1219 «
389 1198 429 1220 vel
446 1197 534 1220 nisi
554 1197 675 1220 ordinata
690 1206 702 1218 n
715 1205 766 1220 om.
777 1197 807 1220 JJ
821 1198 875 1220 565.

168 1368 308 1405 1212.
334 1378 515 1403 Innocentius
537 1378 573 1402 VI
589 1378 673 1402 Petro
695 1377 842 1410 Dominici,
869 1377 934 1402 ord.
959 1378 1075 1402 Eremit.
1101 1379 1127 1403 S.
1153 1377 1315 1411 Augustini,
1342 1377 1434 1411 legere
1454 1376 1556 1402 libr-um
1578 1376 1786 1401 Sententiarum
1804 1375 1832 1400 in
1849 1375 2024 1400 vacationum

250 1430 374 1462 tempore
388 1426 535 1462 permittit.

1334 1462 1410 1490 1353,
1425 1461 1543 1487 danum-ii
1557 1461 1593 1490 16,
1609 1460 1738 1486 Ᾰνεηῐοηε.

252 1545 486 1578 Innocentius
515 1545 709 1590 episcopus
737 1556 865 1577 servus
892 1556 1079 1577 servorum
1107 1545 1170 1577 Dei
1193 1544 1324 1577 dilecto
1347 1544 1420 1576 filio
1445 1571 1465 1576 ..
1488 1543 1703 1576 cancellario
1732 1543 1939 1579 parisiensi,
1962 1548 2024 1576 etc.

164 1611 358 1644 Laudabile
389 1611 634 1644 testimonium
666 1611 762 1656 quod
799 1611 930 1643 dilecto
961 1612 1066 1643 Petro
1100 1611 1292 1650 Dominici,
1324 1610 1410 1643 Ord.
1443 1611 1588 1643 fratrum
1621 1610 1882 1642 IIercmitarum
1915 1610 2024 1642 sancti

165 1678 374 1723 Augustini,
396 1678 490 1722 apud
512 1689 578 1710 nos
607 1678 651 1710 de
678 1677 877 1710 litterarum
905 1678 1111 1710 scientia...
1139 1677 1361 1722 perhibetur,
1385 1677 1558 1721 exposcit,
1587 1683 1649 1710 etc.
1679 1677 1820 1708 Dudum
1848 1676 2024 1720 siquidem

163 1744 222 1777 fel.
253 1756 324 1777 rec.
355 1744 533 1778 Clementi
562 1756 652 1789 pape
677 1745 738 1782 Vl,
764 1744 1016 1788 predecessori
1047 1750 1185 1784 nostro,
1218 1744 1382 1789 exposito
1411 1743 1507 1788 quod
1535 1743 1571 1775 in
1597 1743 1677 1775 loco
1706 1743 1853 1775 fratrum
1881 1742 2028 1775 Ordinis

164 1811 425 1843 Heremitarum
452 1810 564 1843 sancti
586 1810 782 1855 Augustini
812 1811 1008 1843 parisiensi
1036 1822 1130 1843 unus
1153 1823 1195 1842 ex
1222 1810 1393 1843 fratribus
1415 1810 1500 1842 dicti
1522 1810 1670 1842 Ordinis
1699 1809 1812 1841 lector
1833 1809 1876 1841 ad
1903 1809 2028 1853 legen—

164 1877 248 1909 dum
270 1876 401 1909 librum
425 1877 689 1909 Sententiarum
712 1889 805 1909 anno
828 1876 991 1921 quolibet
1012 1876 1261 1921 deputabatur,
1286 1883 1388 1921 prout
1414 1876 1545 1908 dicitur
1566 1876 1742 1920 deputari,
1762 1882 1796 1907 et
1817 1875 1913 1920 quod
1935 1875 2028 1907 idem

164 1944 292 1976 Petrus
307 1943 381 1987 (qui
403 1943 603 1976 secundum
626 1943 874 1976 ordinationes
896 1944 1069 1988 majorum
1094 1943 1178 1976 dicti
1200 1943 1349 1976 Ordinis
1371 1943 1530 1975 Parisius
1552 1942 1703 1975 Bibliam
1726 1948 1760 1974 ct
1776 1942 1933 1974 Tliolosc
1956 1953 2030 1986 prc-

165 2009 298 2042 dictum
326 2009 458 2042 librum
481 2010 747 2042 Sententiarum
775 2009 985 2054 hujusmodi
1010 2009 1159 2054 legisse,
1183 2009 1317 2042 ibidem
1345 2009 1562 2054 disputando
1589 2016 1621 2041 ct
1647 2015 1788 2041 ceteros
1814 2008 1904 2040 alios
1932 2014 2031 2040 actus

165 2075 378 2108 scolasticos
408 2076 624 2116 exercendo,
653 2082 689 2108 et
713 2083 798 2108 tunc
826 2076 862 2108 in
889 2083 1068 2109 conventu
1095 2077 1243 2108 fratrum
1270 2076 1355 2108 dicti
1386 2076 1535 2109 Ordinis
1563 2075 1803 2108 Avinioncnsi
1832 2074 2030 2107 bac-‘ilarius

165 2141 358 2186 deputatus
380 2153 461 2174 esse
484 2142 695 2186 dicebatur),
717 2149 824 2187 prout
845 2142 988 2182 dicitur,
1012 2142 1197 2175 sufficiens
1223 2149 1298 2175 erat
1319 2143 1361 2175 ad
1383 2142 1578 2187 legendum
1602 2142 1754 2174 eundem
1783 2141 1913 2173 librum
1942 2141 2030 2173 Sen-

164 2208 356 2241 tentiarum
378 2208 550 2253 ipsarum,
574 2208 637 2241 tibi
660 2215 720 2241 tuo
742 2209 889 2253 proprio
911 2209 1057 2241 nomine
1079 2221 1151 2241 non
1173 2221 1346 2253 expresso
1369 2209 1560 2249 mandavit,
1584 2215 1620 2240 ut
1642 2208 1795 2240 eundem
1819 2209 1976 2247 Petrum,
2000 2207 2029 2239 si

166 2286 260 2315 eum,
279 2274 374 2307 sicut
394 2274 637 2315 asserebatur,
656 2275 893 2307 sufficientem
912 2282 946 2307 et
966 2275 1146 2320 ydoneum
1169 2275 1212 2308 ad
1234 2275 1428 2320 legendum
1451 2275 1581 2307 librum
1605 2274 1813 2319 hujusmodi
1836 2274 2028 2318 reperires,

165 2353 238 2373 non
260 2341 489 2374 obstantibus
516 2341 795 2386 quibuscunque
822 2342 964 2375 statutis
993 2348 1027 2374 et
1054 2341 1382 2374 consuetudinibus
1410 2354 1448 2374 ac
1480 2341 1682 2386 privilegiis
1703 2341 1851 2373 Ordinis
1879 2339 2030 2384 predicti

166 2418 205 2440 ac
234 2407 345 2440 studii
376 2408 595 2440 Parisiensis
623 2408 827 2449 contrariis,
855 2409 1074 2453 juramento,
1098 2409 1370 2441 confirmatione
1392 2408 1588 2452 apostolica
1610 2407 1666 2440 vel
1688 2419 1901 2451 quacunque
1922 2406 2032 2438 firmi—

167 2479 236 2506 tate
257 2473 323 2506 alia
347 2473 538 2515 roboratis,
561 2474 603 2506 ad
632 2474 829 2519 legendum
852 2475 1006 2507 eundem
1036 2474 1166 2507 librum
1201 2475 1465 2507 Sententiarum
1495 2474 1702 2518 hujusmodi
1734 2474 1769 2511 in
1798 2473 1924 2505 codem
1947 2484 2032 2504 con-

166 2546 275 2572 ventu
294 2552 312 2572 a
333 2540 426 2573 festo
448 2540 634 2573 beatorum
657 2541 753 2574 Petri
780 2548 813 2574 et
844 2541 943 2574 Pauli
971 2541 1217 2586 apostolorum
1249 2541 1457 2585 hujusmodi
1490 2541 1619 2572 festum
1649 2539 1905 2584 Apostolorum
1936 2539 2032 2582 ipso-

169 2618 245 2638 rum
267 2607 432 2650 proximo
449 2607 607 2639 futurum
631 2607 836 2640 immediate
858 2608 1025 2652 sequenti
1043 2620 1158 2652 usque
1180 2608 1223 2640 ad
1244 2609 1373 2640 scstum
1398 2607 1598 2639 Nativitatis
1619 2606 1721 2638 beate
1744 2606 1854 2638 Mario
1870 2604 2033 2649 Yirginis

169 2678 298 2705 extunc
329 2673 534 2705 immediate
563 2685 736 2718 sequens,
771 2674 966 2706 dummodo
997 2686 1061 2719 pro
1092 2674 1301 2719 hujusmodi
1332 2680 1493 2718 tempore
1523 2673 1566 2705 ad
1599 2672 1792 2717 legendum
1826 2670 2031 2715 hujusmodi

168 2737 297 2770 librum
322 2739 358 2771 in
383 2746 563 2772 conventu
586 2740 749 2784 predicto
774 2752 845 2772 non
872 2747 970 2773 esset
989 2740 1120 2785 aliquis
1142 2741 1347 2785 deputatus,
1372 2739 1581 2772 auctoritate
1607 2738 1801 2783 apostolica
1827 2738 2030 2781 deputares.

168 2804 256 2838 Cum
279 2812 395 2838 autem
420 2805 514 2838 idem
537 2806 791 2851 predecessor,
815 2819 887 2839 non
909 2807 1084 2839 confectis
1106 2819 1216 2852 super
1236 2806 1443 2850 hujusmodi
1466 2805 1631 2837 mandato
1653 2804 1862 2849 apostolicis
1888 2803 2029 2841 litteris,

167 2870 258 2903 viam
290 2872 399 2904 fuerit
430 2873 600 2905 universe
631 2873 749 2905 carnis
782 2873 985 2918 ingressus,
1010 2873 1219 2905 discretioni
1253 2880 1310 2905 tue
1344 2884 1408 2916 per
1436 2871 1631 2916 apostolica
1663 2871 1793 2914 scripta
1824 2869 2032 2900 mandamus

291 2932 339 2948 *Η
358 2930 449 2953 Chare.
475 2930 551 2953 Unio.
570 2930 663 2954 Paris.
683 2931 727 2953 111.
1895 2927 1908 2948 3
