2488 3386
235 328 330 364 1389]
651 341 696 362 AB
731 341 835 362 ANNo
866 340 996 362 mcch
1030 340 1160 367 USQUE
1196 341 1243 361 AD
1280 341 1542 362 BENEDiCTUM
1576 342 1667 363 xui.
2028 331 2093 363 485

232 414 429 446 eorundem
462 414 693 447 Universitati
714 413 887 458 predictis
910 414 1101 445 restituere
1126 420 1330 453 teneantur3
1354 420 1386 446 et
1409 414 1504 458 quod
1527 414 1680 458 quilibet
1703 414 1940 447 cancellarius
1967 415 2002 446 in
2029 426 2092 446 sua

233 481 344 525 prima
366 481 572 526 receptione
593 481 628 513 in
649 480 902 513 cancellarium
924 480 1078 512 ecclesie
1100 480 1260 524 predicte
1284 481 1381 523 juret
1408 492 1526 512 coram
1553 481 1595 512 ad
1624 480 1690 513 hoc
1719 493 1781 525 per
1802 481 1918 514 dictos
1942 481 2092 513 Univer—

232 547 370 580 sitatem
393 547 563 592 deputato
591 559 655 579 scu
686 547 866 591 deputatis
887 546 922 578 in
950 545 1106 590 capitulo
1135 545 1289 578 ecclesie
1310 546 1515 590 supradicte
1538 558 1681 579 servare
1703 546 1891 587 honorem,
1914 559 2035 591 pacem
2059 553 2092 579 et

231 614 460 646 concordiam
481 614 576 646 inter
595 613 874 646 Universitatein
897 613 1080 657 predictos
1107 624 1146 644 ac
1176 613 1294 657 ipsum
1321 619 1356 645 et
1380 614 1458 657 ejus
1480 613 1741 653 cancellariam,
1763 614 1953 657 quodque²
1975 613 2092 646 bacal-

230 680 309 713 larii
330 680 483 725 predicti
505 680 540 712 in
563 692 626 712 sua
647 679 791 712 licentia
813 679 1008 712 obtinenda
1025 680 1151 723 jurent
1170 678 1285 711 eidem
1309 679 1524 711 cancellario
1547 691 1690 712 servare
1712 679 1885 711 honorem
1909 692 1947 712 ac
1969 691 2090 724 pacem

230 753 265 779 et
285 746 516 779 concordiam
534 746 628 778 inter
645 746 924 778 Universitatem
943 745 1126 790 predictos
1143 757 1181 777 ac
1203 745 1319 789 ipsum
1339 752 1371 777 et
1393 746 1471 789 ejus
1488 745 1749 778 cancellariam.
1768 747 1846 778 Non
1864 745 2091 778 obstantibus

230 813 508 858 quibuscunque
530 813 729 845 statutis...
754 813 880 845 Datum
903 812 1081 844 Avinione
1102 824 1123 844 v
1144 811 1192 844 id.
1216 811 1444 852 Novembris,
1467 824 1560 844 anno
1582 812 1812 844 duodecimo.

321 919 395 949 Orig.
418 919 443 941 in
468 919 546 942 Arcb.
564 922 617 943 nat.
636 919 719 942 Paris.
738 919 755 942 L
778 920 832 947 365,
853 923 882 941 n⁰
903 919 941 942 43.
958 919 1022 949 Reg.
1044 919 1101 941 Vat.
1121 919 1199 941 Aven.
1226 918 1307 941 Clem.
1333 919 1387 947 Vll,
1404 918 1455 941 vol.
1474 919 1548 945 LVII,
1575 921 1647 949 quat.
1665 919 1692 941 12
1712 918 1772 942 Div.
1792 919 1876 947 form.
1896 932 1925 934 —
1947 918 2013 940 Bibl.
2038 921 2089 941 nat.

228 963 311 986 Paris.
326 971 374 986 ms.
394 964 439 986 lat.
458 963 540 990 12847.
559 964 603 986 sol.
627 964 665 986 10.
683 977 709 981 —
726 964 754 986 ln
779 963 856 986 Arch.
873 966 925 986 nat.
942 963 981 993 (n0
1002 964 1040 992 Ιώ)
1057 966 1082 985 et.
1098 963 1160 993 Reg.
1180 964 1260 985 Aven.
1281 963 1329 985 sub
1350 963 1441 985 eadem
1462 962 1588 993 temporis
1608 966 1668 985 nota
1685 963 1836 985 mandatum
1858 965 1943 993 apost.
1960 962 1991 984 ad
2010 962 2091 992 episc.

228 1007 436 1031 Silvanectens.³
455 1011 480 1030 et
496 1008 604 1030 abbates
624 1008 649 1031 S.
671 1007 834 1031 Genovefae'·
851 1011 876 1031 et
893 1008 919 1030 S.
937 1007 1072 1038 Dionysii5
1086 1010 1114 1030 ut.
1133 1010 1308 1036 exsecutores,
1325 1015 1390 1038 quae
1411 1007 1521 1038 epistola
1544 1007 1600 1030 sola
1618 1007 1749 1030 invenitur
1765 1007 1790 1029 in
1807 1006 1874 1029 Bibl.
1893 1007 1917 1029 S.
1935 1006 2090 1034 Genovesae,

228 1060 277 1075 ms.
294 1053 338 1075 577
354 1052 420 1081 (cod.
438 1052 468 1074 H.
484 1052 500 1074 l.
517 1052 545 1074 25
561 1052 587 1074 in
601 1052 655 1079 sol.,
669 1060 736 1074 saec.
753 1053 828 1081 xvn),
840 1059 852 1074 e
867 1060 918 1082 quo
929 1051 1066 1080 Jourduin,
1081 1055 1110 1073 n0
1125 1052 1178 1074 857*

322 1146 343 1168 1.
358 1146 464 1168 Praeter
481 1149 518 1167 n⁰⁸
534 1145 666 1168 1504-1522
682 1144 734 1168 vid.
752 1149 801 1167 num
818 1145 926 1168 1550.—
941 1145 963 1168 2.
981 1144 1121 1175 Sequentia
1137 1144 1231 1167 desunt
1244 1144 1314 1175 apud
1329 1144 1466 1167 Jourdain.
1481 1157 1512 1161 —
1527 1144 1549 1166 3.
1565 1143 1711 1167 Johanncm
1727 1144 1852 1172 Diodona,
1869 1144 1900 1166 de
1916 1152 1967 1175 quo
1981 1148 2009 1166 n⁰
2024 1144 2093 1170 1310,

228 1193 281 1213 not.
298 1190 320 1213 1.
336 1203 366 1206 —-
383 1190 406 1212 4.
423 1189 568 1212 Johannem
584 1189 747 1218 Bassemain,
763 1189 794 1212 de
813 1197 863 1220 quo
877 1197 958 1220 supra
974 1193 1003 1211 11⁰
1019 1189 1087 1212 1527.
1104 1202 1133 1206 —-
1145 1191 1168 1211 5.
1185 1188 1330 1212 Guidonem
1347 1188 1387 1218 (de
1403 1189 1546 1217 Moneeau),
1561 1188 1773 1211 elemosinarium
1788 1191 1908 1215 monast„
1925 1191 1951 1211 et
1962 1188 2093 1211 baccalar.

228 1234 253 1256 in
269 1234 358 1261 theol„
377 1234 499 1256 abbatem
516 1234 549 1256 ab
566 1242 608 1256 an.
626 1234 685 1256 1364
702 1235 762 1262 (non
782 1234 860 1264 1383).
878 1233 960 1264 April.
975 1234 988 1256 3
1004 1234 1076 1264 (Reg.
1092 1234 1172 1256 Aven.
1187 1233 1250 1256 Urb.
1267 1234 1296 1260 V,
1308 1233 1359 1256 vol.
1373 1233 1441 1262 VIlI,
1456 1234 1473 1255 f.
1491 1232 1570 1263 155b).

233 1417 372 1454 1556.
401 1426 526 1452 Clemens
549 1428 600 1452 VII
614 1426 741 1461 adauget
753 1430 905 1462 proventus
921 1426 1117 1452 cancellariae
1135 1426 1242 1459 Paris.⁷
1261 1427 1344 1451 Petro
1360 1426 1395 1451 de
1410 1426 1534 1451 Ailliaco
1552 1426 1596 1451 vix
1612 1427 1640 1451 in
1656 1425 1860 1451 cancellarium
1876 1429 1997 1460 recepto.

1383 1518 1461 1546 1389,
1477 1517 1621 1543 Novembris
1637 1519 1660 1547 9,
1677 1517 1807 1543 Ανεηίοηε.

314 1610 369 1643 Ad
392 1617 599 1655 perpetuam
624 1611 674 1642 rei
698 1610 917 1643 memoriam.
942 1611 976 1643 Si
999 1610 1250 1655 dignitates...
1274 1611 1362 1643 Cum
1387 1610 1505 1654 itaque
1535 1611 1628 1642 sicut
1655 1610 1859 1654 accepimus
1881 1609 2092 1642 cancellaria

227 1677 314 1710 eccl.
337 1677 465 1717 Paris„
487 1689 556 1722 que
586 1684 621 1710 ut
643 1677 819 1710 asseritur
840 1677 1012 1722 dignitas.
1035 1689 1107 1710 nou
1131 1684 1246 1709 tamen
1268 1678 1380 1721 major
1408 1684 1489 1721 post
1512 1677 1751 1721 pontificalem
1781 1688 1845 1708 seu
1874 1676 2028 1708 officium
2056 1676 2091 1708 in

227 1744 350 1776 eadem
385 1744 536 1776 ecclesia
567 1744 700 1785 existit7
732 1751 767 1776 et
797 1756 865 1788 que
899 1744 941 1776 ad
970 1744 1082 1776 decus
1113 1744 1276 1788 ejusdem
1308 1744 1461 1776 ecclesie
1491 1751 1523 1776 et
1554 1744 1657 1776 etiam
1691 1743 1903 1775 dilectorum
1936 1743 2090 1774 filiorum

226 1810 482 1854 magistrorum
514 1817 548 1842 et
581 1810 774 1843 scolarium
804 1811 1058 1844 Universitatis
1092 1810 1202 1843 studii
1235 1810 1451 1843 parisiensis
1483 1810 1526 1842 ad
1562 1810 1674 1842 divini
1708 1809 1826 1842 cultus
1859 1815 2090 1853 augmentum

227 1876 341 1909 extitit
362 1877 537 1917 instituta7
561 1877 650 1909 adeo
672 1877 795 1921 paucis
817 1876 1020 1909 redditibus
1043 1883 1077 1909 et
1106 1876 1344 1921 proventibus
1367 1877 1483 1909 dotata
1512 1876 1652 1914 existat,
1680 1876 1777 1920 quod
1807 1882 1954 1920 propter
1976 1875 2092 1907 tenui-

227 1949 330 1975 tatem
354 1943 515 1987 ipsorum
537 1942 774 1975 cancellarius
795 1943 957 1987 ejusdem
980 1943 1134 1975 ecclesie
1156 1943 1403 1975 cancellariam
1434 1943 1545 1987 ipsam
1575 1954 1639 1987 pro
1669 1949 1829 1986 tempore
1856 1941 2025 1973 obtinens
2047 1941 2090 1973 de

226 2008 430 2041 redditibus
452 2015 486 2041 et
508 2008 744 2053 proventibus
766 2009 882 2054 ipsius
904 2016 1032 2042 statum
1055 2021 1159 2042 suum
1189 2016 1221 2041 et
1253 2009 1494 2041 incoinbentia
1516 2008 1585 2041 sibi
1607 2020 1717 2040 onera
1733 2009 1832 2052 juxta
1855 2014 1948 2040 tante
1971 2007 2091 2051 digni-

227 2076 307 2108 tatis
329 2087 393 2108 seu
416 2076 501 2108 tanti
524 2075 630 2108 officii
652 2076 867 2120 exigentiam
890 2076 1016 2120 nequit
1036 2076 1280 2108 condecenter
1301 2082 1514 2120 supportare
1534 2087 1540 2107 :
1564 2087 1631 2107 nos
1652 2075 1764 2119 igitur
1781 2086 1890 2118 super
1906 2073 1973 2106 hoc
1996 2073 2090 2106 salu-

227 2141 340 2174 briter
369 2142 560 2186 providere
588 2142 753 2174 volentes
783 2141 999 2174 beneficium
1031 2142 1314 2174 ecclesiasticum
1346 2154 1425 2174 cum
1457 2154 1540 2174 cura
1570 2141 1625 2174 vel
1657 2142 1735 2174 sine
1765 2153 1862 2181 cura7
1894 2140 2089 2173 ‹lunuuodo

224 2208 455 2241 canonicatus
473 2215 505 2241 et
524 2208 706 2253 prebenda
725 2208 878 2241 ecclesie
896 2208 1111 2241 cathedralis
1132 2221 1205 2240 non
1228 2209 1346 2247 suerit„
1365 2210 1468 2252 cujus
1485 2209 1636 2247 fructus,
1656 2207 1819 2239 redditus
1837 2214 1869 2239 et
1893 2213 2089 2251 proventus

225 2282 366 2308 centum
389 2274 471 2307 libr.
496 2281 683 2307 turonens.
710 2287 805 2319 parv.
830 2275 1029 2307 secundum
1054 2275 1265 2307 taxationem
1288 2275 1425 2307 decime
1447 2274 1603 2307 valorem
1626 2286 1783 2306 annuum
1807 2285 1878 2305 non
1901 2273 2086 2313 excedant,

224 2341 267 2374 ad
288 2343 538 2386 cujuscunque
561 2353 624 2373 seu
647 2353 947 2386 quorumcunque
965 2342 1207 2382 collationem7
1226 2341 1486 2386 provisionem,
1510 2341 1814 2385 presentationem
1839 2352 1901 2372 seu
1925 2340 2088 2384 quamvis

224 2408 326 2440 aliam
349 2408 625 2452 dispositionem
649 2408 887 2440 communiter
904 2408 960 2440 vel
982 2408 1124 2441 divisim
1150 2408 1349 2452 pertinens7
1368 2408 1397 2440 si
1420 2407 1516 2452 quod
1539 2407 1574 2439 in
1595 2407 1737 2439 civitate
1758 2406 1813 2439 vel
1836 2407 1974 2438 diocesi
1995 2406 2087 2438 Pari-

224 2475 337 2507 siensi
353 2481 453 2507 vacat
472 2475 515 2507 ad
534 2486 686 2519 presens
703 2474 759 2506 vel
780 2487 859 2507 cum
883 2475 1061 2507 vacaverit
1083 2474 1190 2518 (quod
1213 2474 1449 2506 cancellarius
1471 2474 1633 2518 ejusdem
1657 2473 1810 2505 ecclesie
1833 2473 1893 2517 qui
1916 2485 1979 2517 pro
2004 2479 2089 2505 tem—

224 2553 311 2586 pore
332 2541 440 2573 suerit
460 2553 524 2586 per
545 2553 583 2573 se
607 2541 663 2574 vel
685 2548 955 2585 procuratorem
981 2553 1083 2573 suum
1112 2541 1154 2573 ad
1181 2541 1247 2573 hoc
1269 2541 1430 2585 legitime
1451 2541 1685 2572 constitutum
1710 2540 1799 2572 infra
1822 2540 1929 2571 unius
1951 2539 2086 2571 mensis

224 2608 391 2652 spatium,
419 2614 607 2652 postquam
630 2607 699 2639 sibi
726 2607 782 2640 vel
811 2608 926 2640 eidem
956 2608 1179 2652 procuratori
1200 2607 1336 2639 vacatio
1367 2607 1465 2639 illius
1496 2606 1705 2645 innotuerit,
1734 2606 1876 2638 (luxerit
1901 2612 2086 2650 acceptan-

224 2674 333 2716 dum),
352 2674 548 2706 uniendum
568 2674 604 2705 in
622 2681 832 2719 perpetuum
857 2675 972 2707 cidem
997 2674 1149 2706 ecclesie
1171 2686 1249 2706 cum
1274 2673 1442 2706 omnibus
1458 2673 1603 2717 juribus
1621 2679 1655 2705 ct
1676 2672 1904 2717 pertinentiis
1926 2673 2016 2712 suis,
2040 2672 2084 2704 ita

224 2740 321 2785 quod
349 2740 442 2772 idem
465 2740 701 2772 cancellarius
723 2741 861 2773 fructus
890 2748 921 2773 et
954 2747 1151 2785 proventus
1178 2747 1211 2772 et
1239 2740 1477 2772 obventiones
1505 2740 1620 2784 ipsius
1648 2739 1814 2771 beneficii
1843 2739 2029 2783 percipere
2052 2745 2081 2769 et

223 2806 355 2839 habere
378 2806 550 2850 ipsosque
579 2806 615 2838 in
637 2818 723 2839 suos
746 2819 833 2839 usus
859 2820 897 2839 ac
925 2807 959 2839 iu
982 2807 1290 2851 supportationem
1321 2806 1529 2851 hujusmodi
1551 2818 1700 2838 oncrum
1726 2805 1948 2837 committere
1971 2803 2083 2835 libert*

224 2875 258 2906 et
278 2873 374 2905 licite
396 2872 521 2909 valeat.
545 2874 824 2917 motuproprio,
843 2885 914 2905 non
936 2873 978 2905 ad
1003 2874 1116 2918 ipsius
1138 2873 1341 2906 cancellarii
1359 2873 1415 2906 vel
1437 2873 1585 2905 alterius
1609 2884 1672 2916 pro
1695 2884 1736 2903 eo
1759 2883 1868 2915 super
1890 2870 1955 2902 hoc
1978 2869 2082 2901 nobis
