2488 3386
419 345 483 377 414
999 351 1315 374 CIIARTULAMUM
1350 350 1540 372 umvxzns.
1577 349 1706 371 PARIS.
2185 334 2284 371 [1385

418 430 552 463 paccione
575 436 766 462 quacunque;
790 428 838 454 sed
860 429 1008 461 quantum
1030 427 1154 459 ignorat.
1172 426 1206 451 Et
1221 426 1341 459 quando
1354 425 1413 459 ipse
1429 425 1485 450 fuit
1507 424 1674 450 licenciatus
1696 423 1727 449 in
1749 423 1869 453 artibus,
1886 423 1946 456 ipse
1963 424 1991 449 et
2010 422 2078 449 socii
2092 422 2137 449 sui
2151 422 2240 448 simul
2253 422 2285 448 in

419 479 496 504 exitu
517 486 628 503 camere
643 477 789 503 dederunt
808 477 918 510 aliquid
934 476 1016 502 dictis
1037 475 1226 500 familiaribus
1243 482 1296 507 pro
1311 482 1415 500 eorum
1431 473 1568 502 serviciis:
1588 473 1636 499 sed
1651 473 1687 498 de
1703 472 1869 506 quantitate
1883 479 1944 498 non
1959 472 2138 498 recordatur.
2155 472 2286 497 Interro-

419 529 502 559 gatus
517 527 538 551 si
554 528 728 552 consuetum
746 526 800 550 suit
814 525 876 550 dari
892 532 942 558 per
957 525 1069 550 artistas
1084 523 1253 549 cancellario
1267 523 1310 548 vel
1325 522 1551 548 subcancellario
1566 521 1688 554 aliquid,
1703 521 1853 554 respondit
1870 528 1897 546 se
1917 528 2074 554 nunquam
2089 520 2190 546 vidisse
2205 520 2286 553 quod

419 576 528 608 aliquid
544 575 662 600 daretur
678 574 847 600 cancellario
862 574 905 599 vel
921 573 1155 599 subcancellario.
1171 580 1223 597 nec
1238 572 1297 605 ipse
1311 571 1423 604 aliquid
1439 571 1542 596 habuit
1558 572 1691 604 tempore
1703 578 1763 604 quo
1779 571 1839 596 erat
1854 569 2105 596 subcancellarius.

507 625 579 650 Item
596 632 681 656 super
696 624 765 656 xvjo,
783 623 931 655 respondit
946 622 1026 655 quod
1041 621 1191 650 licenciati,
1209 621 1328 653 qnando
1343 620 1490 653 incipiunt
1507 620 1564 646 sive
1577 620 1787 653 magistrantur
1805 619 1859 644 sub
1877 619 2057 648 cancellario.
2072 619 2286 645 consueverunt

421 672 537 699 facere'¹
553 680 611 705 que
626 672 766 697 dicuntur
782 672 812 697 in
828 671 963 698 articulo:
978 671 1046 696 alias
1062 678 1121 695 non
1136 670 1235 695 recolit
1250 670 1359 695 vidisse.

508 723 580 747 Item
596 729 681 754 super
696 721 777 754 xvij0,
794 721 942 754 respondit
964 728 991 745 se
1013 719 1128 745 credere
1147 719 1227 751 quod
1252 718 1342 743 nichil
1357 717 1420 743 dari
1435 718 1520 744 debet
1535 717 1589 743 nisi
1604 717 1762 743 liberaliter
1776 719 1805 743 et
1818 717 1927 751 absque
1942 724 2120 750 quacunque
2135 716 2285 750 paccione:

421 770 500 804 quod
517 771 538 795 si
552 771 642 799 fieret,
662 771 733 796 foret
749 769 944 802 dampnabile.
961 769 1045 793 Plura
1059 768 1130 793 dixit
1143 775 1170 793 se
1187 767 1304 794 nescire.
1322 767 1376 792 nisi
1391 768 1479 800 prout
1495 774 1581 800 supra
1595 766 1739 800 deposuit.

509 820 581 845 Item
597 827 683 852 super
697 819 787 851 xviij‘*,
802 818 949 851 respondit
965 825 992 843 se
1006 825 1064 842 non
1079 817 1242 842 interfuisse
1258 816 1288 841 in
1304 816 1475 849 hujusmodi
1488 816 1628 844 donariis:
1646 823 1736 849 quare
1751 823 1838 849 super
1852 816 1908 842 hoc
1921 815 2067 850 deponere
2082 815 2213 841 nesciret.

508 869 580 894 Item
596 876 682 901 super
697 868 756 893 xixo
769 869 797 893 et
813 872 870 896 xv,
885 867 957 891 dixit
972 874 999 891 se
1015 866 1104 891 nichil
1121 866 1201 894 scire,
1220 855 1273 890 nisi
1288 866 1377 898 prout
1393 873 1481 897 supra
1494 865 1638 898 deposuit.

509 917 582 942 Item
597 924 683 950 super
698 917 757 949 xxj²=
770 918 798 941 et
814 916 895 948 xxij0‚
910 915 1058 948 respondit
1073 914 1153 947 quod
1168 914 1207 939 ita
1223 914 1323 943 credit,
1340 915 1374 939 ut
1388 914 1419 939 in
1437 914 1515 939 dicto
1531 914 1654 939 articulo
1669 913 1848 943 continetur,
1865 913 1933 947 quia
1956 921 2017 939 non
2038 913 2150 939 audivit
2169 913 2287 939 contra-

420 965 509 995 riumv
525 965 578 990 nisi
593 973 608 991 a
623 967 754 998 tempore
769 966 848 990 mote
862 964 928 989 litis.
946 965 1143 996 Interrogatus
1159 963 1230 996 quid
1246 963 1366 991 audivit,
1383 962 1533 996 respondit
1554 962 1635 996 quod
1659 970 1710 996 per
1731 962 1906 989 adversarios
1924 962 2036 988 audivit
2056 962 2123 992 dici,
2142 961 2223 995 quod
2238 968 2289 995 per

420 1014 586 1047 paccionem
603 1015 630 1039 et
646 1022 767 1039 munera
783 1013 931 1039 licenciam
945 1013 1038 1042 dedi53
1054 1020 1113 1038 non
1129 1014 1227 1038 tamen
1240 1012 1331 1038 credit
1346 1012 1406 1038 fore
1420 1019 1532 1038 verum.

508 1064 581 1089 Item
596 1071 682 1096 super
697 1063 877 1095 majo-xxxo.
895 1062 1044 1095 respondit
1059 1070 1087 1087 se
1100 1061 1191 1087 nichil
1207 1061 1286 1087 scire.

508 1113 580 1137 Item
596 1120 681 1144 super
696 1112 785 1144 xxxj‘*,
801 1111 935 1144 deposuit
950 1119 1052 1137 verum
1067 1118 1135 1140 esse,
1153 1110 1232 1144 quod
1248 1111 1307 1143 ipse
1324 1110 1459 1136 interfuit
1473 1110 1504 1135 in
1522 1109 1657 1143 prandi0‚
1673 1109 1708 1136 de
1723 1117 1784 1143 quo
1797 1110 1832 1136 nt
1846 1109 1959 1135 mentio
1974 1109 2005 1135 in
2019 1108 2098 1135 dicto
2112 1108 2246 1138 articulo,
2260 1109 2289 1135 et

419 1161 490 1186 vidit
505 1163 568 1194 post
581 1160 738 1194 prandium
754 1160 784 1185 in
802 1160 921 1185 dacione
936 1160 1096 1193 specierum
1112 1160 1322 1189 confectarum,
1338 1159 1419 1192 quod
1438 1159 1626 1185 cancellarius
1647 1159 1719 1185 sedit
1742 1159 1867 1192 primus,
1890 1160 1985 1185 rector
2005 1157 2159 1187 secundus,
2180 1159 2209 1183 et
2229 1157 2289 1191 ipse

419 1210 469 1243 qui
486 1210 617 1243 loquitur
633 1210 744 1235 tercius.
762 1209 796 1234 Et
811 1209 901 1235 credit
914 1209 994 1242 quod
1008 1210 1111 1235 neuter
1124 1216 1227 1234 corum
1241 1208 1358 1235 tenebat
1371 1208 1452 1242 quod
1467 1209 1644 1242 preferretur
1655 1208 1739 1234 alteri
1754 1208 1785 1234 in
1800 1208 1874 1234 sede.
1891 1208 1926 1233 Et
1941 1209 2013 1233 tunc
2026 1208 2170 1233 venerunt
2184 1206 2290 1233 bedelli

419 1259 561 1284 facultatis
583 1259 695 1284 arcium
715 1260 743 1284 et
762 1258 900 1284 dixerunt
921 1258 998 1284 dicto
1022 1258 1126 1284 rectori
1147 1258 1215 1283 talia
1232 1258 1317 1284 verba
1334 1258 1376 1283 vel
1400 1258 1431 1283 in
1452 1258 1558 1283 effectu
1578 1257 1682 1283 similia
1699 1266 1705 1283 z
1724 1267 1738 1281 «
1754 1257 1879 1283 Domine
1895 1258 1998 1286 rector,
2016 1256 2063 1282 hic
2078 1264 2139 1282 non
2153 1257 2196 1282 est
2209 1256 2290 1282 locus

419 1309 518 1335 vester.
535 1316 581 1333 vos
596 1307 705 1333 debetis
720 1307 815 1333 sedere
831 1307 944 1340 primus
961 1317 985 1332 ».
1009 1307 1043 1333 Et
1063 1309 1135 1333 tnnc
1156 1307 1264 1340 incepit
1279 1314 1429 1336 murmur,
1445 1307 1493 1332 sed
1513 1314 1574 1332 non
1589 1307 1663 1332 bene
1680 1306 1851 1333 recordatur
1865 1306 1901 1332 de
1916 1305 2009 1332 verbis
2030 1305 2289 1335 murmuracionis.

419 1364 471 1382 nec
485 1357 576 1382 eciam
589 1357 654 1389 quis
670 1364 773 1382 eorum
795 1356 909 1389 primus
927 1356 1034 1389 recepit
1056 1356 1170 1389 species.
1194 1356 1229 1381 Et
1250 1364 1284 1382 ex
1309 1358 1381 1382 tunc
1402 1355 1511 1389 incepit
1530 1355 1672 1382 discordia
1693 1355 1770 1381 inter
1785 1355 1992 1381 cancellarium
2007 1356 2036 1381 et
2050 1354 2288 1383 Universitatem;

421 1406 510 1431 nescit
527 1407 624 1431 tamen
640 1406 661 1431 si
677 1407 761 1431 antea
776 1407 934 1431 tractatum
956 1406 1050 1431 fuerat
1069 1405 1100 1430 in
1116 1405 1306 1431 Universitate
1320 1405 1405 1438 'quod
1429 1406 1656 1439 prosequeretur
1670 1412 1749 1431 eum.
1767 1404 1866 1431 Cetera
1882 1404 1914 1430 in
1929 1404 2052 1430 articulo
2067 1405 2204 1431 contenta
2218 1402 2292 1429 dixit

421 1463 449 1481 se
466 1455 610 1487 ignorare.

512 1504 583 1529 Item
601 1512 687 1536 super
702 1503 929 1537 xxxijo-xxxvij0‚
944 1503 1016 1529 dixit
1032 1511 1059 1529 se
1073 1503 1163 1529 nichil
1178 1503 1256 1529 scire.

508 1552 565 1586 iiij.
588 1553 685 1578 Frater
699 1553 843 1578 Jonmxns
860 1552 948 1578 Gom
963 1552 993 1581 ¹²,
1011 1552 1111 1578 doctor
1125 1553 1155 1578 in
1169 1552 1325 1585 theologia,
1342 1552 1410 1578 Ord.
1428 1552 1589 1581 Carmelit..
1606 1552 1689 1578 etatis
1705 1552 1734 1577 lx
1746 1559 1896 1578 annorum
1909 1552 1953 1578 vel
1969 1551 2053 1582 circa,
2069 1550 2193 1577 Parisius
2207 1558 2290 1577 com-

422 1609 548 1630 moransv
562 1602 688 1634 juratus,
703 1602 885 1627 examinatus
899 1603 927 1627 et
942 1602 1137 1635 interrogatus
1151 1609 1239 1634 super
1250 1602 1439 1635 infrascriptis
1453 1602 1583 1628 articulis
1597 1602 1664 1634 ipsis
1677 1601 1730 1627 sibi
1743 1601 1824 1635 prins
1839 1601 1918 1627 lectis
1932 1602 1961 1627 et
1976 1608 2027 1635 per
2044 1608 2114 1627 eum
2130 1602 2164 1626 ut
2178 1600 2292 1627 dicebat

421 1651 582 1679 intellectis,
597 1651 669 1676 <lixit
682 1653 709 1676 et
724 1651 858 1684 deposuit
873 1652 906 1676 ut
921 1651 1062 1684 sequitur.
1081 1651 1115 1676 Et
1131 1651 1226 1684 primo
1240 1658 1326 1684 super
1341 1651 1447 1684 primo,
1464 1651 1545 1685 quod
1558 1651 1649 1677 credit
1666 1652 1803 1677 contenta
1818 1650 1924 1684 inipso
1937 1650 1997 1676 sore
2009 1657 2120 1676 vera....
2133 1649 2293 1683 Respondit

421 1699 501 1733 quod
522 1699 591 1724 vidit
610 1707 656 1725 eos
671 1699 876 1734 (cancellarios)
896 1700 964 1725 dare
987 1700 1128 1729 licencias.
1150 1701 1248 1726 tenere
1272 1700 1360 1729 aulas,
1382 1702 1410 1726 et
1429 1708 1463 1727 ex
1480 1702 1562 1734 parte
1584 1700 1656 1726 sedis
1678 1700 1832 1733 apostolice
1854 1698 2019 1735 facieba[n]t
2039 1707 2086 1726 eos
2107 1698 2292 1734 (licentiatos)

420 1749 528 1781 jurare,
545 1750 573 1774 ct
588 1749 711 1781 (laba[n]t
727 1749 764 1774 eis
781 1749 921 1777 birretum,
938 1750 966 1774 et
988 1749 1130 1774 faciebant
1150 1749 1249 1775 omnia
1271 1757 1328 1782 que
1352 1749 1538 1782 pertinebant
1553 1749 1589 1775 ad
1604 1749 1810 1776 cancellarium
1830 1749 1919 1775 libere
1933 1750 1962 1775 et
1983 1748 2044 1775 sine
2063 1748 2293 1775 contradictione

424 1804 612 1830 quacunque.

511 1847 584 1872 Item
601 1854 686 1879 snper
700 1846 743 1879 ij0‚
758 1847 811 1879 iiju,
829 1847 882 1880 iiij⁰
897 1848 925 1873 et
940 1852 968 1871 νῦ
988 1847 1126 1876 articulis,
1147 1847 1296 1880 respondit
1317 1855 1345 1874 se
1364 1848 1434 1874 scire
1453 1848 1534 1881 quod
1553 1848 1682 1881 theologi
1704 1848 1917 1874 consueverunt
1939 1848 2067 1881 prestare
2085 1847 2293 1880 juramentum

423 1896 597 1921 contentum
618 1895 648 1920 in
667 1895 750 1921 dictis
765 1895 902 1923 articulis,
920 1897 948 1921 et
963 1896 998 1921 de
1018 1896 1072 1921 hoc
1089 1898 1130 1921 est
1150 1896 1265 1928 publica
1283 1904 1336 1923 vox
1354 1898 1381 1923 et
1404 1898 1480 1922 fama
1496 1897 1525 1923 in
1539 1897 1653 1923 civitate
1668 1898 1696 1923 et
1709 1893 1811 1922 studio
1821 1896 1970 1922 Parisiensi
1985 1896 2062 1922 inter
2076 1896 2240 1929 theologos:
2257 1895 2293 1922 de

423 1944 484 1970 aliis
500 1944 684 1969 facultatibus
698 1945 813 1977 ignorat
829 1945 915 1977 quale
926 1945 1133 1977 juramentum
1149 1947 1287 1978 prestant.
1305 1946 1504 1979 Interrogatus
1519 1946 1670 1979 quomodo
1685 1946 1737 1972 scit
1756 1945 1837 1979 quod
1856 1946 1892 1971 sit
1907 1947 2083 1972 consuetum
2098 1947 2133 1971 ut
2146 1944 2291 1979 deposuit.

424 1993 573 2025 respondit
588 1993 667 2026 quod
683 2001 796 2026 semper
814 1993 852 2019 sic
867 1993 938 2018 vidit
953 1994 1015 2019 ficri
1031 2002 1046 2019 a
1062 1994 1262 2027 xxiiij⁰··a1111is
1277 1994 1357 2024 citra,
1377 1995 1485 2028 quibus
1500 1995 1556 2021 fuit
1570 1995 1707 2029 magister
1722 1995 1753 2021 in
1768 1995 1915 2028 theologia
1930 1994 1960 2020 in
1975 1993 2122 2028 presencia
2137 1993 2294 2027 magistro-

425 2049 492 2067 rum
509 2042 539 2067 in
552 2042 617 2067 aula
633 2042 796 2075 episcopali.
811 2044 972 2075 antequam
987 2042 1128 2069 darentur
1142 2043 1268 2069 licencie.

514 2091 587 2117 Item
603 2098 691 2124 super
706 2091 756 2124 vjo,
771 2091 843 2117 dixit
863 2099 891 2117 se
913 2099 973 2117 non
988 2092 1090 2118 vidisse
1108 2092 1256 2125 privilegia
1277 2101 1363 2126 super
1385 2094 1450 2123 hoc,
1474 2101 1527 2119 nec
1548 2101 1684 2127 unquam
1706 2093 1778 2119 vidit
1799 2093 1879 2126 quod
1903 2092 2067 2119 licenciaret
2089 2092 2219 2126 aliquem
2233 2091 2295 2119 sine

425 2140 574 2166 vocatione
589 2140 812 2173 magistrorum:
830 2140 904 2166 bene
917 2140 989 2166 vidit
1010 2142 1109 2167 tamen
1131 2141 1211 2175 quod
1234 2142 1339 2168 vocatis
1360 2144 1389 2168 et
1409 2142 1516 2168 auditis
1537 2143 1770 2176 deposicionibus
1784 2142 1995 2176 magistrorum
2008 2141 2141 2168 licencias
2155 2141 2245 2172 dedit,
2260 2142 2296 2167 ut

426 2197 512 2222 supra
526 2189 671 2221 deposuit.

514 2239 587 2263 Item
603 2246 688 2271 super
704 2238 765 2271 vij0‚
780 2239 930 2271 respondit
942 2240 1079 2265 contenta
1094 2239 1124 2264 in
1137 2239 1215 2265 dicto
1228 2240 1351 2266 articulo
1366 2248 1424 2267 esse
1438 2249 1512 2271 vera,
1529 2241 1652 2268 reddens
1667 2249 1784 2267 causam
1799 2240 1929 2269 sciencie.
1943 2240 2013 2274 quia
2026 2247 2140 2274 semper
2154 2240 2210 2266 hoc
2223 2238 2296 2266 vidit

427 2286 472 2312 uti
487 2288 515 2313 et
531 2287 592 2313 fieri
607 2294 658 2319 per
673 2288 889 2313 cancellarium.

518 2336 589 2361 Item
606 2344 692 2369 super
706 2336 769 2369 viijs·
785 2337 917 2365 articulo,
934 2337 1006 2362 dixit
1021 2339 1049 2363 et
1064 2338 1214 2370 respondit
1229 2345 1293 2363 vera
1309 2346 1366 2364 esse
1378 2340 1515 2365 contenta
1536 2339 1567 2365 in
1586 2339 1664 2365 dicto
1679 2339 1812 2369 articulo,
1828 2339 1951 2365 reddens
1971 2345 2088 2365 causam
2107 2345 2158 2364 sue
2177 2337 2297 2364 sciencie

429 2384 498 2417 quia
513 2384 551 2410 sic
565 2384 636 2409 vidit
651 2386 679 2410 et
692 2385 812 2415 audivit,
829 2386 973 2418 quamdiu
989 2387 1044 2412 fuit
1060 2386 1090 2412 in
1105 2387 1201 2412 studio
1217 2387 1375 2417 parisiensi,
1391 2388 1421 2413 in
1435 2396 1494 2421 quo
1510 2388 1565 2414 suit
1578 2388 1673 2422 spacio
1687 2389 1769 2422 xxxvj
1786 2395 1933 2414 annorum
1949 2388 1992 2414 vel
2007 2387 2156 2414 circa¹³....

518 2434 591 2459 Item
607 2441 693 2466 super
707 2434 748 2466 xj⁰
761 2434 894 2463 articulo,
909 2435 1043 2468 deposuit
1058 2443 1086 2461 se
1101 2436 1201 2462 vidisse
1216 2437 1330 2469 copiam
1352 2445 1410 2470 que
1431 2437 1582 2463 dicebatur
1596 2445 1654 2464 esse
1675 2437 1826 2471 privilegii,
1849 2437 1885 2463 de
1904 2444 1964 2470 quo
1983 2437 2018 2462 fit
2040 2436 2155 2463 mencio
2173 2436 2205 2462 in
2219 2435 2297 2463 dicto

430 2482 560 2511 articulo,
576 2490 633 2515 que
647 2482 728 2515 copia
743 2483 910 2509 continebat
925 2492 956 2510 ea
972 2492 1030 2517 que
1042 2484 1072 2509 in
1088 2485 1210 2510 articulo
1223 2486 1433 2515 continentur?
1445 2487 1492 2512 sed
1508 2494 1569 2512 non
1580 2487 1651 2512 vidit
1666 2487 1852 2520 privilegium
1867 2486 2017 2519 originale.

518 2530 591 2556 Item
607 2538 693 2563 snper
708 2531 770 2564 xijo,
785 2532 933 2565 respondit
946 2540 1049 2558 verum
1064 2541 1122 2559 esse
1137 2533 1173 2559 de
1192 2534 1328 2560 facultate
1347 2535 1493 2568 theologie
1514 2537 1548 2561 ut
1571 2535 1602 2561 in
1623 2535 1746 2561 articulo
1768 2535 1950 2565 continetur:
1973 2534 2010 2561 de
2030 2533 2092 2560 aliis
2111 2533 2298 2561 facultatibus

433 2587 500 2605 vero
515 2579 676 2611 ignorat....

519 2629 592 2654 Item
608 2636 693 2661 super
707 2628 780 2662 xiijo,
794 2630 943 2663 respondit
958 2638 986 2657 se
1001 2630 1091 2657 nichil
1106 2631 1176 2658 scire
1191 2631 1227 2658 de
1239 2632 1383 2658 contentis
1397 2632 1429 2658 in
1441 2633 1519 2660 dicto
1531 2633 1665 2664 articulo,
1679 2633 1749 2667 quia
1762 2641 1823 2659 non
1835 2635 1877 2659 est
1891 2633 1927 2659 de
1939 2632 2126 2659 facultatibus
2140 2632 2300 2659 nominatis

432 2677 463 2704 in
476 2677 553 2703 dicto
568 2677 700 2703 articulo.

519 2727 592 2753 Item
608 2735 693 2760 super
707 2726 790 2760 xiiij0‚
805 2727 953 2761 respondit
968 2730 1103 2755 contenta
1115 2729 1147 2755 in
1161 2729 1238 2756 dicto
1252 2730 1375 2757 articulo
1390 2731 1451 2758 fore
1463 2739 1538 2762 vera,
1553 2732 1676 2759 reddens
1690 2739 1807 2758 causam
1823 2739 1873 2758 sue
1885 2731 2005 2758 sciencie
2017 2731 2086 2765 quia
2101 2738 2215 2765 semper
2227 2730 2299 2757 vidit
2312 2748 2314 2750 -

432 2776 470 2802 sic
485 2776 547 2802 fieri
562 2776 638 2802 inter
654 2776 813 2809 theologos,
830 2776 961 2803 videlicet
975 2785 990 2802 a
1006 2785 1059 2803 xxv
1072 2779 1155 2804 annis
1170 2779 1250 2804 eitra.
1266 2779 1463 2813 Interrogatus
1477 2782 1616 2814 quociens
1630 2783 1659 2808 et
1673 2789 1689 2808 a
1708 2781 1816 2815 quibus
1835 2781 1907 2807 vidit
1921 2781 2000 2807 mitti
2014 2780 2169 2814 peccunias
2183 2780 2298 2807 cancel—

431 2826 502 2851 lario
518 2833 568 2858 per
583 2826 731 2858 portantes
746 2825 866 2858 signeta,
887 2825 959 2851 dixit
979 2826 1058 2859 quod
1081 2828 1188 2853 tociens
1210 2828 1348 2861 quociens
1370 2830 1491 2855 fuerunt
1512 2830 1585 2856 facte
1606 2831 1803 2864 expeditiones
1818 2830 2048 2859 licenciatorum,
2062 2830 2107 2856 vel
2125 2837 2179 2863 pro
2193 2829 2299 2863 majori

432 2877 513 2908 parte
529 2875 599 2900 vidit
614 2875 669 2900 hoc
681 2874 833 2904 observari,
848 2876 875 2900 et
889 2875 1046 2908 specialiter
1059 2884 1110 2909 per
1125 2877 1188 2902 illos
1200 2877 1236 2902 de
1249 2877 1357 2904 Ordine
1372 2878 1460 2911 ipsius
1476 2880 1554 2905 testis
1568 2880 1725 2914 loquentis.
1742 2881 1941 2913 Interrogatus
1955 2880 1977 2905 si
1990 2879 2063 2905 vidit
2076 2879 2188 2912 aliquas
2200 2886 2297 2912 quan-

433 2925 528 2950 titates
542 2923 681 2957 peccunie
695 2923 773 2949 mitti
789 2932 839 2957 per
854 2925 924 2950 tunc
940 2924 1141 2954 licenciandos‚
1158 2926 1307 2959 respondit
1322 2927 1402 2960 quod
1422 2928 1539 2954 nonnisi
1558 2929 1594 2955 de
1615 2937 1644 2955 se
1663 2929 1725 2962 ipso
1746 2930 1876 2959 tantum.
1897 2930 1926 2955 et
1939 2929 1975 2955 de
1989 2929 2045 2954 illis
2059 2928 2111 2962 qui
2126 2928 2299 2961 inceperunt
