2488 3386
170 350 266 386 1362]
585 363 631 385 AB
665 363 772 386 ANNo
807 363 938 385 110001,
971 363 1102 391 USQUE
1137 364 1185 385 An
1221 364 1484 386 0000010100
1519 366 1609 387 11111.
1986 358 2030 390 93

163 436 243 460 tiatus
259 436 286 459 in
300 436 389 464 theol„
406 439 435 459 ut
449 436 532 468 liquet
543 444 557 460 e
572 445 636 461 mss.
652 437 698 461 lat.
714 437 796 465 56572,
815 437 859 460 fol.
884 437 905 464 1,
922 440 947 460 et
967 437 1052 464 12850,
1070 437 1114 460 sol.
1131 438 1160 461 79
1180 437 1258 468 (Bibl.
1276 441 1330 461 nat.
1345 438 1449 467 Paris),
1467 439 1511 470 qui
1525 439 1657 462 continent
1673 440 1763 463 Catal.
1777 440 1983 465 licentiavit-um
1998 442 2031 465 in

163 481 243 505 theol.
261 481 295 505 ab
310 487 358 504 an.
379 481 470 505 1373.
484 480 544 503 Fuit
564 481 672 504 studens
696 481 722 504 in
738 481 849 512 collegio
865 481 1007 504 Nuvarrne.
1030 481 1088 504 Vid.
1110 481 1263 509 Launoium,
1287 482 1304 504 1.
1328 491 1360 510 c.,
1386 491 1412 513 p.
1434 483 1473 505 94.
1495 483 1543 506 An.
1560 483 1620 506 1396
1639 486 1664 506 et
1687 487 1779 514 postea
1800 487 1890 506 000101-
1905 485 1986 507 Paris.
2003 499 2027 502 —

163 525 201 548 11.
214 525 363 556 Stephanus
385 525 495 553 Gaudet,
514 528 573 548 ante
599 525 659 549 1373
679 533 749 556 mag.
768 525 795 548 in
810 525 901 554 theol.,
921 533 979 548 can.
998 525 1090 552 1nsul.,
1108 525 1157 548 suit
1177 525 1263 548 socius
1285 526 1426 549 Sorbonae.
1443 526 1500 549 Vid.
1518 527 1623 554 Delisle,
1642 528 1704 551 Cab.
1718 529 1763 551 des
1779 535 1855 555 mss„
1878 529 1908 556 11,
1932 529 1981 551 175.
2003 543 2029 546 -

163 570 201 593 12.
214 571 261 593 An.
277 569 338 592 1373
352 569 423 599 (1374
438 572 498 592 ante
512 569 623 600 Pascha)
638 569 725 593 licent.
742 569 768 592 in
783 570 863 592 theol.
875 577 888 592 e
901 569 989 594 Catal.
1001 569 1106 596 licent.,
1120 569 1183 592 ibid.
1196 570 1255 592 Fuit
1270 570 1440 594 Nuvarricus.
1455 571 1505 593 Sed
1518 570 1544 593 in
1559 571 1670 602 collegio
1683 571 1816 594 Sorbonue
1830 572 1961 595 invenitur
1975 573 2031 603 ejus

162 621 266 637 nomen.
278 627 310 631 —
324 614 362 637 13.
376 614 423 637 Au.
437 613 507 641 1361,
523 613 615 637 Octob.
630 614 667 641 11,
682 613 708 636 in
723 617 850 637 rectorem
865 614 955 638 electo.
970 613 1027 638 Vid.
1046 613 1105 637 Lib.
1120 620 1197 643 proc.
1217 618 1279 638 'nat-
1295 615 1382 644 Anat.
1401 614 1426 637 in
1447 617 1565 639 Auctar.
1585 615 1712 639 Chartul.
1728 615 1785 638 Vid.
1804 615 1882 638 etiam
1904 616 1971 644 Bul„
1989 617 2033 645 IV,

162 659 216 682 984.
231 671 259 675 —
272 658 309 681 14.
322 658 368 681 An.
384 658 446 680 1373
462 657 533 686 (1374
548 661 608 681 ante
622 658 733 689 Pascha)
752 658 839 681 licent.
855 658 881 680 in
897 658 978 681 theol.
994 666 1006 680 e
1021 658 1109 682 Catal.
1126 658 1217 682 licent.
1234 658 1297 681 Erat
1311 659 1480 682 Navarricus.
1495 672 1526 676 —-
1541 659 1578 683 15.
1596 659 1748 682 Sor-bonico.
1763 659 1820 682 Vid⁴
1838 660 1970 688 Frnnklin,
1990 661 2031 684 La

162 702 315 730 Sorbonne,
331 710 357 733 p.
374 702 429 725 225.
444 715 476 719 -
490 702 528 725 16.
544 702 682 725 Renvoisie
699 702 740 725 vel
756 701 901 726 Lenvoisie.
916 702 964 725 An.
981 702 1041 724 1374
1057 702 1145 725 licent.
1162 702 1187 724 in
1206 702 1285 725 theol.
1301 702 1412 725 Studens
1432 703 1492 726 coll.
1510 703 1651 726 Navarrae.
1667 717 1695 721 -
1718 704 1755 726 17.
1771 704 1820 731 Qui
1837 712 1878 726 an.
1897 704 1954 727 1386
1969 713 2032 726 ran-

162 746 219 770 cell.
241 746 325 770 Paris.
343 746 400 770 fuit.
416 746 530 769 Affertur
545 746 572 769 in
590 746 701 777 collegio
725 746 858 769 Surbonae
875 746 938 777 (vid.
958 746 1092 775 Franklin,
1115 746 1133 769 l.
1150 748 1182 775 0.)
1198 749 1224 769 et
1244 746 1270 769 in
1286 747 1379 777 colleg.
1397 747 1539 770 Navarrae.
1556 748 1592 776 (V.
1618 747 1771 774 Lanuuium,
1796 748 1813 770 1.
1837 749 1868 776 c.)
1894 748 1920 770 10
1937 748 2031 779 Suppl.

162 790 243 814 Clem.
257 790 312 818 VII,
325 798 367 813 an.
384 790 406 819 1,
423 798 450 821 p.
466 791 489 819 2,
506 790 551 813 sol.
568 790 620 820 126,
635 790 732 813 dicitur
750 798 809 813 eum
823 790 904 813 fuisse
922 790 994 813 hacc.
1011 790 1037 812 in
1053 790 1132 813 theol.
1150 790 1183 813 ab
1199 798 1240 813 nn.
1257 790 1343 821 primo
1359 790 1436 821 Greg.
1455 792 1486 813 XI
1503 793 1555 820 (00.
1572 791 1652 820 1371).
1667 791 1734 814 Petit
1748 799 1804 814 can.
1818 792 1879 814 cccl.
1898 792 2030 815 Gamerae.

161 835 190 858 ln
203 837 254 858 art.
268 834 355 858 licent.
371 842 413 858 an.
427 834 486 858 1361
499 834 576 864 (Βο1.,
594 835 636 862 IV,
652 835 719 864 999).
730 848 762 852 --
774 835 813 858 18.
830 835 877 858 An.
891 834 952 857 1379
965 834 1053 857 licent.
1065 834 1090 857 in
1106 834 1187 857 theol.
1199 843 1212 857 e
1225 835 1314 858 Catal.
1331 835 1422 859 licem.
1435 835 1469 858 De
1485 843 1514 858 eo
1530 835 1631 866 pluries
1647 835 1724 858 infra.
1738 849 1766 852 —
1782 836 1820 858 19.
1838 836 1989 859 Sorbonico.
2003 850 2031 854 —

161 880 200 903 20.
217 879 267 902 Seu
290 878 379 910 potius
396 887 407 902 «
421 879 544 903 Deodona
559 887 571 901 »
589 879 624 908 (10
642 878 715 903 Gall.
732 878 840 908 christ„
856 879 884 907 X,
903 879 963 901 1430
980 887 991 901 «
1007 878 1106 901 Dodieu
1123 888 1145 908 ι),
1162 879 1313 908 Deodatus).
1329 879 1388 902 Fuit
1407 880 1514 902 studens
1535 880 1628 910 colleg.
1644 879 1754 908 Choleti,
1769 883 1794 902 et
1809 888 1850 902 an.
1868 880 1927 903 1374
1943 880 2031 904 licent.

161 923 187 946 10
201 923 280 946 theol.
293 931 306 946 e
323 923 412 947 Catal.
426 922 520 947 licent.
537 923 617 946 Plura
631 923 701 946 infra
716 927 745 946 n⁰
759 923 828 951 1310,
841 923 886 946 ubi
899 922 1015 946 invenies
1031 931 1090 945 eum
1104 923 1284 946 verisimiliter
1300 923 1381 946 fuisse
1397 924 1516 946 eumdem
1533 924 1578 954 qui
1595 925 1678 946 sactus
1690 927 1730 947 est
1744 924 1824 955 episc.
1843 924 2031 947 silvanectens.

160 968 238 991 —21.
257 967 410 990 Sorbonico.
423 967 556 996 Franklin,
573 967 592 991 l.
608 975 642 996 c.,
660 967 705 990 ubi
721 975 732 990 «
746 967 850 990 Falisca
865 975 888 990 ι).
903 981 930 985 -
946 967 984 990 22.
1002 975 1013 990 «
1029 967 1143 990 Johanni
1158 967 1299 990 Mercerius
1315 968 1346 991 de
1362 968 1456 990 Avenis
1474 976 1495 995 ›),
1512 968 1556 999 qui
1572 976 1613 991 an.
1632 968 1764 991 1374-1375
1779 968 1928 991 licentiatus
1943 968 1990 991 suit
2005 969 2032 991 in

160 1011 240 1036 theol.
256 1020 270 1035 e
286 1011 373 1036 Catal.
390 1012 480 1036 licent.
496 1011 569 1035 Alius
585 1014 626 1035 est
639 1019 669 1034 ac
682 1011 727 1043 qui
742 1011 811 1034 infru
824 1011 906 1034 dioec.
923 1011 1057 1035 Gamerae.
1071 1014 1186 1035 notatur.
1201 1025 1232 1029 —
1247 1013 1285 1035 23.
1302 1012 1455 1036 Sorbonico.
1468 1012 1526 1035 Vid.
1542 1012 1676 1040 Franklin,
1694 1013 1711 1037 l.
1729 1020 1760 1040 c.,
1776 1012 1820 1035 ubi
1838 1021 1848 1035 c(
1862 1013 1993 1035 Waubeke
2009 1023 2030 1036 u.

160 1070 191 1074 -—
205 1057 244 1079 24.
261 1055 414 1080 Serbonico.
430 1055 497 1080 lbid.
514 1055 574 1079 Fuit
595 1056 680 1085 miles,
696 1059 722 1079 et
741 1059 834 1087 postea
854 1056 982 1087 magister
1006 1056 1032 1078 in
1058 1056 1196 1079 medicina.
1210 1056 1268 1080 Vid.
1293 1056 1361 1080 Bibl.
1384 1060 1446 1084 nat„
1469 1065 1517 1080 nis.
1533 1057 1579 1080 lat.
1596 1056 1680 1084 16574,
1699 1057 1744 1080 sol.
1760 1057 1814 1080 391².
1832 1057 1878 1080 An.
1897 1057 1966 1086 1362,
1985 1057 2033 1080 suit

160 1100 235 1132 prior
250 1100 383 1124 Sorbonae
397 1099 482 1130 (ibid.‚
496 1100 541 1123 fol.
558 1100 596 1130 11,
613 1100 652 1128 12,
668 1100 717 1130 17).
732 1114 763 1118 —
777 1101 816 1123 25.
833 1101 944 1131 Propter
965 1100 1062 1131 ipsum,
1081 1100 1126 1131 qui
1141 1108 1182 1124 an.
1205 1101 1265 1123 1355
1281 1101 1474 1129 determinavit,
1491 1109 1533 1125 an.
1550 1101 1610 1124 1356
1627 1101 1660 1123 lis
1676 1104 1764 1124 exorta
1780 1104 1820 1124 est
1833 1101 1901 1124 inter
1914 1101 2031 1125 nationes

160 1144 324 1168 Picardicam
336 1147 361 1167 et
371 1144 552 1175 Anglicanam.
562 1144 687 1168 Vid.Lib.
696 1151 812 1175 procur.
824 1149 883 1169 nat.
896 1144 1007 1174 Anylic.
1019 1144 1044 1167 10
1061 1146 1143 1169 Auct.
1155 1145 1283 1168 Chartul.
1292 1158 1319 1162 —
1331 1146 1370 1168 26.
1382 1145 1496 1168 Jacobus
1509 1145 1654 1173 Bauchant,
1667 1145 1750 1176 ejusd.
1766 1145 1892 1176 temporis
1904 1149 1928 1168 et
1939 1146 2030 1174 dioec.,

159 1189 295 1212 traductor
313 1189 443 1212 librorum
463 1188 489 1211 in
504 1188 570 1220 ling.
587 1188 656 1212 Gall.
671 1188 734 1218 (vid.
755 1189 860 1217 Delisle,
877 1189 895 1212 l.
917 1197 949 1216 c.,
967 1189 986 1217 I,
1003 1189 1054 1218 40),
1072 1190 1183 1211 fortasse
1202 1190 1282 1212 frater
1299 1189 1416 1220 ejusdem
1433 1189 1492 1212 fuit.
1515 1203 1545 1207 —-
1567 1190 1604 1212 27.
1622 1189 1677 1212 Alio
1693 1198 1723 1212 ac
1738 1190 1895 1213 cancellario
1911 1194 1936 1213 et
1950 1198 2031 1221 supra

160 1233 303 1256 nominato.
327 1246 359 1250 —
380 1233 420 1257 28.
444 1233 480 1256 De
503 1233 673 1264 sequentihus
699 1233 751 1256 vid.
775 1233 833 1256 Lib.
854 1239 973 1263 procur.
988 1237 1050 1257 nat.
1074 1233 1187 1262 Anylic.
1207 1233 1233 1255 in
1253 1233 1390 1258 Αῑισιανίο
1408 1233 1535 1258 chartul.
1556 1234 1678 1258 Uniuers.
1702 1234 1796 1258 Paris.
1812 1247 1843 1251 —
1865 1235 1902 1258 29.
1918 1235 2032 1257 Vocatur

159 1277 282 1301 Albertus
297 1277 329 1300 de
344 1277 508 1308 Ricmestorp
525 1285 571 1300 seu
586 1277 617 1300 de
632 1277 815 1305 Halberstade,
831 1279 912 1300 frater
925 1277 1053 1300 Johannis
1070 1286 1151 1308 supra
1167 1277 1292 1300 nominati
1306 1278 1369 1307 (vid.
1386 1278 1492 1306 Denisse,
1505 1277 1557 1301 Die
1571 1279 1784 1308 Universita'ten,
1797 1279 1816 1306 1,
1828 1280 1893 1308 608).
1911 1280 1957 1302 An.
1970 1279 2030 1302 1365

157 1321 212 1353 jam
227 1321 335 1345 nuntius
348 1321 422 1344 ducis
437 1321 559 1345 Austriue
575 1321 624 1344 suit
639 1322 672 1344 ad
685 1321 785 1345 Urban.
805 1322 823 1344 V
846 1322 948 1353 (Suppl.
968 1330 1010 1346 nn.
1030 1323 1052 1350 3,
1072 1330 1098 1353 p.
1116 1323 1138 1351 2,
1156 1323 1172 1344 f.
1194 1323 1247 1350 17&
1272 1322 1352 1351 1821‘).
1369 1331 1379 1345 «
1396 1322 1445 1345 Diu
1467 1322 1568 1345 studuit
1584 1322 1609 1345 111
1625 1323 1758 1353 theologia
1774 1331 1794 1351 n,
1812 1323 1857 1345 sed
1874 1323 1980 1346 1111011110
1996 1323 2028 1346 ad

160 1366 344 1397 magisterium
358 1365 384 1388 in
401 1365 483 1389 theol.
499 1365 629 1398 pervenit,
642 1369 671 1388 ut
685 1366 837 1397 Budinszky
851 1366 984 1389 contendit
1005 1366 1031 1388 in
1046 1366 1096 1390 Die
1116 1366 1284 1391 Universitc‘tt
1301 1367 1406 1395 Paris.‚
1425 1375 1450 1397 p.
1467 1367 1521 1389 118.
1539 1367 1584 1390 An.
1603 1367 1672 1394 1366,
1688 1367 1746 1390 Oct.
1760 1367 1797 1394 21,
1814 1367 1964 1390 nominatus
1979 1370 2027 1395 est,

160 1418 219 1434 cum
232 1413 302 1433 esset
315 1418 407 1433 canon.
422 1409 623 1438 Hildesemens„
639 1410 720 1441 episc.
735 1410 950 1433 Halberstadens.
963 1411 1035 1441 (Reg.
1049 1411 1129 1434 Aven.
1145 1411 1209 1434 Urb.
1221 1411 1249 1439 V,
1266 1411 1317 1434 vol.
1330 1411 1396 1439 XIII,
1414 1412 1433 1434 f.
1446 1412 1495 1440 82).
1510 1411 1567 1433 Vid.
1585 1411 1615 1433 de
1631 1411 1689 1441 ipso
1705 1412 1764 1435 Lib.
1777 1418 1854 1441 proc.
1869 1415 1927 1435 nat.
1942 1411 2026 1442 Anyl.

159 1454 186 1478 iu
201 1455 322 1479 Auctar.
335 1454 437 1482 Chart.,
453 1454 472 1482 l,
485 1454 530 1477 ubi
545 1454 595 1477 sub
611 1454 715 1477 nomine
730 1454 830 1477 Alberti
848 1455 879 1478 de
895 1455 1017 1478 Saxonia.
1028 1468 1059 1472 —
1069 1456 1108 1478 30.
1125 1455 1278 1478 Sol-bonico.
1294 1455 1354 1478 Fuit
1369 1455 1470 1478 celeber
1488 1455 1673 1486 philosophus,
1686 1455 1729 1486 qui
1745 1464 1787 1480 an,
1804 1455 1873 1484 1362,
1885 1455 2027 1486 Septemb,

160 1507 231 1530 mag.
247 1498 274 1521 in
289 1498 392 1521 artibus
409 1498 519 1529 recepit,
533 1499 564 1521 de
586 1507 637 1530 quo
652 1498 753 1530 pluries
769 1498 839 1522 infra
853 1502 878 1522 et
899 1499 925 1522 in
949 1498 1009 1522 Lib.
1032 1506 1149 1529 procur.
1169 1503 1229 1523 nat.
1251 1500 1335 1529 Anyl.
1351 1500 1398 1522 An.
1416 1500 1485 1528 1386,
1504 1499 1595 1522 octob.
1614 1500 1652 1529 19,
1668 1499 1769 1530 primus
1786 1503 1870 1522 rector
1886 1499 2027 1523 Universit.

161 1542 376 1574 Heidelbergens.
391 1542 449 1566 Vid.
473 1543 635 1575 Thorbecke‚
662 1543 756 1567 Gesch.
778 1545 828 1567 der
846 1543 967 1568 Univers.
988 1543 1161 1573 Heidelbery,
1178 1544 1196 1572 1,
1218 1545 1241 1567 9.
1258 1557 1286 1561 -
1301 1544 1340 1566 31.
1357 1543 1509 1571 Sorbonieo,
1526 1543 1594 1566 inter
1609 1552 1698 1566 001003
1714 1543 1739 1566 in
1763 1547 1815 1566 nat.
1838 1544 1914 1575 Angl.
1934 1544 2028 1566 allatos

161 1595 231 1618 mag.
245 1586 424 1610 celeberrimo.
440 1587 487 1610 An.
502 1587 562 1610 1357
575 1587 759 1610 determinavit
775 1587 882 1611 Parisiis
900 1587 926 1610 in
942 1589 991 1611 sac.
1006 1588 1102 1610 artium
1119 1588 1182 1617 (vid.
1201 1588 1255 1612 Lib.
1267 1595 1384 1618 procur.
1399 1592 1460 1612 nat.
1474 1588 1578 1618 Aust).
1596 1589 1642 1611 An.
1659 1588 1726 1615 1366,
1745 1588 1820 1611 Febr.
1838 1589 1860 1616 7,
1876 1588 1942 1618 ipse,
1958 1596 2028 1618 mag.

160 1631 187 1655 in
207 1634 257 1655 art.
273 1634 298 1654 et
319 1631 427 1654 studens
450 1630 476 1654 in
499 1631 613 1662 legibus,
631 1640 642 1654 (t
659 1631 704 1662 qui
721 1632 782 1663 plus
800 1639 879 1663 quam
893 1640 941 1663 per
956 1635 1055 1663 septem
1070 1640 1151 1655 annos
1167 1635 1228 1663 post
1243 1641 1320 1655 suum
1335 1632 1517 1663 magisterium
1533 1632 1559 1654 in
1575 1632 1750 1660 naturalibus,
1769 1632 1914 1654 moralibus
1930 1635 1954 1655 et
1970 1632 2028 1655 aliis

160 1675 272 1699 diversis
288 1675 459 1707 speculativis
480 1675 596 1698 scientiis
619 1676 731 1698 multum
753 1676 886 1699 laboravit
902 1684 923 1701 x).
941 1676 1075 1707 supplicat
1090 1676 1197 1699 Urbano
1213 1677 1242 1705 V,
1258 1680 1286 1699 ut
1308 1685 1364 1707 par.
1381 1677 1443 1699 eccl.
1462 1676 1486 1699 in
1503 1676 1695 1699 Oelderkerkon
1721 1685 1771 1698 non
1789 1676 1909 1699 obstante
1929 1684 1985 1699 can.
2002 1676 2028 1699 in

160 1720 222 1743 eccl.
236 1719 350 1751 Aquensi
365 1719 476 1751 recipiat
491 1720 595 1751 (Suppl.
612 1720 676 1743 Urb.
691 1721 720 1748 V,
737 1728 779 1743 un.
793 1721 815 1748 4,
832 1729 859 1752 p.
875 1721 896 1748 1,
915 1721 958 1743 rol.
976 1722 1024 1750 77).
1040 1721 1136 1743 Versus
1152 1721 1229 1743 finem
1246 1729 1308 1743 suae
1323 1721 1392 1743 vitae
1407 1721 1542 1743 institutor
1556 1729 1566 1743 (t
1581 1722 1691 1743 fratrum
1705 1720 1850 1743 communis
1865 1720 1932 1743 vitae
1945 1729 1955 1742 »
1970 1720 2027 1743 fuit.

159 1777 191 1782 —-
204 1765 242 1788 32.
258 1763 348 1787 Potius
364 1764 502 1787 «Wiichen
519 1772 530 1786 »
546 1764 724 1788 scribendum.
740 1778 771 1782 ——-
785 1765 824 1788 33.
840 1765 916 1788 Prius
931 1773 942 1787 «
958 1765 1003 1796 viij
1020 1765 1056 1788 id.
1072 1765 1194 1788 Decemb.
1211 1773 1221 1787 n
1243 1765 1373 1795 (Decemb.
1392 1766 1425 1796 6),
1442 1768 1467 1788 et
1489 1765 1515 1787 in
1534 1765 1652 1795 margine
1673 1765 1800 1795 scriptum
1815 1772 1820 1787 ⁴.
1839 1773 1850 1787 «
1867 1764 1969 1788 Cassat.
1983 1764 2027 1795 viij

160 1808 195 1831 id.
212 1808 239 1831 10
254 1808 322 1839 orig.
337 1816 385 1839 per
402 1808 472 1831 dom.
495 1808 661 1832 vicecancell.
685 1809 763 1838 (dom.
780 1809 998 1840 Pampilunens.),
1024 1812 1049 1832 et
1070 1809 1151 1832 addit.
1169 1818 1184 1832 v
1204 1810 1257 1832 kal.
1278 1810 1309 1832 de
1333 1810 1457 1832 mundato
1480 1809 1564 1840 ipsius
1585 1809 1683 1832 domini
1707 1809 1739 1831 ad
1762 1812 1914 1839 preceptum
1930 1809 2028 1831 domini

160 1852 244 1876 nostri
258 1860 327 1883 pape
341 1860 363 1875 ).

166 1987 305 2024 1266.
334 1997 508 2023 Universitas
529 1997 729 2032 magistrorum
750 2001 777 2023 et
796 1997 971 2023 scholarium
993 1998 1118 2023 Parisiis
1138 1997 1313 2023 studentium
1332 1999 1404 2033 petit
1424 1998 1461 2023 ab
1482 1998 1594 2024 Urbano
1618 1999 1644 2031 V,
1663 2001 1693 2023 ut
1708 1998 1845 2032 magister
1866 1997 2027 2032 Stephanus

248 2045 412 2080 Reginaldi,
437 2045 575 2072 Meldens.
602 2045 690 2072 dioec.
716 2046 858 2080 subdiac„
882 2055 955 2080 mag.
974 2050 1040 2072 actu
1061 2055 1160 2080 regens
1181 2046 1305 2072 Parisiis
1326 2047 1354 2072 in
1375 2047 1480 2072 artium
1499 2046 1651 2080 facultate,
1672 2055 1686 2071 ‹<
1708 2046 1748 2071 ad
1766 2055 1885 2081 presens
1899 2045 2027 2081 predicte

249 2097 338 2120 vestre
356 2094 418 2129 filie
438 2094 674 2130 (Universitatis),
693 2099 792 2129 rector,
816 2096 866 2130 qui
887 2096 1038 2121 immensos
1054 2095 1168 2121 labores
1184 2099 1211 2121 et
1231 2095 1343 2129 vigilius
1359 2096 1496 2120 sustinuit
1518 2099 1544 2120 et
1558 2096 1689 2129 sustinet,
1708 2095 1782 2120 dicte
1805 2095 1923 2120 rector-ie
1939 2102 2025 2119 onera

248 2142 446 2178 supportando
462 2152 486 2177 »,
505 2143 567 2169 etin.
586 2143 725 2170 Meldens.
744 2144 880 2179 accipiat.
898 2159 932 2162 —
947 2144 1017 2170 Fiat.
1036 2145 1065 2169 B.
1081 2159 1115 2162 —
1130 2145 1239 2170 Datum
1255 2145 1405 2174 Avinione,
1419 2152 1436 2169 v
1449 2145 1505 2170 kal.
1523 2144 1670 2173 Deccmb.‚
1687 2151 1764 2169 anno
1779 2144 1886 2176 primo.

1450 2229 1522 2258 1362,
1539 2228 1683 2254 Novembris
1697 2229 1740 2254 27.

252 2315 315 2345 Reg.
332 2315 389 2338 Vat.
407 2314 525 2346 Supplic.
542 2314 642 2338 Urbani
658 2315 687 2344 V,
703 2323 745 2338 an.
763 2315 786 2346 1,
804 2324 830 2346 p.
849 2315 871 2344 ¹1,
891 2315 935 2338 fol.
954 2315 1024 2338 171b.
1045 2329 1071 2332 —
1090 2315 1238 2346 Stephanus
1256 2323 1298 2338 an.
1317 2315 1417 2345 eodem,
1434 2315 1524 2346 April„
1542 2319 1699 2346 procurator
1716 2318 1770 2338 nat.
1786 2314 1879 2338 Gallie.
1895 2315 1939 2343 (cs.
1956 2314 2024 2341 Bul„

160 2358 203 2391 IV,
216 2358 280 2388 991),
296 2361 322 2382 et
336 2358 516 2382 verisimiliter
530 2362 615 2382 rector
630 2359 663 2382 ab
681 2359 773 2382 Octob.
793 2360 822 2382 10
836 2359 891 2388 fuit,
909 2368 968 2382 cum
986 2359 1070 2382 nuntii
1086 2362 1145 2390 post
1160 2359 1284 2382 Novemh.
1302 2360 1330 2382 12
1347 2362 1447 2382 tuntum
1463 2360 1496 2382 ad
1512 2359 1612 2382 curiam
1629 2360 1701 2382 Rom.
1721 2368 1780 2382 cum
1802 2358 1894 2381 rotulis
1915 2357 2023 2389 profecti

161 2402 222 2427 sint.
234 2402 292 2427 Vid.
308 2403 368 2427 Lib.
378 2409 497 2433 procur.
513 2407 574 2427 nat.
590 2404 701 2434 Anylic.
715 2403 741 2426 in
755 2406 840 2428 Auct.
858 2404 989 2428 Chartul.
1004 2404 1040 2426 Eo
1057 2407 1157 2426 rectore
1173 2403 1282 2427 Rotulus
1300 2404 1461 2434 compositus
1478 2404 1535 2427 suit.

167 2580 302 2618 1267.
325 2590 467 2616 Iohannes
483 2590 518 2616 de
535 2593 691 2627 Spar-nuce,
713 2592 778 2618 Ord.
797 2592 876 2626 Min„
895 2591 935 2617 ad
949 2591 1086 2626 legendas
1103 2591 1265 2617 Sententias
1282 2591 1405 2616 Parisiis
1422 2595 1545 2626 tempore
1561 2592 1694 2617 aestivali
1709 2593 1888 2619 admittatur.

1451 2674 1523 2703 7362.
1538 2673 1681 2700 Novembris
1694 2675 1738 2700 29.

250 2754 434 2799 Supplicat
463 2755 642 2788 sanctitati
669 2762 789 2789 vestre
817 2756 944 2789 devota
975 2762 1137 2788 ereatura
1166 2762 1285 2789 vestra
1311 2755 1493 2788 Johannes
1524 2756 1717 2800 episcopus
1753 2756 2019 2791 Belvacensis¹,

162 2820 397 2853 cancellarius
432 2821 592 2863 Francie,
625 2822 720 2866 quod
757 2822 911 2854 dilectus
946 2823 1025 2866 ejus
1059 2822 1355 2866 consanguineus
1389 2822 1497 2854 frater
1525 2821 1708 2854 Johannes
1745 2822 1788 2854 de
1827 2823 2017 2866 Sparnaco,

163 2885 310 2919 Ordinis
330 2887 477 2920 fratrum
500 2887 694 2929 Minorum,
717 2894 841 2921 eustos
859 2895 1059 2921 conventus
1082 2888 1271 2920 Remensis
1293 2888 1455 2931 ejusdem
1478 2887 1640 2928 Ordinis,
1661 2887 1722 2919 ubi
1745 2894 1823 2931 post
1846 2888 2019 2919 parisien-
