<?xml version="1.0" encoding="UTF-8"?>
<!DOCTYPE html PUBLIC "-//W3C//DTD XHTML 1.0 Transitional//EN"
    "http://www.w3.org/TR/xhtml1/DTD/xhtml1-transitional.dtd">
<html xmlns="http://www.w3.org/1999/xhtml" xml:lang="en" lang="en">
 <head>
  <title>
</title>
<meta http-equiv="Content-Type" content="text/html;charset=utf-8" />
  <meta name='ocr-system' content='tesseract 3.04.00' />
  <meta name='ocr-capabilities' content='ocr_page ocr_carea ocr_par ocr_line ocrx_word'/>
</head>
<body>
  <div class='ocr_page' id='page_1' title='image "auctariumchartul03univuoft_0119.png"; bbox 0 0 2488 3386; ppageno 0'>
   <div class='ocr_carea' id='block_1_1' title="bbox 205 303 2060 342">
    <p class='ocr_par' dir='ltr' id='par_1_1' title="bbox 205 303 2060 342">
     <span class='ocr_line' id='line_1_1' title="bbox 205 303 2060 342; baseline -0.001 -3"><span class='ocrx_word' id='word_1_1' title='bbox 205 303 302 339; x_wconf 87' lang='lat'>1360]</span> <span class='ocrx_word' id='word_1_2' title='bbox 623 314 669 336; x_wconf 74' lang='grc' dir='ltr'>ΑΒ</span> <span class='ocrx_word' id='word_1_3' title='bbox 703 313 809 335; x_wconf 69' lang='grc' dir='ltr'><strong>ΑΝΝο</strong></span> <span class='ocrx_word' id='word_1_4' title='bbox 844 312 975 335; x_wconf 64' lang='lat' dir='ltr'>mecm,</span> <span class='ocrx_word' id='word_1_5' title='bbox 1006 313 1137 342; x_wconf 75' lang='lat' dir='ltr'>usQnE</span> <span class='ocrx_word' id='word_1_6' title='bbox 1172 314 1219 335; x_wconf 71' lang='lat' dir='ltr'>AD</span> <span class='ocrx_word' id='word_1_7' title='bbox 1254 315 1519 337; x_wconf 77' lang='lat' dir='ltr'>BENEDICTUM</span> <span class='ocrx_word' id='word_1_8' title='bbox 1555 317 1644 338; x_wconf 79' lang='lat' dir='ltr'>xn1.</span> <span class='ocrx_word' id='word_1_9' title='bbox 2021 310 2060 342; x_wconf 91' lang='lat'>71</span> 
     </span>
    </p>
   </div>
   <div class='ocr_carea' id='block_1_2' title="bbox 194 386 2065 2748">
    <p class='ocr_par' dir='ltr' id='par_1_2' title="bbox 194 386 2065 2748">
     <span class='ocr_line' id='line_1_2' title="bbox 203 386 2062 435; baseline 0.002 -13"><span class='ocrx_word' id='word_1_10' title='bbox 203 401 296 422; x_wconf 88' lang='lat' dir='ltr'>nous</span> <span class='ocrx_word' id='word_1_11' title='bbox 317 389 442 423; x_wconf 89' lang='lat' dir='ltr'>avions</span> <span class='ocrx_word' id='word_1_12' title='bbox 468 395 503 421; x_wconf 90' lang='lat' dir='ltr'>et</span> <span class='ocrx_word' id='word_1_13' title='bbox 526 399 637 421; x_wconf 85' lang='lat' dir='ltr'>avons</span> <span class='ocrx_word' id='word_1_14' title='bbox 658 398 810 420; x_wconf 85' lang='lat' dir='ltr'>encores</span> <span class='ocrx_word' id='word_1_15' title='bbox 832 398 870 419; x_wconf 87' lang='lat' dir='ltr'>es</span> <span class='ocrx_word' id='word_1_16' title='bbox 893 386 1038 419; x_wconf 87' lang='lat' dir='ltr'>merites</span> <span class='ocrx_word' id='word_1_17' title='bbox 1068 386 1223 419; x_wconf 84' lang='lat' dir='ltr'>d&#39;iceulx</span> <span class='ocrx_word' id='word_1_18' title='bbox 1251 388 1407 429; x_wconf 81' lang='lat' dir='ltr'>martirs,</span> <span class='ocrx_word' id='word_1_19' title='bbox 1429 400 1521 421; x_wconf 89' lang='lat' dir='ltr'>nous</span> <span class='ocrx_word' id='word_1_20' title='bbox 1543 389 1668 422; x_wconf 91' lang='lat' dir='ltr'>soions</span> <span class='ocrx_word' id='word_1_21' title='bbox 1689 391 1726 434; x_wconf 91' lang='lat' dir='ltr'>ja</span> <span class='ocrx_word' id='word_1_22' title='bbox 1752 391 1850 435; x_wconf 73' lang='lat' dir='ltr'>pieca</span> <span class='ocrx_word' id='word_1_23' title='bbox 1873 399 1992 425; x_wconf 87' lang='lat' dir='ltr'>entrez</span> <span class='ocrx_word' id='word_1_24' title='bbox 2018 405 2062 426; x_wconf 92' lang='lat' dir='ltr'>en</span> 
     </span>
     <span class='ocr_line' id='line_1_3' title="bbox 202 453 2063 501; baseline 0.002 -13"><span class='ocrx_word' id='word_1_25' title='bbox 202 455 283 488; x_wconf 89' lang='lat' dir='ltr'>leur</span> <span class='ocrx_word' id='word_1_26' title='bbox 309 455 488 488; x_wconf 86' lang='lat' dir='ltr'>confrerie</span> <span class='ocrx_word' id='word_1_27' title='bbox 518 467 563 487; x_wconf 89' lang='lat' dir='ltr'>en</span> <span class='ocrx_word' id='word_1_28' title='bbox 591 453 732 499; x_wconf 85' lang='lat' dir='ltr'>l’eglise</span> <span class='ocrx_word' id='word_1_29' title='bbox 762 453 866 486; x_wconf 88' lang='lat' dir='ltr'>Sains</span> <span class='ocrx_word' id='word_1_30' title='bbox 895 453 1027 486; x_wconf 87' lang='lat' dir='ltr'>Cosme</span> <span class='ocrx_word' id='word_1_31' title='bbox 1057 459 1091 485; x_wconf 87' lang='lat' dir='ltr'>et</span> <span class='ocrx_word' id='word_1_32' title='bbox 1120 453 1270 486; x_wconf 82' lang='lat' dir='ltr'>Damien</span> <span class='ocrx_word' id='word_1_33' title='bbox 1296 456 1314 486; x_wconf 79' lang='lat' dir='ltr'>a</span> <span class='ocrx_word' id='word_1_34' title='bbox 1341 454 1440 486; x_wconf 89' lang='lat' dir='ltr'>Paris</span> <span class='ocrx_word' id='word_1_35' title='bbox 1466 466 1472 486; x_wconf 91' lang='lat'>:</span> <span class='ocrx_word' id='word_1_36' title='bbox 1500 455 1620 488; x_wconf 84' lang='lat' dir='ltr'>savoir</span> <span class='ocrx_word' id='word_1_37' title='bbox 1644 456 1780 489; x_wconf 85' lang='lat' dir='ltr'>saisons</span> <span class='ocrx_word' id='word_1_38' title='bbox 1806 469 1874 501; x_wconf 87' lang='lat' dir='ltr'>quc</span> <span class='ocrx_word' id='word_1_39' title='bbox 1899 470 1990 491; x_wconf 85' lang='lat' dir='ltr'>nous</span> <span class='ocrx_word' id='word_1_40' title='bbox 2018 471 2063 491; x_wconf 90' lang='lat' dir='ltr'>en</span> 
     </span>
     <span class='ocr_line' id='line_1_4' title="bbox 202 519 2063 567; baseline 0.001 -12"><span class='ocrx_word' id='word_1_41' title='bbox 202 521 370 555; x_wconf 89' lang='lat' dir='ltr'>l’onneur</span> <span class='ocrx_word' id='word_1_42' title='bbox 385 528 420 554; x_wconf 88' lang='lat' dir='ltr'>et</span> <span class='ocrx_word' id='word_1_43' title='bbox 440 520 708 554; x_wconf 84' lang='lat' dir='ltr'>remambrance</span> <span class='ocrx_word' id='word_1_44' title='bbox 725 519 849 552; x_wconf 85' lang='lat' dir='ltr'>desdiz</span> <span class='ocrx_word' id='word_1_45' title='bbox 870 519 1036 564; x_wconf 87' lang='lat' dir='ltr'>glorieux</span> <span class='ocrx_word' id='word_1_46' title='bbox 1058 519 1340 560; x_wconf 76' lang='lat' dir='ltr'>111artirs,ladite</span> <span class='ocrx_word' id='word_1_47' title='bbox 1361 521 1539 553; x_wconf 88' lang='lat' dir='ltr'>consrarie</span> <span class='ocrx_word' id='word_1_48' title='bbox 1561 528 1595 553; x_wconf 89' lang='lat' dir='ltr'>et</span> <span class='ocrx_word' id='word_1_49' title='bbox 1616 528 1696 554; x_wconf 86' lang='lat' dir='ltr'>touz</span> <span class='ocrx_word' id='word_1_50' title='bbox 1718 522 1771 554; x_wconf 88' lang='lat' dir='ltr'>les</span> <span class='ocrx_word' id='word_1_51' title='bbox 1796 523 1900 567; x_wconf 85' lang='lat' dir='ltr'>poins</span> <span class='ocrx_word' id='word_1_52' title='bbox 1922 525 2063 557; x_wconf 77' lang='lat' dir='ltr'>d&#39;icelle</span> 
     </span>
     <span class='ocr_line' id='line_1_5' title="bbox 203 585 2063 632; baseline 0.001 -11"><span class='ocrx_word' id='word_1_53' title='bbox 203 600 248 621; x_wconf 87' lang='lat' dir='ltr'>en</span> <span class='ocrx_word' id='word_1_54' title='bbox 273 588 306 620; x_wconf 89' lang='lat' dir='ltr'>la</span> <span class='ocrx_word' id='word_1_55' title='bbox 322 587 480 620; x_wconf 88' lang='lat' dir='ltr'>maniere</span> <span class='ocrx_word' id='word_1_56' title='bbox 497 599 566 632; x_wconf 89' lang='lat' dir='ltr'>que</span> <span class='ocrx_word' id='word_1_57' title='bbox 587 593 742 619; x_wconf 88' lang='lat' dir='ltr'>contenu</span> <span class='ocrx_word' id='word_1_58' title='bbox 766 592 821 618; x_wconf 88' lang='lat' dir='ltr'>est</span> <span class='ocrx_word' id='word_1_59' title='bbox 841 597 885 618; x_wconf 90' lang='lat' dir='ltr'>en</span> <span class='ocrx_word' id='word_1_60' title='bbox 911 585 1141 618; x_wconf 89' lang='lat' dir='ltr'>l&#39;ordenance</span> <span class='ocrx_word' id='word_1_61' title='bbox 1165 597 1228 618; x_wconf 86' lang='lat' dir='ltr'>sur</span> <span class='ocrx_word' id='word_1_62' title='bbox 1248 597 1287 618; x_wconf 90' lang='lat' dir='ltr'>ce</span> <span class='ocrx_word' id='word_1_63' title='bbox 1313 586 1409 627; x_wconf 85' lang='lat' dir='ltr'>faite,</span> <span class='ocrx_word' id='word_1_64' title='bbox 1427 598 1539 619; x_wconf 90' lang='lat' dir='ltr'>avons</span> <span class='ocrx_word' id='word_1_65' title='bbox 1562 587 1700 628; x_wconf 75' lang='lat' dir='ltr'>ratissie,</span> <span class='ocrx_word' id='word_1_66' title='bbox 1718 593 1900 632; x_wconf 78' lang='lat' dir='ltr'>approuvc</span> <span class='ocrx_word' id='word_1_67' title='bbox 1924 597 1958 622; x_wconf 92' lang='lat' dir='ltr'>et</span> <span class='ocrx_word' id='word_1_68' title='bbox 1978 602 2063 622; x_wconf 90' lang='lat' dir='ltr'>con-</span> 
     </span>
     <span class='ocr_line' id='line_1_6' title="bbox 201 651 2062 697; baseline 0.001 -10"><span class='ocrx_word' id='word_1_69' title='bbox 201 655 314 687; x_wconf 75' lang='lat' dir='ltr'>serme</span> <span class='ocrx_word' id='word_1_70' title='bbox 333 665 471 686; x_wconf 85' lang='lat' dir='ltr'>comme</span> <span class='ocrx_word' id='word_1_71' title='bbox 488 653 653 686; x_wconf 88' lang='lat' dir='ltr'>confrere</span> <span class='ocrx_word' id='word_1_72' title='bbox 670 652 811 685; x_wconf 89' lang='lat' dir='ltr'>d‘icelle</span> <span class='ocrx_word' id='word_1_73' title='bbox 828 663 913 685; x_wconf 84' lang='lat' dir='ltr'>avec</span> <span class='ocrx_word' id='word_1_74' title='bbox 934 651 988 684; x_wconf 90' lang='lat' dir='ltr'>les</span> <span class='ocrx_word' id='word_1_75' title='bbox 1004 652 1211 696; x_wconf 88' lang='lat' dir='ltr'>cirurgiens</span> <span class='ocrx_word' id='word_1_76' title='bbox 1228 651 1271 684; x_wconf 93' lang='lat' dir='ltr'>de</span> <span class='ocrx_word' id='word_1_77' title='bbox 1294 652 1395 684; x_wconf 86' lang='lat' dir='ltr'>Paris</span> <span class='ocrx_word' id='word_1_78' title='bbox 1412 659 1447 685; x_wconf 93' lang='lat' dir='ltr'>et</span> <span class='ocrx_word' id='word_1_79' title='bbox 1462 659 1595 694; x_wconf 75' lang='lat' dir='ltr'>autres,</span> <span class='ocrx_word' id='word_1_80' title='bbox 1615 660 1650 686; x_wconf 86' lang='lat' dir='ltr'>et</span> <span class='ocrx_word' id='word_1_81' title='bbox 1666 653 1709 686; x_wconf 91' lang='lat' dir='ltr'>de</span> <span class='ocrx_word' id='word_1_82' title='bbox 1727 655 1883 687; x_wconf 87' lang='lat' dir='ltr'>certaine</span> <span class='ocrx_word' id='word_1_83' title='bbox 1905 656 2062 697; x_wconf 79' lang='lat' dir='ltr'>science‚</span> 
     </span>
     <span class='ocr_line' id='line_1_7' title="bbox 202 718 2062 766; baseline 0.001 -13"><span class='ocrx_word' id='word_1_84' title='bbox 202 720 321 766; x_wconf 88' lang='lat' dir='ltr'>plaine</span> <span class='ocrx_word' id='word_1_85' title='bbox 338 720 542 765; x_wconf 72' lang='lat' dir='ltr'>puissance,</span> <span class='ocrx_word' id='word_1_86' title='bbox 561 719 735 752; x_wconf 76' lang='lat' dir='ltr'>auctorite</span> <span class='ocrx_word' id='word_1_87' title='bbox 751 725 787 751; x_wconf 90' lang='lat' dir='ltr'>et</span> <span class='ocrx_word' id='word_1_88' title='bbox 806 718 984 751; x_wconf 80' lang='lat' dir='ltr'>liberalite</span> <span class='ocrx_word' id='word_1_89' title='bbox 1006 718 1104 763; x_wconf 83' lang='lat' dir='ltr'>royal</span> <span class='ocrx_word' id='word_1_90' title='bbox 1124 718 1212 750; x_wconf 83' lang='lat' dir='ltr'>dont</span> <span class='ocrx_word' id='word_1_91' title='bbox 1233 730 1325 751; x_wconf 86' lang='lat' dir='ltr'>nous</span> <span class='ocrx_word' id='word_1_92' title='bbox 1343 730 1470 760; x_wconf 78' lang='lat' dir='ltr'>usons,</span> <span class='ocrx_word' id='word_1_93' title='bbox 1489 719 1663 760; x_wconf 77' lang='lat' dir='ltr'>ratifions,</span> <span class='ocrx_word' id='word_1_94' title='bbox 1682 732 1914 765; x_wconf 84' lang='lat' dir='ltr'>approuvons</span> <span class='ocrx_word' id='word_1_95' title='bbox 1932 728 1966 754; x_wconf 86' lang='lat' dir='ltr'>ct</span> <span class='ocrx_word' id='word_1_96' title='bbox 1982 734 2062 755; x_wconf 92' lang='lat' dir='ltr'>con-</span> 
     </span>
     <span class='ocr_line' id='line_1_8' title="bbox 201 785 2064 832; baseline 0.001 -12"><span class='ocrx_word' id='word_1_97' title='bbox 201 787 362 820; x_wconf 84' lang='lat' dir='ltr'>fermons</span> <span class='ocrx_word' id='word_1_98' title='bbox 383 786 428 819; x_wconf 89' lang='lat' dir='ltr'>de</span> <span class='ocrx_word' id='word_1_99' title='bbox 448 797 553 831; x_wconf 87' lang='lat' dir='ltr'>grace</span> <span class='ocrx_word' id='word_1_100' title='bbox 574 785 730 831; x_wconf 87' lang='lat' dir='ltr'>especial</span> <span class='ocrx_word' id='word_1_101' title='bbox 754 797 760 817; x_wconf 84' lang='lat' dir='ltr'>z</span> <span class='ocrx_word' id='word_1_102' title='bbox 785 792 820 818; x_wconf 90' lang='lat' dir='ltr'>et</span> <span class='ocrx_word' id='word_1_103' title='bbox 841 797 933 830; x_wconf 86' lang='lat' dir='ltr'>pour</span> <span class='ocrx_word' id='word_1_104' title='bbox 953 797 993 817; x_wconf 93' lang='lat' dir='ltr'>ce</span> <span class='ocrx_word' id='word_1_105' title='bbox 1014 797 1084 829; x_wconf 93' lang='lat' dir='ltr'>que</span> <span class='ocrx_word' id='word_1_106' title='bbox 1106 796 1150 817; x_wconf 92' lang='lat' dir='ltr'>en</span> <span class='ocrx_word' id='word_1_107' title='bbox 1171 785 1327 817; x_wconf 87' lang='lat' dir='ltr'>certains</span> <span class='ocrx_word' id='word_1_108' title='bbox 1350 785 1559 830; x_wconf 69' lang='lat' dir='ltr'>privileges,</span> <span class='ocrx_word' id='word_1_109' title='bbox 1577 787 1614 830; x_wconf 89' lang='lat' dir='ltr'>ja</span> <span class='ocrx_word' id='word_1_110' title='bbox 1637 786 1737 831; x_wconf 70' lang='lat' dir='ltr'>pieca</span> <span class='ocrx_word' id='word_1_111' title='bbox 1759 791 1924 832; x_wconf 71' lang='lat' dir='ltr'>octroyes</span> <span class='ocrx_word' id='word_1_112' title='bbox 1941 789 2064 821; x_wconf 83' lang='lat' dir='ltr'>ausdiz</span> 
     </span>
     <span class='ocr_line' id='line_1_9' title="bbox 201 851 2065 896; baseline 0.001 -10"><span class='ocrx_word' id='word_1_113' title='bbox 201 853 368 886; x_wconf 83' lang='lat' dir='ltr'><strong>maistres</strong></span> <span class='ocrx_word' id='word_1_114' title='bbox 388 852 594 896; x_wconf 87' lang='lat' dir='ltr'>cirurgiens</span> <span class='ocrx_word' id='word_1_115' title='bbox 614 851 779 884; x_wconf 87' lang='lat' dir='ltr'>licentiez</span> <span class='ocrx_word' id='word_1_116' title='bbox 800 851 901 884; x_wconf 88' lang='lat' dir='ltr'>oudit</span> <span class='ocrx_word' id='word_1_117' title='bbox 921 858 974 884; x_wconf 90' lang='lat' dir='ltr'>art</span> <span class='ocrx_word' id='word_1_118' title='bbox 994 857 1029 884; x_wconf 88' lang='lat' dir='ltr'>et</span> <span class='ocrx_word' id='word_1_119' title='bbox 1049 854 1066 884; x_wconf 76' lang='lat' dir='ltr'>a</span> <span class='ocrx_word' id='word_1_120' title='bbox 1087 851 1186 884; x_wconf 90' lang='lat' dir='ltr'>leurs</span> <span class='ocrx_word' id='word_1_121' title='bbox 1208 851 1505 896; x_wconf 71' lang='lat' dir='ltr'>predecesseurs,</span> <span class='ocrx_word' id='word_1_122' title='bbox 1524 858 1625 885; x_wconf 91' lang='lat' dir='ltr'>entre</span> <span class='ocrx_word' id='word_1_123' title='bbox 1642 852 1696 885; x_wconf 86' lang='lat' dir='ltr'>les</span> <span class='ocrx_word' id='word_1_124' title='bbox 1716 860 1837 886; x_wconf 86' lang='lat' dir='ltr'>autres</span> <span class='ocrx_word' id='word_1_125' title='bbox 1858 854 1989 887; x_wconf 81' lang='lat' dir='ltr'>choses</span> <span class='ocrx_word' id='word_1_126' title='bbox 2010 862 2065 888; x_wconf 88' lang='lat' dir='ltr'>est</span> 
     </span>
     <span class='ocr_line' id='line_1_10' title="bbox 201 918 2062 964; baseline 0.001 -12"><span class='ocrx_word' id='word_1_127' title='bbox 201 926 370 960; x_wconf 75' lang='lat' dir='ltr'>contenti,</span> <span class='ocrx_word' id='word_1_128' title='bbox 394 930 463 964; x_wconf 90' lang='lat' dir='ltr'>que</span> <span class='ocrx_word' id='word_1_129' title='bbox 486 930 603 951; x_wconf 86' lang='lat' dir='ltr'>aucun</span> <span class='ocrx_word' id='word_1_130' title='bbox 629 930 692 951; x_wconf 88' lang='lat' dir='ltr'>sur</span> <span class='ocrx_word' id='word_1_131' title='bbox 713 918 816 963; x_wconf 84' lang='lat' dir='ltr'>paine</span> <span class='ocrx_word' id='word_1_132' title='bbox 838 918 1025 951; x_wconf 82' lang='lat' dir='ltr'>d’amende</span> <span class='ocrx_word' id='word_1_133' title='bbox 1045 918 1244 950; x_wconf 86' lang='lat' dir='ltr'>volentaire</span> <span class='ocrx_word' id='word_1_134' title='bbox 1270 920 1288 950; x_wconf 80' lang='lat' dir='ltr'>a</span> <span class='ocrx_word' id='word_1_135' title='bbox 1309 924 1404 951; x_wconf 91' lang='lat' dir='ltr'>estre</span> <span class='ocrx_word' id='word_1_136' title='bbox 1425 918 1632 963; x_wconf 79' lang='lat' dir='ltr'>appliquiee</span> <span class='ocrx_word' id='word_1_137' title='bbox 1653 921 1671 951; x_wconf 72' lang='lat' dir='ltr'>a</span> <span class='ocrx_word' id='word_1_138' title='bbox 1693 920 1881 952; x_wconf 88' lang='lat' dir='ltr'>Monsieur</span> <span class='ocrx_word' id='word_1_139' title='bbox 1902 927 1936 953; x_wconf 89' lang='lat' dir='ltr'>et</span> <span class='ocrx_word' id='word_1_140' title='bbox 1957 933 2062 960; x_wconf 69' lang='lat' dir='ltr'>nous,</span> 
     </span>
     <span class='ocr_line' id='line_1_11' title="bbox 201 984 2065 1030; baseline 0.001 -11"><span class='ocrx_word' id='word_1_141' title='bbox 201 998 246 1019; x_wconf 90' lang='lat' dir='ltr'>ne</span> <span class='ocrx_word' id='word_1_142' title='bbox 267 986 511 1019; x_wconf 82' lang='lat' dir='ltr'>s&#39;entremette</span> <span class='ocrx_word' id='word_1_143' title='bbox 540 997 584 1017; x_wconf 93' lang='lat' dir='ltr'>en</span> <span class='ocrx_word' id='word_1_144' title='bbox 611 997 749 1017; x_wconf 85' lang='lat' dir='ltr'>aucune</span> <span class='ocrx_word' id='word_1_145' title='bbox 780 985 938 1017; x_wconf 89' lang='lat' dir='ltr'>maniere</span> <span class='ocrx_word' id='word_1_146' title='bbox 964 984 1008 1017; x_wconf 87' lang='lat' dir='ltr'>de</span> <span class='ocrx_word' id='word_1_147' title='bbox 1035 984 1219 1029; x_wconf 88' lang='lat' dir='ltr'>pratiquer</span> <span class='ocrx_word' id='word_1_148' title='bbox 1240 996 1284 1016; x_wconf 87' lang='lat' dir='ltr'>en</span> <span class='ocrx_word' id='word_1_149' title='bbox 1305 984 1414 1017; x_wconf 82' lang='lat' dir='ltr'>ladite</span> <span class='ocrx_word' id='word_1_150' title='bbox 1436 985 1579 1017; x_wconf 89' lang='lat' dir='ltr'>science</span> <span class='ocrx_word' id='word_1_151' title='bbox 1601 985 1645 1017; x_wconf 91' lang='lat' dir='ltr'>de</span> <span class='ocrx_word' id='word_1_152' title='bbox 1667 985 1840 1030; x_wconf 76' lang='lat' dir='ltr'>cirurgie⁷</span> <span class='ocrx_word' id='word_1_153' title='bbox 1863 998 1901 1019; x_wconf 89' lang='lat' dir='ltr'>sc</span> <span class='ocrx_word' id='word_1_154' title='bbox 1923 987 1947 1019; x_wconf 92' lang='lat' dir='ltr'>il</span> <span class='ocrx_word' id='word_1_155' title='bbox 1972 988 2065 1020; x_wconf 87' lang='lat' dir='ltr'>n‘est</span> 
     </span>
     <span class='ocr_line' id='line_1_12' title="bbox 199 1050 2065 1098; baseline 0.001 -13"><span class='ocrx_word' id='word_1_156' title='bbox 199 1052 366 1085; x_wconf 90' lang='lat' dir='ltr'>licentiez</span> <span class='ocrx_word' id='word_1_157' title='bbox 390 1051 493 1085; x_wconf 87' lang='lat' dir='ltr'>oudit</span> <span class='ocrx_word' id='word_1_158' title='bbox 517 1058 583 1092; x_wconf 76' lang='lat' dir='ltr'>art,</span> <span class='ocrx_word' id='word_1_159' title='bbox 609 1051 791 1084; x_wconf 86' lang='lat' dir='ltr'>examinez</span> <span class='ocrx_word' id='word_1_160' title='bbox 815 1057 849 1084; x_wconf 94' lang='lat' dir='ltr'>et</span> <span class='ocrx_word' id='word_1_161' title='bbox 873 1063 1077 1095; x_wconf 90' lang='lat' dir='ltr'>approuvez</span> <span class='ocrx_word' id='word_1_162' title='bbox 1102 1063 1165 1096; x_wconf 84' lang='lat' dir='ltr'>par</span> <span class='ocrx_word' id='word_1_163' title='bbox 1185 1050 1239 1083; x_wconf 92' lang='lat' dir='ltr'>les</span> <span class='ocrx_word' id='word_1_164' title='bbox 1260 1052 1363 1095; x_wconf 88' lang='lat' dir='ltr'>jurez</span> <span class='ocrx_word' id='word_1_165' title='bbox 1389 1051 1436 1083; x_wconf 91' lang='lat' dir='ltr'>du</span> <span class='ocrx_word' id='word_1_166' title='bbox 1458 1051 1657 1084; x_wconf 85' lang='lat' dir='ltr'>Chastellet</span> <span class='ocrx_word' id='word_1_167' title='bbox 1677 1052 1721 1084; x_wconf 88' lang='lat' dir='ltr'>de</span> <span class='ocrx_word' id='word_1_168' title='bbox 1743 1052 1841 1085; x_wconf 83' lang='lat' dir='ltr'>Paris</span> <span class='ocrx_word' id='word_1_169' title='bbox 1863 1059 1898 1085; x_wconf 91' lang='lat' dir='ltr'>et</span> <span class='ocrx_word' id='word_1_170' title='bbox 1918 1060 2065 1098; x_wconf 89' lang='lat' dir='ltr'>prevost</span> 
     </span>
     <span class='ocr_line' id='line_1_13' title="bbox 201 1117 2063 1163; baseline 0.001 -12"><span class='ocrx_word' id='word_1_171' title='bbox 201 1119 245 1152; x_wconf 89' lang='lat' dir='ltr'>de</span> <span class='ocrx_word' id='word_1_172' title='bbox 270 1118 379 1151; x_wconf 87' lang='lat' dir='ltr'>ladite</span> <span class='ocrx_word' id='word_1_173' title='bbox 404 1118 609 1158; x_wconf 78' lang='lat' dir='ltr'>confrairie,</span> <span class='ocrx_word' id='word_1_174' title='bbox 633 1117 794 1163; x_wconf 89' lang='lat' dir='ltr'>appellez</span> <span class='ocrx_word' id='word_1_175' title='bbox 819 1129 903 1151; x_wconf 86' lang='lat' dir='ltr'>avec</span> <span class='ocrx_word' id='word_1_176' title='bbox 932 1117 1014 1150; x_wconf 89' lang='lat' dir='ltr'>eulx</span> <span class='ocrx_word' id='word_1_177' title='bbox 1039 1117 1093 1150; x_wconf 85' lang='lat' dir='ltr'>les</span> <span class='ocrx_word' id='word_1_178' title='bbox 1114 1124 1234 1150; x_wconf 78' lang='lat' dir='ltr'>autres</span> <span class='ocrx_word' id='word_1_179' title='bbox 1260 1118 1465 1162; x_wconf 85' lang='lat' dir='ltr'>cirurgiens</span> <span class='ocrx_word' id='word_1_180' title='bbox 1493 1117 1658 1151; x_wconf 90' lang='lat' dir='ltr'>licentiez</span> <span class='ocrx_word' id='word_1_181' title='bbox 1684 1121 1702 1151; x_wconf 83' lang='lat' dir='ltr'>a</span> <span class='ocrx_word' id='word_1_182' title='bbox 1728 1119 1842 1159; x_wconf 77' lang='lat' dir='ltr'>Paris,</span> <span class='ocrx_word' id='word_1_183' title='bbox 1869 1120 1899 1152; x_wconf 90' lang='lat' dir='ltr'>si</span> <span class='ocrx_word' id='word_1_184' title='bbox 1925 1132 2063 1153; x_wconf 89' lang='lat' dir='ltr'>comme</span> 
     </span>
     <span class='ocr_line' id='line_1_14' title="bbox 200 1184 2064 1231; baseline 0.001 -13"><span class='ocrx_word' id='word_1_185' title='bbox 200 1185 300 1218; x_wconf 87' lang='lat' dir='ltr'>esdis</span> <span class='ocrx_word' id='word_1_186' title='bbox 320 1184 518 1230; x_wconf 85' lang='lat' dir='ltr'>privileges</span> <span class='ocrx_word' id='word_1_187' title='bbox 544 1190 630 1229; x_wconf 89' lang='lat' dir='ltr'>puet</span> <span class='ocrx_word' id='word_1_188' title='bbox 656 1184 877 1229; x_wconf 86' lang='lat' dir='ltr'>plainement</span> <span class='ocrx_word' id='word_1_189' title='bbox 896 1184 1074 1228; x_wconf 75' lang='lat' dir='ltr'>apparoir,</span> <span class='ocrx_word' id='word_1_190' title='bbox 1103 1196 1195 1216; x_wconf 87' lang='lat' dir='ltr'>nous</span> <span class='ocrx_word' id='word_1_191' title='bbox 1217 1184 1260 1216; x_wconf 90' lang='lat' dir='ltr'>de</span> <span class='ocrx_word' id='word_1_192' title='bbox 1286 1184 1487 1217; x_wconf 77' lang='lat' dir='ltr'>l&#39;auctorite</span> <span class='ocrx_word' id='word_1_193' title='bbox 1508 1196 1578 1229; x_wconf 90' lang='lat' dir='ltr'>que</span> <span class='ocrx_word' id='word_1_194' title='bbox 1605 1185 1736 1218; x_wconf 85' lang='lat' dir='ltr'>dessus</span> <span class='ocrx_word' id='word_1_195' title='bbox 1762 1192 1797 1218; x_wconf 93' lang='lat' dir='ltr'>et</span> <span class='ocrx_word' id='word_1_196' title='bbox 1823 1198 1868 1218; x_wconf 89' lang='lat' dir='ltr'>en</span> <span class='ocrx_word' id='word_1_197' title='bbox 1893 1186 2064 1231; x_wconf 80' lang='lat' dir='ltr'>ampliant</span> 
     </span>
     <span class='ocr_line' id='line_1_15' title="bbox 200 1250 2064 1296; baseline 0.001 -12"><span class='ocrx_word' id='word_1_198' title='bbox 200 1251 400 1285; x_wconf 86' lang='lat' dir='ltr'>nostredite</span> <span class='ocrx_word' id='word_1_199' title='bbox 422 1263 542 1296; x_wconf 76' lang='lat' dir='ltr'>grace,</span> <span class='ocrx_word' id='word_1_200' title='bbox 561 1251 726 1283; x_wconf 84' lang='lat' dir='ltr'>desirans</span> <span class='ocrx_word' id='word_1_201' title='bbox 747 1250 791 1283; x_wconf 93' lang='lat' dir='ltr'>de</span> <span class='ocrx_word' id='word_1_202' title='bbox 813 1257 890 1283; x_wconf 87' lang='lat' dir='ltr'>tout</span> <span class='ocrx_word' id='word_1_203' title='bbox 910 1257 1034 1283; x_wconf 87' lang='lat' dir='ltr'>nostre</span> <span class='ocrx_word' id='word_1_204' title='bbox 1059 1262 1145 1283; x_wconf 91' lang='lat' dir='ltr'>cuer</span> <span class='ocrx_word' id='word_1_205' title='bbox 1166 1250 1344 1295; x_wconf 84' lang='lat' dir='ltr'>proceder</span> <span class='ocrx_word' id='word_1_206' title='bbox 1366 1253 1384 1283; x_wconf 75' lang='lat' dir='ltr'>a</span> <span class='ocrx_word' id='word_1_207' title='bbox 1405 1250 1701 1296; x_wconf 82' lang='lat' dir='ltr'>l&#39;augmentation</span> <span class='ocrx_word' id='word_1_208' title='bbox 1723 1259 1757 1284; x_wconf 92' lang='lat' dir='ltr'>et</span> <span class='ocrx_word' id='word_1_209' title='bbox 1781 1253 2064 1286; x_wconf 85' lang='lat' dir='ltr'>accroissement</span> 
     </span>
     <span class='ocr_line' id='line_1_16' title="bbox 199 1317 2063 1364; baseline 0.001 -13"><span class='ocrx_word' id='word_1_210' title='bbox 199 1318 247 1351; x_wconf 95' lang='lat' dir='ltr'>du</span> <span class='ocrx_word' id='word_1_211' title='bbox 269 1317 408 1351; x_wconf 84' lang='lat' dir='ltr'>service</span> <span class='ocrx_word' id='word_1_212' title='bbox 429 1317 528 1350; x_wconf 91' lang='lat' dir='ltr'>divin</span> <span class='ocrx_word' id='word_1_213' title='bbox 549 1329 594 1350; x_wconf 90' lang='lat' dir='ltr'>en</span> <span class='ocrx_word' id='word_1_214' title='bbox 617 1317 823 1350; x_wconf 87' lang='lat' dir='ltr'>emsuivans</span> <span class='ocrx_word' id='word_1_215' title='bbox 851 1317 904 1349; x_wconf 89' lang='lat' dir='ltr'>les</span> <span class='ocrx_word' id='word_1_216' title='bbox 931 1323 1046 1349; x_wconf 86' lang='lat' dir='ltr'>traces</span> <span class='ocrx_word' id='word_1_217' title='bbox 1068 1317 1132 1349; x_wconf 88' lang='lat' dir='ltr'>des</span> <span class='ocrx_word' id='word_1_218' title='bbox 1159 1317 1443 1362; x_wconf 86' lang='lat' dir='ltr'>predecesseurs</span> <span class='ocrx_word' id='word_1_219' title='bbox 1465 1317 1509 1350; x_wconf 91' lang='lat' dir='ltr'>de</span> <span class='ocrx_word' id='word_1_220' title='bbox 1531 1318 1719 1350; x_wconf 83' lang='lat' dir='ltr'>Monsieur</span> <span class='ocrx_word' id='word_1_221' title='bbox 1740 1325 1774 1351; x_wconf 88' lang='lat' dir='ltr'>et</span> <span class='ocrx_word' id='word_1_222' title='bbox 1800 1319 1844 1351; x_wconf 90' lang='lat' dir='ltr'>de</span> <span class='ocrx_word' id='word_1_223' title='bbox 1866 1331 1958 1352; x_wconf 86' lang='lat' dir='ltr'>nous</span> <span class='ocrx_word' id='word_1_224' title='bbox 1979 1331 2063 1364; x_wconf 87' lang='lat' dir='ltr'>roys</span> 
     </span>
     <span class='ocr_line' id='line_1_17' title="bbox 200 1383 2061 1430; baseline 0.001 -13"><span class='ocrx_word' id='word_1_225' title='bbox 200 1384 244 1418; x_wconf 90' lang='lat' dir='ltr'>de</span> <span class='ocrx_word' id='word_1_226' title='bbox 266 1385 413 1426; x_wconf 85' lang='lat' dir='ltr'>France,</span> <span class='ocrx_word' id='word_1_227' title='bbox 440 1390 475 1417; x_wconf 91' lang='lat' dir='ltr'>et</span> <span class='ocrx_word' id='word_1_228' title='bbox 500 1384 583 1416; x_wconf 85' lang='lat' dir='ltr'>affin</span> <span class='ocrx_word' id='word_1_229' title='bbox 604 1395 673 1428; x_wconf 88' lang='lat' dir='ltr'>que</span> <span class='ocrx_word' id='word_1_230' title='bbox 694 1383 896 1425; x_wconf 81' lang='lat' dir='ltr'>Monsieur,</span> <span class='ocrx_word' id='word_1_231' title='bbox 922 1395 981 1416; x_wconf 87' lang='lat' dir='ltr'>ses</span> <span class='ocrx_word' id='word_1_232' title='bbox 1003 1383 1287 1428; x_wconf 85' lang='lat' dir='ltr'>predecesseurs</span> <span class='ocrx_word' id='word_1_233' title='bbox 1309 1390 1344 1416; x_wconf 88' lang='lat' dir='ltr'>et</span> <span class='ocrx_word' id='word_1_234' title='bbox 1370 1396 1463 1416; x_wconf 91' lang='lat' dir='ltr'>nous</span> <span class='ocrx_word' id='word_1_235' title='bbox 1491 1385 1616 1417; x_wconf 90' lang='lat' dir='ltr'>soions</span> <span class='ocrx_word' id='word_1_236' title='bbox 1643 1385 1861 1430; x_wconf 85' lang='lat' dir='ltr'>participans</span> <span class='ocrx_word' id='word_1_237' title='bbox 1883 1389 1921 1418; x_wconf 77' lang='lat' dir='ltr'>es</span> <span class='ocrx_word' id='word_1_238' title='bbox 1943 1386 2061 1427; x_wconf 82' lang='lat' dir='ltr'>biens⁷</span> 
     </span>
     <span class='ocr_line' id='line_1_18' title="bbox 199 1450 2063 1496; baseline 0.001 -12"><span class='ocrx_word' id='word_1_239' title='bbox 199 1451 351 1496; x_wconf 74' lang='lat' dir='ltr'>prieres,</span> <span class='ocrx_word' id='word_1_240' title='bbox 370 1462 510 1484; x_wconf 88' lang='lat' dir='ltr'>messes</span> <span class='ocrx_word' id='word_1_241' title='bbox 530 1457 565 1483; x_wconf 91' lang='lat' dir='ltr'>et</span> <span class='ocrx_word' id='word_1_242' title='bbox 581 1450 730 1484; x_wconf 87' lang='lat' dir='ltr'>devotes</span> <span class='ocrx_word' id='word_1_243' title='bbox 747 1450 913 1483; x_wconf 80' lang='lat' dir='ltr'>oraisons</span> <span class='ocrx_word' id='word_1_244' title='bbox 930 1450 991 1495; x_wconf 89' lang='lat' dir='ltr'>qui</span> <span class='ocrx_word' id='word_1_245' title='bbox 1012 1457 1139 1483; x_wconf 90' lang='lat' dir='ltr'>seront</span> <span class='ocrx_word' id='word_1_246' title='bbox 1158 1450 1261 1483; x_wconf 87' lang='lat' dir='ltr'>saites</span> <span class='ocrx_word' id='word_1_247' title='bbox 1278 1457 1314 1483; x_wconf 92' lang='lat' dir='ltr'>et</span> <span class='ocrx_word' id='word_1_248' title='bbox 1333 1450 1520 1483; x_wconf 85' lang='lat' dir='ltr'>celebrees</span> <span class='ocrx_word' id='word_1_249' title='bbox 1538 1463 1582 1483; x_wconf 90' lang='lat' dir='ltr'>en</span> <span class='ocrx_word' id='word_1_250' title='bbox 1603 1451 1712 1484; x_wconf 87' lang='lat' dir='ltr'>ladite</span> <span class='ocrx_word' id='word_1_251' title='bbox 1730 1452 1920 1493; x_wconf 72' lang='lat' dir='ltr'>consrarie,</span> <span class='ocrx_word' id='word_1_252' title='bbox 1940 1453 2063 1485; x_wconf 87' lang='lat' dir='ltr'>ausdiz</span> 
     </span>
     <span class='ocr_line' id='line_1_19' title="bbox 197 1517 2061 1563; baseline 0.001 -13"><span class='ocrx_word' id='word_1_253' title='bbox 197 1518 383 1551; x_wconf 90' lang='lat' dir='ltr'>confreres</span> <span class='ocrx_word' id='word_1_254' title='bbox 400 1529 446 1550; x_wconf 91' lang='lat' dir='ltr'>ou</span> <span class='ocrx_word' id='word_1_255' title='bbox 468 1529 551 1550; x_wconf 91' lang='lat' dir='ltr'>nom</span> <span class='ocrx_word' id='word_1_256' title='bbox 569 1517 612 1550; x_wconf 88' lang='lat' dir='ltr'>de</span> <span class='ocrx_word' id='word_1_257' title='bbox 629 1517 737 1550; x_wconf 85' lang='lat' dir='ltr'>ladite</span> <span class='ocrx_word' id='word_1_258' title='bbox 754 1517 945 1558; x_wconf 72' lang='lat' dir='ltr'>confrarie,</span> <span class='ocrx_word' id='word_1_259' title='bbox 963 1529 1074 1550; x_wconf 89' lang='lat' dir='ltr'>avons</span> <span class='ocrx_word' id='word_1_260' title='bbox 1092 1517 1212 1550; x_wconf 71' lang='lat' dir='ltr'>donne</span> <span class='ocrx_word' id='word_1_261' title='bbox 1230 1523 1265 1549; x_wconf 84' lang='lat' dir='ltr'>et</span> <span class='ocrx_word' id='word_1_262' title='bbox 1284 1517 1421 1550; x_wconf 78' lang='lat' dir='ltr'>octroie</span> <span class='ocrx_word' id='word_1_263' title='bbox 1442 1517 1756 1562; x_wconf 89' lang='lat' dir='ltr'>perpetuelement</span> <span class='ocrx_word' id='word_1_264' title='bbox 1773 1525 1808 1551; x_wconf 87' lang='lat' dir='ltr'>et</span> <span class='ocrx_word' id='word_1_265' title='bbox 1828 1521 1846 1551; x_wconf 80' lang='lat' dir='ltr'>a</span> <span class='ocrx_word' id='word_1_266' title='bbox 1863 1520 2061 1563; x_wconf 68' lang='lat' dir='ltr'>touzjours„</span> 
     </span>
     <span class='ocr_line' id='line_1_20' title="bbox 198 1583 2063 1628; baseline 0.001 -11"><span class='ocrx_word' id='word_1_267' title='bbox 198 1584 366 1617; x_wconf 93' lang='lat' dir='ltr'>donnons</span> <span class='ocrx_word' id='word_1_268' title='bbox 401 1590 436 1617; x_wconf 90' lang='lat' dir='ltr'>et</span> <span class='ocrx_word' id='word_1_269' title='bbox 468 1583 653 1617; x_wconf 88' lang='lat' dir='ltr'>octroions</span> <span class='ocrx_word' id='word_1_270' title='bbox 688 1595 750 1628; x_wconf 89' lang='lat' dir='ltr'>par</span> <span class='ocrx_word' id='word_1_271' title='bbox 781 1583 814 1616; x_wconf 88' lang='lat' dir='ltr'>la</span> <span class='ocrx_word' id='word_1_272' title='bbox 844 1590 972 1616; x_wconf 85' lang='lat' dir='ltr'>teneur</span> <span class='ocrx_word' id='word_1_273' title='bbox 1002 1583 1046 1616; x_wconf 90' lang='lat' dir='ltr'>de</span> <span class='ocrx_word' id='word_1_274' title='bbox 1080 1595 1141 1616; x_wconf 91' lang='lat' dir='ltr'>ces</span> <span class='ocrx_word' id='word_1_275' title='bbox 1173 1590 1377 1628; x_wconf 80' lang='lat' dir='ltr'>presentes,</span> <span class='ocrx_word' id='word_1_276' title='bbox 1399 1583 1430 1616; x_wconf 88' lang='lat' dir='ltr'>la</span> <span class='ocrx_word' id='word_1_277' title='bbox 1462 1584 1601 1616; x_wconf 79' lang='lat' dir='ltr'>moittie</span> <span class='ocrx_word' id='word_1_278' title='bbox 1632 1584 1874 1618; x_wconf 89' lang='lat' dir='ltr'>entierement</span> <span class='ocrx_word' id='word_1_279' title='bbox 1901 1585 2063 1618; x_wconf 85' lang='lat' dir='ltr'>desdites</span> 
     </span>
     <span class='ocr_line' id='line_1_21' title="bbox 197 1650 2062 1696; baseline 0.001 -13"><span class='ocrx_word' id='word_1_280' title='bbox 197 1651 369 1684; x_wconf 87' lang='lat' dir='ltr'>amendes</span> <span class='ocrx_word' id='word_1_281' title='bbox 398 1662 490 1695; x_wconf 90' lang='lat' dir='ltr'>pour</span> <span class='ocrx_word' id='word_1_282' title='bbox 517 1657 666 1683; x_wconf 88' lang='lat' dir='ltr'>tourner</span> <span class='ocrx_word' id='word_1_283' title='bbox 686 1657 722 1683; x_wconf 88' lang='lat' dir='ltr'>et</span> <span class='ocrx_word' id='word_1_284' title='bbox 745 1650 927 1683; x_wconf 87' lang='lat' dir='ltr'>convertir</span> <span class='ocrx_word' id='word_1_285' title='bbox 954 1662 998 1683; x_wconf 85' lang='lat' dir='ltr'>au</span> <span class='ocrx_word' id='word_1_286' title='bbox 1028 1650 1161 1695; x_wconf 88' lang='lat' dir='ltr'>proufit</span> <span class='ocrx_word' id='word_1_287' title='bbox 1191 1650 1235 1683; x_wconf 92' lang='lat' dir='ltr'>de</span> <span class='ocrx_word' id='word_1_288' title='bbox 1263 1650 1372 1683; x_wconf 91' lang='lat' dir='ltr'>ladite</span> <span class='ocrx_word' id='word_1_289' title='bbox 1397 1650 1577 1683; x_wconf 85' lang='lat' dir='ltr'>confrarie</span> <span class='ocrx_word' id='word_1_290' title='bbox 1607 1657 1642 1683; x_wconf 89' lang='lat' dir='ltr'>et</span> <span class='ocrx_word' id='word_1_291' title='bbox 1671 1663 1744 1683; x_wconf 91' lang='lat' dir='ltr'>non</span> <span class='ocrx_word' id='word_1_292' title='bbox 1774 1658 1874 1684; x_wconf 86' lang='lat' dir='ltr'>autre</span> <span class='ocrx_word' id='word_1_293' title='bbox 1907 1658 1994 1696; x_wconf 87' lang='lat' dir='ltr'>part.</span> <span class='ocrx_word' id='word_1_294' title='bbox 2027 1652 2062 1685; x_wconf 89' lang='lat' dir='ltr'>Si</span> 
     </span>
     <span class='ocr_line' id='line_1_22' title="bbox 197 1717 2061 1762; baseline 0 -11"><span class='ocrx_word' id='word_1_295' title='bbox 197 1717 365 1751; x_wconf 90' lang='lat' dir='ltr'>donnons</span> <span class='ocrx_word' id='word_1_296' title='bbox 386 1729 431 1750; x_wconf 90' lang='lat' dir='ltr'>en</span> <span class='ocrx_word' id='word_1_297' title='bbox 460 1717 691 1750; x_wconf 89' lang='lat' dir='ltr'>mandement</span> <span class='ocrx_word' id='word_1_298' title='bbox 710 1728 773 1762; x_wconf 84' lang='lat' dir='ltr'>par</span> <span class='ocrx_word' id='word_1_299' title='bbox 793 1728 854 1750; x_wconf 89' lang='lat' dir='ltr'>ces</span> <span class='ocrx_word' id='word_1_300' title='bbox 881 1728 1037 1750; x_wconf 86' lang='lat' dir='ltr'>mesmes</span> <span class='ocrx_word' id='word_1_301' title='bbox 1064 1717 1190 1750; x_wconf 84' lang='lat' dir='ltr'>lettres</span> <span class='ocrx_word' id='word_1_302' title='bbox 1211 1729 1254 1750; x_wconf 85' lang='lat' dir='ltr'>au</span> <span class='ocrx_word' id='word_1_303' title='bbox 1282 1724 1430 1762; x_wconf 88' lang='lat' dir='ltr'>prevost</span> <span class='ocrx_word' id='word_1_304' title='bbox 1457 1717 1501 1750; x_wconf 90' lang='lat' dir='ltr'>de</span> <span class='ocrx_word' id='word_1_305' title='bbox 1528 1717 1628 1750; x_wconf 88' lang='lat' dir='ltr'>Paris</span> <span class='ocrx_word' id='word_1_306' title='bbox 1651 1730 1697 1750; x_wconf 88' lang='lat' dir='ltr'>ou</span> <span class='ocrx_word' id='word_1_307' title='bbox 1719 1720 1736 1750; x_wconf 80' lang='lat' dir='ltr'>a</span> <span class='ocrx_word' id='word_1_308' title='bbox 1758 1730 1824 1750; x_wconf 89' lang='lat' dir='ltr'>son</span> <span class='ocrx_word' id='word_1_309' title='bbox 1851 1718 2061 1759; x_wconf 84' lang='lat' dir='ltr'>lieutenant,</span> 
     </span>
     <span class='ocr_line' id='line_1_23' title="bbox 197 1783 2062 1829; baseline 0 -12"><span class='ocrx_word' id='word_1_310' title='bbox 197 1784 258 1829; x_wconf 91' lang='lat' dir='ltr'>qui</span> <span class='ocrx_word' id='word_1_311' title='bbox 279 1786 297 1817; x_wconf 75' lang='lat' dir='ltr'>a</span> <span class='ocrx_word' id='word_1_312' title='bbox 317 1790 466 1829; x_wconf 86' lang='lat' dir='ltr'>present</span> <span class='ocrx_word' id='word_1_313' title='bbox 486 1790 541 1816; x_wconf 87' lang='lat' dir='ltr'>est</span> <span class='ocrx_word' id='word_1_314' title='bbox 563 1790 598 1816; x_wconf 91' lang='lat' dir='ltr'>et</span> <span class='ocrx_word' id='word_1_315' title='bbox 618 1784 679 1828; x_wconf 92' lang='lat' dir='ltr'>qui</span> <span class='ocrx_word' id='word_1_316' title='bbox 701 1796 792 1828; x_wconf 90' lang='lat' dir='ltr'>pour</span> <span class='ocrx_word' id='word_1_317' title='bbox 811 1783 845 1816; x_wconf 92' lang='lat' dir='ltr'>le</span> <span class='ocrx_word' id='word_1_318' title='bbox 867 1790 983 1828; x_wconf 87' lang='lat' dir='ltr'>temps</span> <span class='ocrx_word' id='word_1_319' title='bbox 1003 1784 1127 1817; x_wconf 86' lang='lat' dir='ltr'>avenir</span> <span class='ocrx_word' id='word_1_320' title='bbox 1148 1796 1241 1826; x_wconf 77' lang='lat' dir='ltr'>sera,</span> <span class='ocrx_word' id='word_1_321' title='bbox 1259 1796 1329 1829; x_wconf 91' lang='lat' dir='ltr'>que</span> <span class='ocrx_word' id='word_1_322' title='bbox 1350 1784 1502 1817; x_wconf 83' lang='lat' dir='ltr'>lesdites</span> <span class='ocrx_word' id='word_1_323' title='bbox 1523 1784 1697 1817; x_wconf 85' lang='lat' dir='ltr'>amendes</span> <span class='ocrx_word' id='word_1_324' title='bbox 1720 1791 1838 1817; x_wconf 85' lang='lat' dir='ltr'>toutes</span> <span class='ocrx_word' id='word_1_325' title='bbox 1856 1791 1891 1817; x_wconf 90' lang='lat' dir='ltr'>et</span> <span class='ocrx_word' id='word_1_326' title='bbox 1911 1792 2062 1829; x_wconf 87' lang='lat' dir='ltr'>quantes</span> 
     </span>
     <span class='ocr_line' id='line_1_24' title="bbox 195 1850 2063 1896; baseline 0.001 -13"><span class='ocrx_word' id='word_1_327' title='bbox 195 1850 265 1883; x_wconf 89' lang='lat' dir='ltr'>foiz</span> <span class='ocrx_word' id='word_1_328' title='bbox 286 1862 355 1895; x_wconf 88' lang='lat' dir='ltr'>que</span> <span class='ocrx_word' id='word_1_329' title='bbox 377 1850 467 1883; x_wconf 88' lang='lat' dir='ltr'>elles</span> <span class='ocrx_word' id='word_1_330' title='bbox 484 1850 689 1891; x_wconf 82' lang='lat' dir='ltr'>escheront‚</span> <span class='ocrx_word' id='word_1_331' title='bbox 707 1850 732 1882; x_wconf 92' lang='lat' dir='ltr'>il</span> <span class='ocrx_word' id='word_1_332' title='bbox 753 1850 860 1892; x_wconf 77' lang='lat' dir='ltr'>lieve,</span> <span class='ocrx_word' id='word_1_333' title='bbox 878 1857 1026 1883; x_wconf 85' lang='lat' dir='ltr'>executc</span> <span class='ocrx_word' id='word_1_334' title='bbox 1043 1862 1089 1883; x_wconf 93' lang='lat' dir='ltr'>ou</span> <span class='ocrx_word' id='word_1_335' title='bbox 1111 1850 1301 1895; x_wconf 73' lang='lat' dir='ltr'>exploicte,</span> <span class='ocrx_word' id='word_1_336' title='bbox 1321 1863 1367 1883; x_wconf 90' lang='lat' dir='ltr'>ou</span> <span class='ocrx_word' id='word_1_337' title='bbox 1387 1851 1462 1883; x_wconf 87' lang='lat' dir='ltr'>face</span> <span class='ocrx_word' id='word_1_338' title='bbox 1484 1851 1595 1891; x_wconf 73' lang='lat' dir='ltr'>lever,</span> <span class='ocrx_word' id='word_1_339' title='bbox 1615 1858 1785 1884; x_wconf 90' lang='lat' dir='ltr'>executer</span> <span class='ocrx_word' id='word_1_340' title='bbox 1802 1858 1836 1884; x_wconf 90' lang='lat' dir='ltr'>et</span> <span class='ocrx_word' id='word_1_341' title='bbox 1852 1851 2063 1896; x_wconf 88' lang='lat' dir='ltr'>exploictier</span> 
     </span>
     <span class='ocr_line' id='line_1_25' title="bbox 196 1916 2062 1962; baseline 0 -12"><span class='ocrx_word' id='word_1_342' title='bbox 196 1916 300 1950; x_wconf 87' lang='lat' dir='ltr'>selon</span> <span class='ocrx_word' id='word_1_343' title='bbox 320 1916 354 1950; x_wconf 87' lang='lat' dir='ltr'>la</span> <span class='ocrx_word' id='word_1_344' title='bbox 374 1923 502 1949; x_wconf 89' lang='lat' dir='ltr'>teneur</span> <span class='ocrx_word' id='word_1_345' title='bbox 518 1916 642 1949; x_wconf 89' lang='lat' dir='ltr'>desdiz</span> <span class='ocrx_word' id='word_1_346' title='bbox 665 1917 862 1962; x_wconf 86' lang='lat' dir='ltr'>privileges</span> <span class='ocrx_word' id='word_1_347' title='bbox 884 1917 973 1950; x_wconf 89' lang='lat' dir='ltr'>dont</span> <span class='ocrx_word' id='word_1_348' title='bbox 992 1917 1017 1949; x_wconf 92' lang='lat' dir='ltr'>il</span> <span class='ocrx_word' id='word_1_349' title='bbox 1038 1917 1088 1949; x_wconf 89' lang='lat' dir='ltr'>lui</span> <span class='ocrx_word' id='word_1_350' title='bbox 1109 1929 1272 1962; x_wconf 72' lang='lat' dir='ltr'>apperra,</span> <span class='ocrx_word' id='word_1_351' title='bbox 1292 1917 1501 1962; x_wconf 88' lang='lat' dir='ltr'>desquelles</span> <span class='ocrx_word' id='word_1_352' title='bbox 1522 1917 1547 1950; x_wconf 91' lang='lat' dir='ltr'>il</span> <span class='ocrx_word' id='word_1_353' title='bbox 1567 1918 1643 1950; x_wconf 86' lang='lat' dir='ltr'>face</span> <span class='ocrx_word' id='word_1_354' title='bbox 1664 1917 1806 1950; x_wconf 87' lang='lat' dir='ltr'>baillier</span> <span class='ocrx_word' id='word_1_355' title='bbox 1823 1917 1854 1950; x_wconf 90' lang='lat' dir='ltr'>la</span> <span class='ocrx_word' id='word_1_356' title='bbox 1876 1918 1998 1950; x_wconf 75' lang='lat' dir='ltr'>moitic</span> <span class='ocrx_word' id='word_1_357' title='bbox 2019 1930 2062 1950; x_wconf 93' lang='lat' dir='ltr'>au</span> 
     </span>
     <span class='ocr_line' id='line_1_26' title="bbox 195 1983 2062 2029; baseline 0 -13"><span class='ocrx_word' id='word_1_358' title='bbox 195 1994 370 2017; x_wconf 83' lang='lat' dir='ltr'>receveur</span> <span class='ocrx_word' id='word_1_359' title='bbox 390 1983 434 2016; x_wconf 88' lang='lat' dir='ltr'>de</span> <span class='ocrx_word' id='word_1_360' title='bbox 463 1983 575 2023; x_wconf 85' lang='lat' dir='ltr'>Paris,</span> <span class='ocrx_word' id='word_1_361' title='bbox 598 1990 746 2027; x_wconf 84' lang='lat' dir='ltr'>present</span> <span class='ocrx_word' id='word_1_362' title='bbox 766 1995 812 2016; x_wconf 92' lang='lat' dir='ltr'>ou</span> <span class='ocrx_word' id='word_1_363' title='bbox 833 1986 850 2016; x_wconf 75' lang='lat' dir='ltr'>a</span> <span class='ocrx_word' id='word_1_364' title='bbox 869 1984 984 2024; x_wconf 80' lang='lat' dir='ltr'>venir,</span> <span class='ocrx_word' id='word_1_365' title='bbox 1007 1990 1043 2016; x_wconf 92' lang='lat' dir='ltr'>et</span> <span class='ocrx_word' id='word_1_366' title='bbox 1071 1983 1197 2016; x_wconf 87' lang='lat' dir='ltr'>l&#39;autre</span> <span class='ocrx_word' id='word_1_367' title='bbox 1219 1984 1342 2016; x_wconf 81' lang='lat' dir='ltr'>moitie</span> <span class='ocrx_word' id='word_1_368' title='bbox 1363 1996 1427 2017; x_wconf 89' lang='lat' dir='ltr'>aus</span> <span class='ocrx_word' id='word_1_369' title='bbox 1456 1991 1604 2029; x_wconf 88' lang='lat' dir='ltr'>prevost</span> <span class='ocrx_word' id='word_1_370' title='bbox 1626 1991 1660 2017; x_wconf 88' lang='lat' dir='ltr'>et</span> <span class='ocrx_word' id='word_1_371' title='bbox 1681 1985 1867 2017; x_wconf 84' lang='lat' dir='ltr'>confreres</span> <span class='ocrx_word' id='word_1_372' title='bbox 1889 1984 1932 2017; x_wconf 86' lang='lat' dir='ltr'>de</span> <span class='ocrx_word' id='word_1_373' title='bbox 1954 1984 2062 2016; x_wconf 89' lang='lat' dir='ltr'>ladite</span> 
     </span>
     <span class='ocr_line' id='line_1_27' title="bbox 196 2050 2062 2095; baseline 0.001 -13"><span class='ocrx_word' id='word_1_374' title='bbox 196 2050 388 2091; x_wconf 74' lang='lat' dir='ltr'>confrarie,</span> <span class='ocrx_word' id='word_1_375' title='bbox 413 2056 447 2082; x_wconf 91' lang='lat' dir='ltr'>et</span> <span class='ocrx_word' id='word_1_376' title='bbox 467 2052 485 2082; x_wconf 78' lang='lat' dir='ltr'>a</span> <span class='ocrx_word' id='word_1_377' title='bbox 505 2061 572 2082; x_wconf 88' lang='lat' dir='ltr'>nos</span> <span class='ocrx_word' id='word_1_378' title='bbox 593 2061 690 2082; x_wconf 84' lang='lat' dir='ltr'>amez</span> <span class='ocrx_word' id='word_1_379' title='bbox 711 2056 746 2082; x_wconf 93' lang='lat' dir='ltr'>et</span> <span class='ocrx_word' id='word_1_380' title='bbox 765 2050 880 2083; x_wconf 82' lang='lat' dir='ltr'>feauls</span> <span class='ocrx_word' id='word_1_381' title='bbox 901 2050 954 2083; x_wconf 87' lang='lat' dir='ltr'>les</span> <span class='ocrx_word' id='word_1_382' title='bbox 975 2062 1067 2095; x_wconf 86' lang='lat' dir='ltr'>gens</span> <span class='ocrx_word' id='word_1_383' title='bbox 1089 2050 1153 2083; x_wconf 89' lang='lat' dir='ltr'>des</span> <span class='ocrx_word' id='word_1_384' title='bbox 1174 2057 1337 2095; x_wconf 87' lang='lat' dir='ltr'>comptes</span> <span class='ocrx_word' id='word_1_385' title='bbox 1359 2051 1403 2083; x_wconf 91' lang='lat' dir='ltr'>de</span> <span class='ocrx_word' id='word_1_386' title='bbox 1424 2051 1613 2083; x_wconf 86' lang='lat' dir='ltr'>Monsieur</span> <span class='ocrx_word' id='word_1_387' title='bbox 1636 2057 1670 2084; x_wconf 88' lang='lat' dir='ltr'>et</span> <span class='ocrx_word' id='word_1_388' title='bbox 1691 2063 1784 2083; x_wconf 83' lang='lat' dir='ltr'>nous</span> <span class='ocrx_word' id='word_1_389' title='bbox 1812 2053 1829 2084; x_wconf 80' lang='lat' dir='ltr'>a</span> <span class='ocrx_word' id='word_1_390' title='bbox 1853 2051 1966 2091; x_wconf 77' lang='lat' dir='ltr'>Paris,</span> <span class='ocrx_word' id='word_1_391' title='bbox 1993 2062 2062 2095; x_wconf 88' lang='lat' dir='ltr'>que</span> 
     </span>
     <span class='ocr_line' id='line_1_28' title="bbox 195 2115 2063 2162; baseline 0.001 -14"><span class='ocrx_word' id='word_1_392' title='bbox 195 2115 310 2149; x_wconf 90' lang='lat' dir='ltr'>lesdiz</span> <span class='ocrx_word' id='word_1_393' title='bbox 332 2122 480 2160; x_wconf 84' lang='lat' dir='ltr'>prevost</span> <span class='ocrx_word' id='word_1_394' title='bbox 500 2122 535 2149; x_wconf 92' lang='lat' dir='ltr'>et</span> <span class='ocrx_word' id='word_1_395' title='bbox 558 2117 744 2149; x_wconf 87' lang='lat' dir='ltr'>confreres</span> <span class='ocrx_word' id='word_1_396' title='bbox 765 2128 810 2149; x_wconf 91' lang='lat' dir='ltr'>ou</span> <span class='ocrx_word' id='word_1_397' title='bbox 832 2128 915 2149; x_wconf 88' lang='lat' dir='ltr'>nom</span> <span class='ocrx_word' id='word_1_398' title='bbox 938 2117 981 2149; x_wconf 89' lang='lat' dir='ltr'>de</span> <span class='ocrx_word' id='word_1_399' title='bbox 1002 2116 1111 2149; x_wconf 88' lang='lat' dir='ltr'>ladite</span> <span class='ocrx_word' id='word_1_400' title='bbox 1136 2117 1315 2149; x_wconf 84' lang='lat' dir='ltr'>confrarie</span> <span class='ocrx_word' id='word_1_401' title='bbox 1336 2118 1465 2158; x_wconf 78' lang='lat' dir='ltr'>sacent,</span> <span class='ocrx_word' id='word_1_402' title='bbox 1493 2117 1670 2150; x_wconf 83' lang='lat' dir='ltr'>seuffrent</span> <span class='ocrx_word' id='word_1_403' title='bbox 1697 2124 1732 2150; x_wconf 90' lang='lat' dir='ltr'>et</span> <span class='ocrx_word' id='word_1_404' title='bbox 1761 2117 1911 2150; x_wconf 89' lang='lat' dir='ltr'>laisscnt</span> <span class='ocrx_word' id='word_1_405' title='bbox 1933 2118 2008 2162; x_wconf 84' lang='lat' dir='ltr'>joir</span> <span class='ocrx_word' id='word_1_406' title='bbox 2028 2124 2063 2150; x_wconf 88' lang='lat' dir='ltr'>et</span> 
     </span>
     <span class='ocr_line' id='line_1_29' title="bbox 196 2182 2061 2228; baseline 0.001 -14"><span class='ocrx_word' id='word_1_407' title='bbox 196 2193 282 2215; x_wconf 89' lang='lat' dir='ltr'>user</span> <span class='ocrx_word' id='word_1_408' title='bbox 297 2182 518 2227; x_wconf 87' lang='lat' dir='ltr'>plainement</span> <span class='ocrx_word' id='word_1_409' title='bbox 538 2189 573 2215; x_wconf 88' lang='lat' dir='ltr'>et</span> <span class='ocrx_word' id='word_1_410' title='bbox 593 2182 848 2227; x_wconf 86' lang='lat' dir='ltr'>paisiblement</span> <span class='ocrx_word' id='word_1_411' title='bbox 863 2183 907 2215; x_wconf 93' lang='lat' dir='ltr'>de</span> <span class='ocrx_word' id='word_1_412' title='bbox 928 2190 1052 2216; x_wconf 89' lang='lat' dir='ltr'>nostre</span> <span class='ocrx_word' id='word_1_413' title='bbox 1069 2190 1239 2228; x_wconf 88' lang='lat' dir='ltr'>presente</span> <span class='ocrx_word' id='word_1_414' title='bbox 1255 2195 1376 2227; x_wconf 84' lang='lat' dir='ltr'>grace,</span> <span class='ocrx_word' id='word_1_415' title='bbox 1394 2189 1428 2215; x_wconf 90' lang='lat' dir='ltr'>et</span> <span class='ocrx_word' id='word_1_416' title='bbox 1445 2190 1570 2216; x_wconf 85' lang='lat' dir='ltr'>contre</span> <span class='ocrx_word' id='word_1_417' title='bbox 1586 2183 1618 2216; x_wconf 90' lang='lat' dir='ltr'>la</span> <span class='ocrx_word' id='word_1_418' title='bbox 1636 2190 1763 2216; x_wconf 87' lang='lat' dir='ltr'>teneur</span> <span class='ocrx_word' id='word_1_419' title='bbox 1780 2184 1921 2217; x_wconf 86' lang='lat' dir='ltr'>d&#39;icelle</span> <span class='ocrx_word' id='word_1_420' title='bbox 1943 2196 1987 2216; x_wconf 91' lang='lat' dir='ltr'>ne</span> <span class='ocrx_word' id='word_1_421' title='bbox 2008 2184 2061 2216; x_wconf 91' lang='lat' dir='ltr'>les</span> 
     </span>
     <span class='ocr_line' id='line_1_30' title="bbox 196 2248 2061 2295; baseline 0.001 -14"><span class='ocrx_word' id='word_1_422' title='bbox 196 2248 431 2293; x_wconf 89' lang='lat' dir='ltr'>empeschent</span> <span class='ocrx_word' id='word_1_423' title='bbox 451 2261 497 2281; x_wconf 90' lang='lat' dir='ltr'>ou</span> <span class='ocrx_word' id='word_1_424' title='bbox 519 2249 695 2282; x_wconf 86' lang='lat' dir='ltr'>seuffrent</span> <span class='ocrx_word' id='word_1_425' title='bbox 717 2256 812 2282; x_wconf 90' lang='lat' dir='ltr'>estre</span> <span class='ocrx_word' id='word_1_426' title='bbox 840 2250 1067 2294; x_wconf 88' lang='lat' dir='ltr'>empeschiez</span> <span class='ocrx_word' id='word_1_427' title='bbox 1095 2262 1140 2282; x_wconf 91' lang='lat' dir='ltr'>en</span> <span class='ocrx_word' id='word_1_428' title='bbox 1169 2261 1308 2282; x_wconf 88' lang='lat' dir='ltr'>aucune</span> <span class='ocrx_word' id='word_1_429' title='bbox 1339 2250 1511 2291; x_wconf 70' lang='lat' dir='ltr'>mamere,</span> <span class='ocrx_word' id='word_1_430' title='bbox 1538 2262 1611 2282; x_wconf 93' lang='lat' dir='ltr'>non</span> <span class='ocrx_word' id='word_1_431' title='bbox 1641 2250 1787 2283; x_wconf 85' lang='lat' dir='ltr'>obstant</span> <span class='ocrx_word' id='word_1_432' title='bbox 1814 2250 2061 2295; x_wconf 89' lang='lat' dir='ltr'>quelconques</span> 
     </span>
     <span class='ocr_line' id='line_1_31' title="bbox 196 2314 2059 2361; baseline 0.001 -14"><span class='ocrx_word' id='word_1_433' title='bbox 196 2314 433 2356; x_wconf 76' lang='lat' dir='ltr'>ordenances,</span> <span class='ocrx_word' id='word_1_434' title='bbox 459 2314 686 2356; x_wconf 75' lang='lat' dir='ltr'>inhibitions,</span> <span class='ocrx_word' id='word_1_435' title='bbox 709 2316 945 2349; x_wconf 85' lang='lat' dir='ltr'>mandemens</span> <span class='ocrx_word' id='word_1_436' title='bbox 966 2328 1012 2349; x_wconf 88' lang='lat' dir='ltr'>ou</span> <span class='ocrx_word' id='word_1_437' title='bbox 1034 2316 1205 2348; x_wconf 77' lang='lat' dir='ltr'>‹lesenses</span> <span class='ocrx_word' id='word_1_438' title='bbox 1227 2316 1331 2348; x_wconf 85' lang='lat' dir='ltr'>faites</span> <span class='ocrx_word' id='word_1_439' title='bbox 1353 2328 1399 2348; x_wconf 93' lang='lat' dir='ltr'>ou</span> <span class='ocrx_word' id='word_1_440' title='bbox 1419 2318 1437 2348; x_wconf 78' lang='lat' dir='ltr'>a</span> <span class='ocrx_word' id='word_1_441' title='bbox 1460 2316 1560 2353; x_wconf 65' lang='lat' dir='ltr'>faire,</span> <span class='ocrx_word' id='word_1_442' title='bbox 1586 2323 1621 2349; x_wconf 91' lang='lat' dir='ltr'>et</span> <span class='ocrx_word' id='word_1_443' title='bbox 1641 2316 1767 2349; x_wconf 85' lang='lat' dir='ltr'>lettres</span> <span class='ocrx_word' id='word_1_444' title='bbox 1788 2320 1991 2361; x_wconf 77' lang='lat' dir='ltr'>empetrees</span> <span class='ocrx_word' id='word_1_445' title='bbox 2015 2328 2059 2348; x_wconf 89' lang='lat' dir='ltr'>ou</span> 
     </span>
     <span class='ocr_line' id='line_1_32' title="bbox 196 2382 2060 2427; baseline 0.001 -13"><span class='ocrx_word' id='word_1_446' title='bbox 196 2393 242 2414; x_wconf 88' lang='lat' dir='ltr'>ou</span> <span class='ocrx_word' id='word_1_447' title='bbox 263 2384 281 2414; x_wconf 69' lang='lat' dir='ltr'>a</span> <span class='ocrx_word' id='word_1_448' title='bbox 302 2388 483 2426; x_wconf 86' lang='lat' dir='ltr'>empetrer</span> <span class='ocrx_word' id='word_1_449' title='bbox 503 2393 547 2414; x_wconf 92' lang='lat' dir='ltr'>au</span> <span class='ocrx_word' id='word_1_450' title='bbox 568 2382 759 2414; x_wconf 83' lang='lat' dir='ltr'>contraire.</span> <span class='ocrx_word' id='word_1_451' title='bbox 782 2383 824 2415; x_wconf 90' lang='lat' dir='ltr'>Et</span> <span class='ocrx_word' id='word_1_452' title='bbox 847 2394 916 2427; x_wconf 88' lang='lat' dir='ltr'>que</span> <span class='ocrx_word' id='word_1_453' title='bbox 938 2395 977 2416; x_wconf 87' lang='lat' dir='ltr'>ce</span> <span class='ocrx_word' id='word_1_454' title='bbox 1001 2384 1072 2415; x_wconf 91' lang='lat' dir='ltr'>soit</span> <span class='ocrx_word' id='word_1_455' title='bbox 1092 2384 1204 2415; x_wconf 83' lang='lat' dir='ltr'>ferme</span> <span class='ocrx_word' id='word_1_456' title='bbox 1227 2382 1337 2415; x_wconf 88' lang='lat' dir='ltr'>chose</span> <span class='ocrx_word' id='word_1_457' title='bbox 1361 2389 1396 2415; x_wconf 87' lang='lat' dir='ltr'>et</span> <span class='ocrx_word' id='word_1_458' title='bbox 1416 2382 1553 2415; x_wconf 84' lang='lat' dir='ltr'>estable</span> <span class='ocrx_word' id='word_1_459' title='bbox 1576 2385 1595 2415; x_wconf 76' lang='grc' dir='ltr'>ἐι</span> <span class='ocrx_word' id='word_1_460' title='bbox 1615 2384 1812 2427; x_wconf 76' lang='lat' dir='ltr'>touzjours⁷</span> <span class='ocrx_word' id='word_1_461' title='bbox 1836 2395 1928 2415; x_wconf 88' lang='lat' dir='ltr'>nous</span> <span class='ocrx_word' id='word_1_462' title='bbox 1949 2394 2060 2415; x_wconf 88' lang='lat' dir='ltr'>avons</span> 
     </span>
     <span class='ocr_line' id='line_1_33' title="bbox 194 2448 2058 2494; baseline 0 -14"><span class='ocrx_word' id='word_1_463' title='bbox 194 2448 258 2481; x_wconf 87' lang='lat' dir='ltr'>fait</span> <span class='ocrx_word' id='word_1_464' title='bbox 281 2454 408 2481; x_wconf 86' lang='lat' dir='ltr'>mettre</span> <span class='ocrx_word' id='word_1_465' title='bbox 435 2454 557 2481; x_wconf 88' lang='lat' dir='ltr'>nostre</span> <span class='ocrx_word' id='word_1_466' title='bbox 584 2448 660 2481; x_wconf 88' lang='lat' dir='ltr'>seel</span> <span class='ocrx_word' id='word_1_467' title='bbox 687 2451 705 2481; x_wconf 78' lang='lat' dir='ltr'>a</span> <span class='ocrx_word' id='word_1_468' title='bbox 726 2461 786 2481; x_wconf 91' lang='lat' dir='ltr'>ces</span> <span class='ocrx_word' id='word_1_469' title='bbox 810 2456 1000 2494; x_wconf 89' lang='lat' dir='ltr'>presentes</span> <span class='ocrx_word' id='word_1_470' title='bbox 1024 2461 1030 2482; x_wconf 77' lang='lat' dir='ltr'>x</span> <span class='ocrx_word' id='word_1_471' title='bbox 1054 2450 1137 2482; x_wconf 89' lang='lat' dir='ltr'>saus</span> <span class='ocrx_word' id='word_1_472' title='bbox 1154 2461 1199 2482; x_wconf 91' lang='lat' dir='ltr'>en</span> <span class='ocrx_word' id='word_1_473' title='bbox 1219 2455 1340 2482; x_wconf 86' lang='lat' dir='ltr'>autres</span> <span class='ocrx_word' id='word_1_474' title='bbox 1365 2448 1495 2482; x_wconf 89' lang='lat' dir='ltr'>choses</span> <span class='ocrx_word' id='word_1_475' title='bbox 1518 2449 1552 2482; x_wconf 93' lang='grc'>16</span> <span class='ocrx_word' id='word_1_476' title='bbox 1578 2449 1674 2482; x_wconf 90' lang='lat' dir='ltr'>droit</span> <span class='ocrx_word' id='word_1_477' title='bbox 1695 2449 1739 2482; x_wconf 93' lang='lat' dir='ltr'>de</span> <span class='ocrx_word' id='word_1_478' title='bbox 1763 2449 1950 2482; x_wconf 89' lang='lat' dir='ltr'>Monsieur</span> <span class='ocrx_word' id='word_1_479' title='bbox 1971 2455 2005 2481; x_wconf 90' lang='lat' dir='ltr'>ct</span> <span class='ocrx_word' id='word_1_480' title='bbox 2026 2448 2058 2480; x_wconf 88' lang='lat' dir='ltr'>lc</span> 
     </span>
     <span class='ocr_line' id='line_1_34' title="bbox 196 2514 2058 2561; baseline -0.001 -14"><span class='ocrx_word' id='word_1_481' title='bbox 196 2521 333 2556; x_wconf 83' lang='lat' dir='ltr'>nostre,</span> <span class='ocrx_word' id='word_1_482' title='bbox 350 2520 385 2547; x_wconf 85' lang='lat' dir='ltr'>et</span> <span class='ocrx_word' id='word_1_483' title='bbox 406 2514 549 2547; x_wconf 80' lang='lat' dir='ltr'>l‘autrui</span> <span class='ocrx_word' id='word_1_484' title='bbox 570 2527 615 2547; x_wconf 91' lang='lat' dir='ltr'>en</span> <span class='ocrx_word' id='word_1_485' title='bbox 638 2522 769 2548; x_wconf 78' lang='lat' dir='ltr'>tontes.</span> <span class='ocrx_word' id='word_1_486' title='bbox 796 2516 872 2548; x_wconf 86' lang='lat' dir='ltr'>Fait</span> <span class='ocrx_word' id='word_1_487' title='bbox 891 2522 926 2548; x_wconf 90' lang='lat' dir='ltr'>et</span> <span class='ocrx_word' id='word_1_488' title='bbox 946 2516 1066 2549; x_wconf 81' lang='lat' dir='ltr'>donne</span> <span class='ocrx_word' id='word_1_489' title='bbox 1089 2518 1106 2548; x_wconf 76' lang='lat' dir='ltr'>a</span> <span class='ocrx_word' id='word_1_490' title='bbox 1128 2516 1241 2557; x_wconf 82' lang='lat' dir='ltr'>Paris,</span> <span class='ocrx_word' id='word_1_491' title='bbox 1263 2516 1332 2548; x_wconf 86' lang='lat' dir='ltr'>l&#39;an</span> <span class='ocrx_word' id='word_1_492' title='bbox 1354 2516 1398 2548; x_wconf 91' lang='lat' dir='ltr'>de</span> <span class='ocrx_word' id='word_1_493' title='bbox 1421 2527 1527 2561; x_wconf 84' lang='lat' dir='ltr'>grace</span> <span class='ocrx_word' id='word_1_494' title='bbox 1548 2515 1611 2548; x_wconf 83' lang='lat' dir='ltr'>mil</span> <span class='ocrx_word' id='word_1_495' title='bbox 1632 2516 1721 2549; x_wconf 90' lang='lat' dir='ltr'>CCC</span> <span class='ocrx_word' id='word_1_496' title='bbox 1736 2517 1809 2556; x_wconf 77' lang='lat' dir='ltr'>LX,</span> <span class='ocrx_word' id='word_1_497' title='bbox 1834 2527 1879 2548; x_wconf 90' lang='lat' dir='ltr'>ou</span> <span class='ocrx_word' id='word_1_498' title='bbox 1902 2515 1994 2548; x_wconf 88' lang='lat' dir='ltr'>mois</span> <span class='ocrx_word' id='word_1_499' title='bbox 2015 2515 2058 2547; x_wconf 82' lang='lat' dir='ltr'>de</span> 
     </span>
     <span class='ocr_line' id='line_1_35' title="bbox 195 2581 319 2625; baseline -0.008 -11"><span class='ocrx_word' id='word_1_500' title='bbox 195 2581 319 2625; x_wconf 87' lang='lat' dir='ltr'>Juing.</span> 
     </span>
     <span class='ocr_line' id='line_1_36' title="bbox 283 2647 1873 2694; baseline 0.002 -15"><span class='ocrx_word' id='word_1_501' title='bbox 283 2647 363 2680; x_wconf 85' lang='lat' dir='ltr'>Par</span> <span class='ocrx_word' id='word_1_502' title='bbox 376 2647 565 2681; x_wconf 81' lang='lat' dir='ltr'>Monsieur</span> <span class='ocrx_word' id='word_1_503' title='bbox 579 2648 610 2682; x_wconf 89' lang='lat' dir='ltr'>le</span> <span class='ocrx_word' id='word_1_504' title='bbox 624 2649 771 2694; x_wconf 80' lang='lat' dir='ltr'>Regent,</span> <span class='ocrx_word' id='word_1_505' title='bbox 785 2661 933 2694; x_wconf 77' lang='lat' dir='ltr'>presens</span> <span class='ocrx_word' id='word_1_506' title='bbox 949 2649 1145 2683; x_wconf 79' lang='lat' dir='ltr'>Messieurs</span> <span class='ocrx_word' id='word_1_507' title='bbox 1159 2649 1276 2683; x_wconf 84' lang='lat' dir='ltr'>Adam</span> <span class='ocrx_word' id='word_1_508' title='bbox 1292 2648 1334 2683; x_wconf 87' lang='lat' dir='ltr'>de</span> <span class='ocrx_word' id='word_1_509' title='bbox 1353 2649 1495 2682; x_wconf 84' lang='lat' dir='ltr'>Meleun</span> <span class='ocrx_word' id='word_1_510' title='bbox 1510 2654 1544 2682; x_wconf 83' lang='lat' dir='ltr'>et</span> <span class='ocrx_word' id='word_1_511' title='bbox 1558 2650 1593 2682; x_wconf 86' lang='lat' dir='ltr'>J.</span> <span class='ocrx_word' id='word_1_512' title='bbox 1610 2649 1653 2683; x_wconf 83' lang='lat' dir='ltr'>de</span> <span class='ocrx_word' id='word_1_513' title='bbox 1668 2649 1702 2682; x_wconf 83' lang='lat' dir='ltr'>Ia</span> <span class='ocrx_word' id='word_1_514' title='bbox 1717 2649 1873 2688; x_wconf 79' lang='lat' dir='ltr'>Riviere,</span> 
     </span>
     <span class='ocr_line' id='line_1_37' title="bbox 1662 2715 1791 2748; baseline -0.016 0"><span class='ocrx_word' id='word_1_515' title='bbox 1662 2715 1791 2748; x_wconf 61' lang='lat' dir='ltr'>Omen.</span> 
     </span>
    </p>
   </div>
   <div class='ocr_carea' id='block_1_3' title="bbox 195 2810 2057 2888">
    <p class='ocr_par' dir='ltr' id='par_1_3' title="bbox 195 2810 2057 2888">
     <span class='ocr_line' id='line_1_38' title="bbox 287 2810 2057 2842; baseline -0.001 -8"><span class='ocrx_word' id='word_1_516' title='bbox 287 2810 365 2835; x_wconf 81' lang='lat' dir='ltr'>Arch.</span> <span class='ocrx_word' id='word_1_517' title='bbox 380 2814 433 2835; x_wconf 78' lang='lat' dir='ltr'>nat.</span> <span class='ocrx_word' id='word_1_518' title='bbox 449 2811 533 2835; x_wconf 78' lang='lat' dir='ltr'>Paris.</span> <span class='ocrx_word' id='word_1_519' title='bbox 547 2812 588 2836; x_wconf 87' lang='lat' dir='ltr'>JJ.</span> <span class='ocrx_word' id='word_1_520' title='bbox 603 2813 643 2841; x_wconf 83' lang='lat'>90,</span> <span class='ocrx_word' id='word_1_521' title='bbox 660 2816 689 2835; x_wconf 84' lang='lat' dir='ltr'>n0</span> <span class='ocrx_word' id='word_1_522' title='bbox 702 2813 755 2841; x_wconf 72' lang='lat'><strong>584,</strong></span> <span class='ocrx_word' id='word_1_523' title='bbox 776 2813 820 2836; x_wconf 88' lang='lat' dir='ltr'>sol.</span> <span class='ocrx_word' id='word_1_524' title='bbox 839 2812 910 2836; x_wconf 69' lang='lat'>28711.</span> <span class='ocrx_word' id='word_1_525' title='bbox 927 2827 954 2830; x_wconf 97' lang='lat'><strong>—</strong></span> <span class='ocrx_word' id='word_1_526' title='bbox 971 2813 1095 2838; x_wconf 84' lang='lat' dir='ltr'>Ordorm.</span> <span class='ocrx_word' id='word_1_527' title='bbox 1110 2814 1157 2837; x_wconf 83' lang='lat' dir='ltr'>des</span> <span class='ocrx_word' id='word_1_528' title='bbox 1176 2813 1234 2838; x_wconf 68' lang='grc' dir='ltr'>τοῖς</span> <span class='ocrx_word' id='word_1_529' title='bbox 1248 2813 1281 2837; x_wconf 77' lang='lat' dir='ltr'>de</span> <span class='ocrx_word' id='word_1_530' title='bbox 1297 2812 1414 2841; x_wconf 81' lang='lat' dir='ltr'>France,</span> <span class='ocrx_word' id='word_1_531' title='bbox 1431 2812 1476 2841; x_wconf 82' lang='lat'>111,</span> <span class='ocrx_word' id='word_1_532' title='bbox 1494 2813 1549 2837; x_wconf 81' lang='lat'><strong>420.</strong></span> <span class='ocrx_word' id='word_1_533' title='bbox 1566 2812 1684 2840; x_wconf 77' lang='lat' dir='ltr'>Statuts,</span> <span class='ocrx_word' id='word_1_534' title='bbox 1699 2811 1847 2842; x_wconf 63' lang='lat' dir='ltr'>privileyes</span> <span class='ocrx_word' id='word_1_535' title='bbox 1864 2814 1889 2835; x_wconf 81' lang='lat' dir='ltr'>et</span> <span class='ocrx_word' id='word_1_536' title='bbox 1905 2810 2057 2840; x_wconf 73' lang='lat' dir='ltr'>re&#39;qlemens</span> 
     </span>
     <span class='ocr_line' id='line_1_39' title="bbox 195 2854 983 2888; baseline 0 -9"><span class='ocrx_word' id='word_1_537' title='bbox 195 2855 235 2879; x_wconf 80' lang='lat' dir='ltr'>du</span> <span class='ocrx_word' id='word_1_538' title='bbox 252 2854 358 2886; x_wconf 74' lang='lat' dir='ltr'>Colle&#39;ye</span> <span class='ocrx_word' id='word_1_539' title='bbox 372 2857 405 2880; x_wconf 88' lang='lat' dir='ltr'>de</span> <span class='ocrx_word' id='word_1_540' title='bbox 416 2856 559 2887; x_wconf 70' lang='lat' dir='ltr'>chirurqie</span> <span class='ocrx_word' id='word_1_541' title='bbox 570 2858 603 2881; x_wconf 76' lang='lat' dir='ltr'>de</span> <span class='ocrx_word' id='word_1_542' title='bbox 616 2857 643 2881; x_wconf 87' lang='lat' dir='ltr'>la</span> <span class='ocrx_word' id='word_1_543' title='bbox 661 2857 728 2881; x_wconf 78' lang='lat' dir='ltr'>Ville</span> <span class='ocrx_word' id='word_1_544' title='bbox 742 2858 774 2881; x_wconf 79' lang='lat' dir='ltr'>de</span> <span class='ocrx_word' id='word_1_545' title='bbox 786 2857 883 2885; x_wconf 76' lang='lat' dir='ltr'>Paris,</span> <span class='ocrx_word' id='word_1_546' title='bbox 899 2865 925 2888; x_wconf 91' lang='lat' dir='ltr'>p.</span> <span class='ocrx_word' id='word_1_547' title='bbox 943 2857 983 2880; x_wconf 81' lang='lat'>62.</span> 
     </span>
    </p>
   </div>
  </div>
 </body>
</html>
