2488 3386
452 351 516 383 474
1028 356 1343 379 ann'rULAnium
1378 354 1564 377 UNlVERS.
1601 354 1729 375 Pxnts.
2217 340 2316 377 [1388

454 433 611 466 Parisius
645 433 758 465 lactus
791 432 827 464 in
862 431 954 464 dicta
988 430 1154 463 facultate
1181 430 1223 463 ad
1260 429 1388 462 dictam
1423 428 1616 460 lectionem
1651 427 1896 460 matutinalem
1928 426 2118 471 legendam
2150 427 2316 460 admitte-⁴

452 499 567 539 batur,
587 498 650 531 sed
672 497 918 531 tantummodo
938 497 1130 537 licenciati,
1154 495 1346 529 bachalarii
1368 501 1427 527 aut
1447 494 1506 527 alii
1529 493 1699 526 doctores
1720 493 1871 526 aliorum
1895 493 2112 533 studiorum,
2132 493 2162 525 si
2183 493 2227 526 ad
2247 493 2315 526 hoc

450 565 582 610 ydonei
612 577 675 610 per
696 565 812 597 dictos
841 564 885 597 de
911 563 1067 608 collegio
1089 563 1265 595 dictorum
1290 561 1492 606 regentium
1515 560 1808 615 1¹eperiebantur3
1833 566 1868 593 et
1892 566 2082 605 postquam
2110 560 2251 593 fuerant
2271 560 2316 593 ad

452 632 579 664 dictam
602 631 794 664 lectionem
817 630 1011 675 prestando
1038 629 1182 661 solitum
1209 630 1452 673 juramentum
1477 627 1612 672 recepti
1640 633 1675 659 et
1702 627 1866 667 admissi,
1889 633 1966 660 esto
1989 626 2085 671 quod
2108 638 2172 671 per
2192 626 2317 671 plures

451 710 564 730 annos
586 697 714 730 dictam
735 697 926 729 lectionem
949 696 1138 741 legissent,
1157 695 1266 727 eciam
1290 706 1516 739 quacumque
1537 693 1748 726 auctoritate
1770 705 1835 726 seu
1857 693 2032 738 dignitate
2052 693 2314 738 prefulgerent,

452 776 602 797 necesse
622 763 800 796 habebam
820 775 913 796 anno
935 761 1098 807 quolibet
1119 773 1237 794 coram
1260 761 1366 793 dictis
1389 760 1432 793 de
1454 760 1611 803 collegio
1634 760 1670 792 in
1693 760 1802 793 missa
1824 772 1948 793 eorum
1966 766 2047 793 ante
2068 760 2199 793 festum
2221 760 2314 793 beati

452 830 638 863 Michaelis
669 842 708 862 se
740 836 1004 874 representare,
1037 827 1256 872 requirendo
1288 834 1320 860 et
1352 826 1591 871 supplicando
1621 827 1712 871 ipsis
1745 826 1976 868 doctoribus,
2007 834 2185 871 quatenus
2215 827 2315 872 ipsos

450 897 584 930 vellent
611 897 654 929 ad
685 896 872 941 legendam
901 895 1028 927 dictam
1061 894 1252 927 lectionem
1284 893 1529 926 matutinalem
1560 893 1596 925 in
1626 893 1718 926 festo
1748 893 1914 938 Dyonisii
1944 893 2108 938 proximo
2139 900 2315 938 sequente

451 963 629 1007 recipere,
652 962 738 995 alias
760 961 965 994 nullatenus
986 961 1030 993 ad
1056 961 1183 993 dictam
1210 960 1402 993 lectionem
1434 959 1678 992 matutinalem
1708 959 1899 1004 legendam
1927 959 2220 993 admittebantur.
2243 962 2315 993 Nec

451 1036 589 1074 poterat
604 1029 660 1062 vel
680 1028 830 1061 debebat
853 1028 983 1072 aliquis
1002 1027 1129 1060 dictam
1152 1027 1345 1060 lectionem
1364 1026 1609 1059 matutinalem
1627 1026 1765 1071 legere,
1785 1026 1866 1059 dato
1883 1026 1981 1071 quod
1998 1038 2037 1059 se
2054 1026 2176 1059 debite
2197 1038 2316 1072 repre-

450 1095 625 1128 sentando
647 1094 900 1139 supplicasset,
919 1094 988 1127 nisi
1010 1094 1178 1138 primitus
1200 1100 1368 1138 receptus
1386 1100 1482 1126 esset
1505 1105 1569 1138 per
1586 1093 1716 1126 dictam
1739 1093 1942 1126 facultatem
1966 1094 2219 1138 etjuramenta
2235 1105 2316 1126 con-

448 1168 547 1195 sueta
569 1161 800 1206 prestitisset,
819 1172 888 1205 que
910 1172 973 1205 per
995 1160 1127 1192 dictum
1153 1160 1197 1192 de
1220 1159 1342 1192 Brolio
1364 1159 1421 1193 vel
1443 1160 1479 1192 in
1502 1161 1581 1204 ejus
1603 1171 1759 1204 persona
1781 1160 1928 1192 minime
1949 1160 2092 1192 fuerant
2111 1159 2313 1194 observata.

448 1229 519 1260 Nec
542 1234 680 1272 poterat
703 1226 760 1259 vel
782 1226 936 1259 debebat
961 1226 1092 1270 aliquis
1116 1226 1205 1259 duas
1229 1225 1406 1259 lectiones
1430 1233 1463 1258 et
1483 1226 1635 1259 maxime
1657 1226 1702 1259 de
1724 1238 1827 1259 mane
1848 1233 1884 1259 et
1903 1226 1938 1259 in
1961 1226 2088 1271 primis
2110 1226 2232 1259 eadem
2256 1226 2314 1260 die

448 1294 583 1339 legere,
602 1293 830 1326 obstantibus
846 1293 1007 1337 juribus,
1025 1293 1166 1333 usibus,
1185 1293 1328 1326 statutis
1349 1299 1384 1326 et
1406 1293 1737 1326 consuetudinibus
1757 1293 1989 1338 supradictis.
2014 1294 2056 1325 Et
2077 1293 2107 1326 si
2129 1293 2248 1327 dictus
2269 1293 2314 1326 de

449 1361 583 1401 Brolio,
603 1367 790 1405 postquam
813 1360 927 1392 suerat
949 1359 1075 1392 doctor
1096 1360 1208 1392 Paris.
1227 1360 1263 1392 in
1281 1360 1374 1397 dicta
1395 1360 1576 1401 facultate,
1594 1359 1723 1393 dictam
1746 1360 1939 1393 lectionem
1957 1359 2201 1393 matutinalem
2219 1359 2314 1406 lege-

446 1434 509 1468 rat,
535 1427 601 1459 1100
623 1428 736 1459 fuerat
758 1427 801 1459 de
822 1427 943 1471 gracia
965 1426 1113 1471 speciali
1135 1426 1205 1459 sibi
1224 1427 1297 1471 nIpet·
1318 1426 1436 1460 dictos
1464 1426 1508 1459 de
1537 1426 1696 1472 collegio
1718 1438 1834 1472 usque
1857 1427 1901 1459 ad
1922 1439 2054 1459 annum
2078 1427 2258 1460 dumtaxat
2280 1433 2315 1460 et

446 1493 513 1526 sub
534 1493 760 1534 condicione,
780 1493 877 1537 quod
899 1505 971 1525 non
993 1499 1091 1525 esset
1111 1493 1168 1526 vel
1190 1500 1419 1538 reputaretur
1439 1505 1585 1538 regens,
1613 1493 1711 1538 quod
1736 1493 1877 1539 legeret
1898 1500 2064 1538 tanquam
2087 1493 2314 1527 baehalarius

445 1557 523 1592 sine
545 1553 628 1604 capa
651 1559 773 1600 rubea,
797 1572 868 1592 non
891 1566 1069 1604 repeteret
1092 1559 1251 1592 scolares
1273 1560 1512 1605 prisonarios,
1536 1572 1602 1593 nee
1623 1560 1783 1593 traderet
1802 1560 1893 1605 ipsis
1920 1559 2058 1593 litteras
2083 1560 2140 1593 vel
2166 1559 2314 1594 cedulas

447 1626 719 1667 testimoniales,
741 1633 772 1658 et
796 1626 892 1671 quod
921 1638 993 1658 non
1023 1626 1253 1671 participaret
1282 1627 1318 1659 in
1346 1626 1676 1660 distribucionibus
1697 1626 1998 1660 bachalariorum.
2021 1627 2134 1669 Quam
2156 1627 2312 1672 graciam

445 1700 628 1737 gratenter
653 1693 724 1735 (sic)
750 1699 1007 1737 acceptaverat.
1040 1694 1112 1725 Nec
1140 1693 1283 1726 fuerant
1302 1693 1489 1726 veterani
1518 1693 1636 1738 aliqua
1665 1700 1795 1726 statuta
1822 1693 1859 1726 in
1887 1693 2105 1726 contrarium
2134 1693 2311 1726 dictorum

439 1759 590 1804 jurium,
614 1759 885 1792 ordinacionum
914 1759 971 1792 vel
999 1766 1213 1792 statutorum
1237 1772 1299 1805 per
1320 1760 1437 1794 dictos
1459 1761 1503 1793 de
1523 1760 1690 1794 facultate
1713 1767 1966 1805 pretensorum
1988 1761 2090 1793 facta.
2114 1761 2166 1793 De
2188 1760 2313 1794 dictis-

444 1838 513 1870 que
530 1825 688 1869 juribus,
711 1825 930 1866 franchisiis,
952 1825 1195 1867 libertatibus,
1213 1827 1558 1869 consuetudinibus,
1575 1826 1830 1860 communibus
1852 1826 2102 1860 observanciis
2123 1833 2159 1860 et
2179 1826 2312 1860 emolu-

445 1892 574 1924 mentis
593 1893 735 1925 suerant
755 1899 790 1924 et
810 1899 910 1925 erant
934 1893 1059 1937 prefati
1082 1893 1125 1925 de
1147 1893 1304 1938 collegio
1328 1894 1410 1927 novi
1433 1894 1602 1927 dectores
1624 1893 1850 1928 Guillermus
1873 1893 1916 1927 de
1934 1894 2100 1927 Cantiers
2122 1900 2157 1926 et
2177 1893 2311 1927 hedelli

444 1958 478 1991 in
502 1959 736 2003 possessione
758 1965 793 1991 et
812 1959 959 2000 saisina,
982 1959 1194 2004 eisdemque
1216 1960 1518 2005 possessionibus
1539 1967 1574 1994 et
1594 1961 1741 1994 saisinis
1763 1960 1911 2005 pacifice
1933 1961 1990 1993 usi
2010 1960 2252 1993 fuerant....¹⁰.

531 2026 627 2067 Quas
644 2025 787 2069 quidem
810 2025 980 2058 litteras¹¹
1005 2038 1068 2070 per
1084 2026 1267 2059 bedellum
1283 2027 1491 2072 generalem
1509 2027 1545 2060 in
1560 2027 1671 2061 scolis
1687 2027 1772 2060 dicti
1793 2027 1838 2060 de
1856 2027 1979 2060 Brolio
1997 2033 2032 2060 et
2052 2026 2133 2060 aliis
2153 2027 2312 2060 fecerant

444 2091 636 2136 publicari,
660 2092 696 2123 in
717 2104 786 2136 qua
810 2091 1060 2136 publicacione
1081 2093 1243 2126 facienda
1272 2094 1432 2138 prefatus
1463 2094 1646 2135 bedellns,
1668 2101 1736 2127 tam
1764 2106 1829 2139 per
1854 2094 2014 2127 scolares
2035 2094 2072 2126 in
2094 2093 2204 2126 scolis
2225 2093 2312 2127 dicti

444 2158 487 2190 de
509 2158 630 2191 Brolio
650 2158 847 2191 existentes
872 2171 975 2203 quam
1004 2159 1108 2201 alios,
1133 2160 1223 2193 adeo
1250 2160 1482 2205 perturbatus
1504 2168 1539 2194 et
1559 2161 1756 2206 impeditus
1778 2161 1976 2202 exstiterat,
1999 2167 2067 2193 tam
2092 2172 2135 2193 ex
2156 2159 2310 2194 tumultu

444 2231 478 2256 et
498 2224 665 2265 clamore,
689 2237 791 2269 quam
810 2226 907 2269 jactu
934 2225 1107 2270 lapidum,
1130 2226 1291 2271 pulveris
1312 2234 1348 2260 et
1367 2228 1579 2261 straminum
1602 2228 1645 2260 ad
1666 2227 1805 2261 vultum
1827 2234 1862 2260 et
1884 2226 2032 2260 occulos
2054 2226 2139 2259 dicti
2161 2226 2309 2268 hedeni,

444 2291 580 2335 prefato
602 2291 645 2323 de
668 2291 788 2324 Brolio
812 2291 977 2335 jubente,
1006 2293 1228 2338 precipiente
1252 2301 1286 2327 et
1306 2294 1502 2339 instigante
1525 2295 1643 2336 factis,
1665 2295 1762 2340 quod
1791 2294 2000 2327 necessario
2021 2293 2078 2326 bis
2099 2293 2310 2338 compulsus

445 2357 559 2389 suerat
580 2357 692 2389 dictas
714 2357 830 2390 scolas
859 2359 969 2399 exire,
999 2359 1090 2404 ipsis
1117 2359 1247 2393 litteris
1275 2361 1420 2394 minime
1447 2361 1631 2406 perlectis.
1661 2363 1744 2406 lpse
1770 2361 1880 2394 eciam
1904 2360 1948 2393 de
1980 2359 2102 2392 Brolio
2128 2359 2165 2392 in
2186 2359 2307 2393 odium

447 2434 681 2466 processuum
704 2424 960 2468 predictorum,
979 2425 1094 2458 minas
1116 2426 1400 2472 quamplurimas
1421 2428 1538 2460 eidem
1560 2427 1705 2461 bedello
1727 2439 1870 2461 necnon
1890 2427 2027 2472 prefato
2045 2426 2247 2460 Guillermo
2264 2426 2309 2459 de

446 2489 623 2530 Cantiers,
648 2489 782 2522 decano
804 2497 838 2522 et
864 2490 943 2523 aliis
966 2491 1177 2525 doctoribus
1198 2493 1380 2526 intulerat.
1404 2495 1501 2537 Quas
1523 2495 1639 2528 minas
1665 2494 1708 2527 ad
1735 2494 1900 2527 effectum
1928 2493 2164 2538 producendo
2186 2499 2310 2537 quarta

446 2554 503 2586 die
531 2554 698 2588 Octobris
724 2556 780 2588 vel
807 2556 900 2588 circa
930 2557 1024 2590 dicto
1046 2570 1139 2591 anno
1164 2560 1308 2592 Domini
1339 2562 1390 2593 Μ0
1403 2561 1508 2594 CCC⁰
1532 2561 1758 2606 octogesimo
1789 2562 1996 2601 sex10,'sex
2021 2559 2078 2593 vel
2107 2566 2243 2604 septem
2272 2559 2309 2592 in

445 2620 508 2653 hac
530 2628 628 2665 parte
650 2622 845 2666 complices
862 2624 1096 2668 compatriote
1114 2625 1199 2658 dicti
1221 2626 1265 2658 de
1286 2627 1410 2660 Brolio
1428 2627 1592 2669 ensibus,
1611 2628 1741 2673 daguis
1758 2634 1794 2660 et
1808 2627 1889 2660 aliis
1906 2638 2085 2659 armorum
2108 2625 2309 2671 generibus

444 2687 636 2731 premuniti
658 2688 750 2720 circa
776 2688 898 2721 horam
930 2691 1059 2731 noctis,
1083 2693 1317 2737 precogitatis
1348 2694 1507 2736 insidiis,
1534 2701 1615 2727 ante
1643 2695 1789 2727 domum
1819 2693 1996 2727 dictorum
2029 2693 2160 2738 prioris
2190 2692 2309 2726 Sancti

443 2753 590 2798 Vigoris
613 2760 648 2786 et
675 2754 837 2798 magistri
856 2755 1030 2789 Johannis
1057 2757 1224 2791 Balduini
1245 2767 1484 2794 accesserant.
1508 2762 1608 2804 Quos
1630 2773 1710 2794 cum
1734 2761 1772 2793 in
1792 2761 1886 2794 dicta
1908 2760 2015 2793 domo
2037 2759 2184 2792 minime
2203 2759 2308 2804 'repe-

446 2819 591 2859 rissent,
622 2831 744 2852 eorum
768 2821 1007 2854 servitoribus
1032 2830 1066 2855 ct
1085 2824 1214 2857 vicinis
1238 2825 1401 2859 dixerant
1422 2833 1457 2859 et
1486 2834 1741 2872 exposuerant,
1768 2827 1866 2872 quod
1891 2827 1962 2872 ipsi
1987 2826 2122 2859 ibidem
2143 2837 2307 2858 accesse-

446 2892 522 2918 rant
539 2886 720 2918 ostensuri
738 2886 1008 2931 displicenciam
1026 2896 1059 2921 et
1076 2889 1257 2934 injuriam,
1276 2904 1379 2936 quam
1399 2893 1484 2926 dicti
1502 2894 1600 2938 prior
1617 2901 1652 2927 et
1666 2893 1850 2927 Johannes
1867 2892 2035 2926 Balduini
2055 2892 2145 2937 ipsis
2162 2891 2306 2925 armatis

567 2944 605 2967 60.
