2488 3386
203 345 300 382 1385]
619 359 664 380 An
699 358 805 380 ANNO
840 359 971 381 MCCCL
1006 359 1137 388 USQUE
1174 361 1220 382 An
1256 361 1518 384 ssizsanlc'rum
1554 364 1642 384 xiii.
1997 355 2060 388 347

200 432 286 472 rint,
303 431 455 465 salutem
473 432 509 464 in
527 431 681 464 Domino
699 437 734 464 et
753 432 930 464 mandatis
948 432 1083 465 nostris
1100 444 1180 477 ymo
1197 434 1320 466 verius
1337 435 1547 478 apostolicis
1563 435 1712 468 firmiter
1729 436 1890 470 obedire.
1910 438 2061 470 Litteras

201 497 421 531 sanctissimi
448 498 485 530 in
505 497 651 531 Christo
674 497 784 542 patris
813 504 848 530 et
874 497 1011 530 domini
1037 499 1152 531 nostri
1183 499 1320 532 domini
1350 500 1548 533 Clementis
1575 502 1658 545 vijffli
1687 502 1805 535 divina
1836 503 2059 547 providentia

202 571 431 598 sacrosancte
464 566 622 597 Romane
657 563 812 597 ecclesie
847 564 1008 608 predicte
1044 565 1173 597 summi
1210 566 1391 610 pontificis
1423 579 1506 599 vera
1536 579 1599 600 sua
1633 567 1728 600 bulla
1765 568 1931 612 plumbea
1962 582 2060 602 more

203 633 361 664 Romane
382 631 481 664 curie
502 631 538 663 in
555 630 626 663 filis
642 630 787 675 canapis
804 630 958 663 bullatas
976 642 1040 675 pro
1063 637 1161 675 parte
1185 632 1335 664 rectoris
1353 633 1606 666 Universitatis
1624 634 1838 667 parisiensis
1859 642 1891 667 et
1912 646 2060 668 venera-

203 697 329 730 bilium
351 697 509 731 virorum
533 696 628 730 dicte
650 696 904 730 Universitatis
926 697 1037 729 studii
1063 697 1204 730 noviter
1225 698 1331 731 nobis
1350 706 1573 743 prcsentatas
1595 712 1660 732 nos
1683 700 1865 744 recepisse
1887 702 2061 734 noveritis

204 776 283 797 cum
311 776 351 797 ea
375 776 443 809 qua
464 764 586 796 decuit
605 763 808 796 reverentia
831 764 867 795 in
893 763 959 796 hec
979 763 1090 796 verba
1113 776 1119 796 :
1145 779 1159 794 «
1184 764 1354 798 Clemens
1372 765 1565 810 episcopus
1589 779 1618 807 ³),
1642 771 1705 799 etc.
1724 772 1762 799 ut
1781 778 1890 811 supra
1907 772 1943 799 11ο
1965 769 2060 800 1505.

203 830 345 874 Quibus
367 830 547 875 siquidem
569 829 700 863 litteris
721 830 773 863 sic
794 830 1011 875 presentatis
1040 836 1074 863 et
1105 831 1259 876 receptis
1288 831 1421 864 fuimus
1452 844 1516 876 pro
1538 839 1636 877 parte
1658 832 1834 865 dictorum
1857 834 2008 866 rectoris
2030 840 2062 866 et

204 897 459 931 Universitatis
481 908 544 929 seu
568 897 819 941 deputatorum
840 897 1002 941 ejusdem
1021 909 1099 929 cum
1123 897 1291 930 instantia
1311 898 1476 943 requisiti
1498 899 1666 943 quatinus
1687 899 1729 931 ad
1751 899 1958 932 ulteriorem
1982 912 2064 944 pro-

204 964 434 997 secucionem
452 970 704 996 contentorum
722 963 759 995 in
776 963 882 996 dictis
903 963 1034 996 litteris
1051 964 1261 1008 apostolicis
1276 965 1377 1009 juxta
1398 965 1555 1009 ipsarum
1575 965 1828 998 continentiam
1848 972 1882 998 et
1903 973 2062 998 tenorem

205 1030 403 1076 procedere
426 1030 672 1075 dignaremur,
694 1029 905 1062 mandantes
927 1030 1028 1062 citari
1049 1030 1183 1063 dictum
1205 1031 1457 1063 cancellarium
1480 1038 1515 1064 et
1535 1044 1709 1076 sequaces
1731 1044 1818 1065 suos
1840 1032 2066 1077 subscriptos

206 1097 249 1131 ad
269 1104 402 1130 certam
424 1103 459 1130 et
478 1103 741 1142 competentem
765 1097 857 1129 diem
881 1108 1121 1141 processuros
1153 1109 1217 1130 seu
1247 1098 1395 1142 procedi
1416 1098 1560 1131 visuros
1581 1110 1699 1131 coram
1731 1098 1836 1131 nobis
1864 1110 1928 1131 seu
1955 1099 2067 1144 depu-

207 1164 325 1197 tandis
350 1176 368 1197 a
394 1163 501 1196 nobis
528 1175 607 1196 cum
635 1163 741 1196 dictis
769 1169 910 1196 rectore
936 1169 970 1196 et
998 1164 1244 1198 Universitate
1275 1176 1339 1196 seu
1369 1164 1612 1197 Universitate
1639 1171 1673 1197 et
1702 1171 1841 1198 rectore
1869 1166 2066 1198 eorundem

209 1230 389 1275 deputatis
409 1229 466 1263 vel
495 1229 803 1275 procuratoribus.
832 1229 937 1262 Unde
963 1241 1031 1262 nos
1056 1229 1245 1274 cupientes
1272 1230 1448 1263 mandatis
1472 1230 1682 1275 apostolicis
1710 1238 1918 1264 reverenter
1943 1243 2068 1276 parere

211 1304 250 1330 ut
280 1304 458 1337 tenemur,
491 1297 620 1329 dictam
651 1303 857 1341 requestam
882 1296 973 1341 juri¹
1002 1303 1037 1329 et
1062 1297 1191 1329 rationi
1219 1309 1414 1329 consonam
1444 1297 1669 1338 extimantes,
1700 1297 1804 1330 vobis
1833 1298 2001 1331 omnibus
2037 1304 2071 1331 et

210 1363 368 1409 singulis
394 1363 430 1396 in
451 1363 582 1396 virtute
611 1370 733 1396 sancte
755 1362 963 1396 obedientie
992 1370 1025 1395 et
1047 1363 1115 1395 sub
1137 1363 1241 1408 penis
1270 1370 1304 1396 et
1334 1364 1729 1405 excommunicationis,
1756 1376 1857 1408 quam
1888 1377 1951 1397 seu
1983 1376 2071 1409 quas

211 1429 248 1463 in
268 1442 334 1464 vos
364 1436 398 1463 et
426 1429 594 1475 singulos
618 1436 779 1463 vestrum
801 1429 953 1462 ferimus
981 1429 1052 1462 nisi
1081 1430 1240 1462 feceritis
1269 1430 1365 1474 quod
1396 1430 1621 1470 mandamus,
1643 1431 1805 1463 districte
1839 1431 2072 1475 precipiendo

212 1497 423 1530 mandamus
445 1497 627 1541 quatinus,
645 1496 735 1529 alter
750 1503 910 1530 vestrum
934 1496 1084 1529 alterum
1108 1508 1179 1529 non
1202 1503 1406 1541 expectans,
1425 1497 1544 1529 citetis
1566 1497 1807 1541 peremptorie
1829 1509 1946 1529 coram
1969 1497 2074 1530 nobis

212 1563 269 1596 vel
289 1563 396 1596 dictis
418 1562 636 1608 deputandis
657 1569 717 1595 aut
738 1562 919 1607 deputatis
946 1574 963 1595 a
992 1562 1099 1595 nobis
1128 1562 1164 1594 in
1192 1562 1299 1595 domo
1320 1561 1559 1595 habitacionis
1581 1569 1704 1595 nostre
1726 1563 1884 1595 Parisius
1910 1562 1952 1595 ad
1980 1563 2072 1595 diem

213 1630 328 1675 xijmam
349 1630 517 1663 instantis
539 1630 676 1662 mensis
697 1630 794 1670 Maii,
818 1630 889 1662 nisi
910 1630 1020 1662 suerit
1039 1629 1176 1670 seriata,
1200 1636 1282 1670 etc.,
1305 1629 1548 1662 venerabilem
1572 1629 1685 1662 virum
1713 1629 1925 1674 magistrum
1946 1629 2078 1662 Johan-

215 1709 295 1729 ncm
318 1696 534 1729 Blanchardi
555 1696 809 1729 cancellarium
837 1696 925 1729 eccl.
956 1697 1083 1737 Paris„
1114 1708 1207 1741 mag.
1235 1697 1271 1728 in
1300 1695 1424 1737 thcol.,
1452 1696 1645 1740 magistros
1672 1697 1813 1728 Petrum
1836 1695 1970 1736 Plaul‘2,
1993 1695 2078 1729 sub-

214 1763 468 1796 cancellarium
492 1775 598 1796 suum
619 1775 658 1796 se
680 1763 874 1803 dicentem,
901 1763 1087 1795 Nicolaum
1117 1763 1160 1795 de
1182 1763 1445 1803 Vaudemonte,
1469 1762 1693 1807 Flamingum
1716 1762 1761 1794 du
1785 1764 1954 1807 Martroy,
1977 1762 2079 1795 Guil-

216 1830 363 1863 lelmum
385 1831 528 1863 Gorren
550 1836 584 1862 et
610 1829 810 1863 Johannem
840 1829 989 1870 lloclen,
1013 1829 1176 1862 dicentes
1203 1841 1241 1862 sc
1272 1835 1506 1874 temptatores
1534 1836 1567 1861 ct
1598 1829 1859 1861 examinatores
1892 1841 1955 1874 pro
1984 1829 2078 1861 dicto

217 1897 432 1930 cancellario
454 1897 491 1929 in
508 1908 574 1929 suo
595 1897 827 1941 temptamine
845 1903 879 1929 et
900 1897 1063 1929 examine
1085 1896 1121 1928 in
1138 1896 1304 1928 facultate
1322 1896 1465 1936 artium,
1483 1896 1525 1928 ad
1543 1907 1718 1940 personas
1738 1896 1913 1940 ipsorum,
1933 1895 1962 1927 si
1980 1895 2080 1940 ipsos

217 1963 492 2008 apprehendere
510 1963 751 2008 personaliter
768 1963 949 2008 poteritis,
967 1962 1129 2007 alioquin
1146 1963 1189 1995 ad
1210 1962 1288 1995 loca
1309 1961 1575 1994 habitae-ionum
1594 1973 1658 1994 seu
1676 1961 1897 1994 domicilium
1920 1962 2079 2006 ipsorum

217 2030 275 2064 vel
295 2030 339 2063 ad
361 2032 537 2075 person'as
558 2036 832 2075 procuratorum
855 2041 1004 2062 suorum
1028 2030 1056 2062 si
1080 2041 1171 2074 quos
1193 2028 1359 2069 habeant,
1381 2029 1526 2061 visuros
1555 2040 1619 2073 per
1640 2040 1706 2060 nos
1727 2028 1875 2072 procedi
1896 2027 1952 2061 vcl
1974 2028 2081 2072 depu-

221 2103 312 2129 tatos
333 2103 393 2129 aut
419 2096 647 2141 deputandos
669 2096 854 2141 predictos
876 2108 987 2141 super
1008 2096 1270 2128 insorinacione
1291 2095 1453 2127 facienda
1475 2095 1679 2133 summarie,
1704 2094 1918 2138 simpliciter
1938 2106 1976 2126 ac
2005 2094 2082 2127 sine

220 2164 373 2208 strepitu
395 2170 429 2196 et
450 2164 564 2208 figura
580 2163 711 2208 judicii
733 2163 776 2196 de
799 2163 1033 2208 prenarratis,
1057 2163 1161 2195 etiam
1184 2161 1504 2206 extrajudicialiter
1520 2162 1620 2205 juxta
1648 2162 1795 2193 sormam
1826 2161 1997 2193 dictarum
2026 2160 2083 2192 lit-

221 2238 377 2263 terarum
406 2230 686 2275 apostolicarum
713 2230 976 2262 continenciam
1006 2236 1040 2262 et
1069 2236 1229 2262 tenorem
1260 2235 1366 2273 prout
1394 2228 1502 2260 suerit
1533 2227 1705 2267 racionis3
1740 2239 1882 2259 necnon
1911 2233 1945 2259 et
1974 2238 2084 2271 super

221 2297 312 2342 ipsis
342 2297 562 2342 prenarratis
590 2297 696 2329 dictis
727 2297 860 2329 rectori
888 2303 923 2329 et
952 2296 1187 2329 Universitati
1209 2295 1266 2328 vel
1294 2295 1474 2339 deputatis
1502 2306 1566 2327 seu
1596 2293 1893 2338 procuratoribus
1921 2293 2081 2338 ipsorum

223 2364 320 2408 quod
336 2364 476 2408 justum
497 2363 606 2396 suerit
626 2375 884 2408 responsuros,
903 2362 1010 2395 nobis
1032 2362 1188 2395 fideliter
1206 2361 1450 2394 rescribentes
1472 2361 1562 2393 infra
1584 2360 1711 2392 dictam
1734 2360 1826 2392 diem
1849 2372 1927 2392 cum
1950 2360 2084 2392 inserta

222 2430 335 2462 forma
367 2430 590 2474 presentium
622 2429 666 2462 de
696 2429 767 2462 hiis
794 2441 864 2474 que
894 2429 1054 2462 feceritis
1085 2429 1120 2461 in
1153 2428 1355 2473 premissis.
1388 2428 1515 2459 Datum
1549 2426 1708 2458 Parisius
1736 2426 1772 2457 in
1798 2426 1957 2470 predicta
1978 2425 2084 2458 domo

224 2496 463 2529 habitacionis
484 2503 608 2529 nostre
630 2496 688 2528 die
709 2508 753 2528 xv
769 2495 906 2540 Aprilis
928 2507 1020 2528 anno
1044 2495 1187 2527 Domini
1210 2494 1403 2526 millesimo
1420 2493 1549 2526 CCCm⁰
1570 2492 1794 2537 octogesimo
1816 2492 1954 2536 quinto,
1977 2492 2087 2524 indic-

226 2563 323 2596 tione
344 2563 419 2606 viij,
443 2563 673 2608 pontificatus
695 2563 848 2608 predicti
870 2562 1006 2595 domini
1029 2562 1143 2594 nostri
1165 2573 1254 2606 pape
1276 2571 1369 2593 anno
1390 2560 1451 2604 vij.

319 2673 396 2696 Arch.
410 2674 467 2696 vat.
487 2674 595 2697 Collect.
611 2678 639 2696 n⁰
651 2674 706 2702 440,
723 2674 768 2697 fol.
783 2673 866 2696 8b-11.

320 2771 344 2794 1.
362 2771 410 2794 Mu.
428 2779 433 2794 ·.
454 2781 465 2792 α
482 2771 542 2793 iniri
557 2780 578 2794 ».
594 2784 625 2789 —·
639 2772 662 2794 2.
681 2771 741 2793 Fuit
756 2770 838 2793 dioec.
856 2770 992 2793 Lcodiens.
1009 2773 1033 2792 ct
1051 2768 1221 2792 sorbonicus.
1240 2769 1286 2790 An.
1303 2767 1364 2790 1393
1382 2766 1472 2789 licenc.
1490 2766 1515 2788 in
1539 2766 1617 2789 theol.
1638 2770 1677 2789 est
1701 2775 1713 2789 0
1736 2766 1823 2790 Οαῑαῖ.
1846 2766 1936 2789 licent.
1955 2765 2044 2787 Exstat
2065 2763 2089 2785 in

228 2814 296 2837 Bibl.
313 2818 366 2838 nat.
383 2815 466 2838 Paris.
481 2824 529 2838 1115.
546 2815 591 2838 lat.
604 2815 679 2838 15897
691 2815 747 2846 ejus
761 2815 894 2846 Scriptum
906 2823 986 2845 super
999 2813 1156 2837 Scntentias.
1173 2813 1208 2835 De
1223 2812 1299 2834 libris
1311 2811 1428 2842 ejusdem
1444 2810 1577 2833 Sor-bonae
1591 2810 1684 2841 legatis
1698 2810 1750 2832 vid.
1764 2810 1868 2836 Delisle,
1882 2810 1944 2833 Cal).
1956 2810 1999 2831 des
2015 2814 2087 2834 mss„

229 2859 260 2888 Il,
278 2859 331 2883 169.
348 2861 395 2883 An.
415 2860 484 2885 1409.
500 2859 593 2883 Octob.
608 2860 630 2888 2,
650 2861 733 2882 sactus
753 2863 793 2882 est
808 2859 865 2890 ipse
887 2868 897 2882 «
917 2868 937 2882 s.
954 2858 1050 2890 pagine
1066 2858 1176 2881 eximius
1196 2858 1331 2887 prosessor
1347 2865 1358 2877 »
1381 2855 1461 2886 episc.
1479 2855 1666 2877 Silvanectens.
1686 2854 1770 2883 (Ax-ch.
1785 2855 1841 2876 Vat.
1859 2854 1911 2880 ΧΠ,
1929 2853 1980 2880 121,
1997 2861 2023 2883 p.
2044 2852 2090 2880 15).

230 2911 242 2926 «
255 2903 346 2926 Plaoul
358 2912 369 2926 »
382 2912 427 2927 seu
441 2904 528 2935 potius
543 2913 555 2925 κ
568 2904 676 2935 Playoul
688 2913 709 2932 »,
723 2912 774 2927 non
790 2904 880 2932 Plaou,
892 2911 983 2926 verum
997 2911 1089 2925 nomen
1103 2905 1151 2931 est,
1163 2909 1208 2924 nec
1224 2900 1304 2923 scribi
1321 2900 1397 2923 debet
1413 2908 1423 2919 ’τ
1437 2900 1469 2922 de
1482 2899 1563 2922 Plaou
1575 2907 1596 2927 11,
1609 2907 1666 2921 011111
1683 2907 1732 2921 non
1747 2898 1780 2921 sit
1795 2906 1887 2920 nomen
1904 2896 2014 2926 alicujus
2031 2895 2089 2918 loci,
