2488 3386
454 325 517 358 576
1027 328 1347 352 CHARTULARIUM
1383 326 1572 348 UNlVEns.
1611 326 1741 347 PARls.
1841 311 1848 313 “
2046 312 2048 315 ⁴
2217 312 2317 349 [1379

454 408 498 440 de
520 409 720 439 Pertusone
747 404 940 438 Normanie
968 404 1151 436 nationum
1180 407 1448 447 procuratoreS,
1475 399 1659 433 Johannes
1687 399 1731 432 de
1759 399 1987 432 Bellomonte
2013 405 2048 431 et
2077 398 2247 432 Nicotaus
2273 398 2317 432 de

454 473 625 507 Oliveriis
647 472 809 517 magistri
838 471 874 503 in
902 470 1068 503 facultate
1093 469 1286 509 medicine,
1312 469 1440 500 Petrus
1467 466 1598 499 Blondi
1627 473 1661 499 et
1687 467 1816 499 Petrus
1842 466 1886 498 de
1912 466 2127 510 Lupimonte
2149 465 2317 498 doctores

455 540 492 572 in
512 539 678 572 facultate
700 538 943 578 decretorum,
967 549 1006 570 ac
1029 537 1161 581 Symon
1182 536 1319 567 Freron
1345 540 1380 566 et
1404 534 1514 566 frater
1534 532 1719 566 Johannes
1740 532 1936 566 deSancto
1957 532 2106 565 Nazario
2127 531 2215 565 Ord.
2237 531 2316 564 frat.

455 607 561 639 Min.¹
590 617 691 638 sacre
713 604 897 648 theologie
926 604 1169 648 professores,
1197 600 1357 646 deputati
1385 612 1449 645 per
1470 599 1599 632 dictam
1624 599 1904 632 Universitatem
1927 598 2038 632 studii
2066 598 2317 639 Parisiensis2,

456 679 494 705 ut
521 671 702 712 dicebant,
725 671 768 704 ad
798 670 1040 703 refferendum
1071 668 1218 701 domino
1249 673 1374 700 nostro
1403 666 1481 711 regi
1509 666 1793 699 deliberationes
1819 665 2043 711 singularum
2074 665 2257 698 nationum
2285 671 2320 698 et

454 739 661 772 facultatum
675 738 769 771 dicte
782 736 1037 770 Universitatis
1054 736 1091 768 in
1106 734 1391 780 congregatione
1405 733 1568 783 generali
1584 733 1678 778 apud
1696 734 1864 766 Sanctum
1883 732 2106 766 Bernardum
2122 732 2317 766 Parisiens.

456 805 659 851 regentium
675 812 710 837 et
726 817 797 837 non
816 804 1018 849 regentium
1037 802 1238 835 solenniter
1253 801 1311 834 die
1326 800 1497 834 vicesima
1514 807 1613 833 sexta
1630 800 1767 833 mensis
1784 799 1938 845 predicti
1954 800 2056 840 facta,
2070 811 2151 832 cum
2164 798 2321 832 bedellis

457 879 491 905 et
516 872 596 904 aliis
623 870 903 904 solennitatibus
930 870 966 902 111
992 868 1124 902 talibus
1151 880 1215 913 per
1235 868 1364 900 dictam
1387 866 1668 900 Universitatem
1690 866 1878 899 observari
1903 866 2090 899 consuetis
2117 865 2159 898 ad
2186 866 2322 898 Nemus

455 939 699 972 Vicennarum
721 938 757 970 in
779 944 877 970 turre
899 936 984 969 dicti
1006 936 1077 968 1001
1098 941 1277 968 venerunt
1297 941 1332 967 et
1352 934 1395 967 ad
1417 945 1609 979 personam
1632 933 1770 966 domini
1790 933 1906 966 nostri
1934 933 2033 978 regis
2060 932 2213 978 predicti
2240 943 2322 977 per-

457 1005 631 1038 sonaliter
651 1010 897 1044 accesserunt,
920 1010 955 1035 et
982 1003 1017 1035 in
1045 1002 1229 1047 presentia
1249 1001 1366 1046 ipsius
1392 1000 1530 1033 domini
1556 1000 1671 1033 nostri
1693 1000 1792 1045 regis
1813 1012 1852 1033 30
1874 999 2265 1033 1ον01011(11551111010111
2285 998 2322 1032 111

456 1071 602 1105 Christo
625 1071 785 1115 patrum³
806 1069 940 1102 ibidem
963 1069 1208 1109 existentium,
1227 1067 1399 1101 videlicet
1426 1067 1655 1100 dominorum
1680 1093 1701 1099 ..
1724 1067 1992 1107 Lemovicens.,
2013 1066 2058 1099 de
2078 1065 2273 1111 Agrifolio,
2299 1091 2320 1099 ..

457 1139 658 1171 Pictavens.
682 1144 716 1170 et
739 1163 759 1169 ..
783 1137 942 1169 Eduens.
967 1143 1090 1169 sancte
1112 1137 1213 1168 Rom.
1242 1134 1329 1168 0001.
1353 1134 1612 1167 031(11113110111”
1633 1146 1699 1166 1100
1726 1146 1800 1167 11011
1821 1133 2133 1166 nobilissimorum
2157 1132 2323 1166 domino-

457 1217 535 1237 rum
563 1211 597 1237 et
624 1204 827 1249 principum
857 1203 960 1235 ducis
985 1203 1258 1248 Andegavens.⁷
1286 1201 1410 1234 Kar-oli
1438 1201 1502 1234 filii
1533 1200 1768 1246 primogeniti
1801 1201 1900 1246 regis
1928 1201 2096 1241 Navarre,
2124 1199 2323 1233 Johannis‘

456 1271 599 1304 comitis
621 1270 664 1303 (10
687 1270 872 1302 Haricuria
894 1276 929 1302 et
950 1269 1106 1314 plurium
1129 1269 1282 1301 aliorum
1304 1268 1480 1301 baronum
1504 1274 1538 1300 et
1558 1267 1726 1308 militum,
1744 1267 2104 1311 reverendorumque
2124 1266 2162 1299 in
2178 1265 2324 1300 Christo

458 1344 597 1382 patrum
618 1363 638 1369 ..
655 1336 901 1376 Laudunens.,
923 1363 943 1368 ..
960 1336 1192 1375 Parisiens.⁵,
1214 1362 1235 1368 ..
1255 1334 1466 1368 Belvacens.
1480 1335 1490 1352 ⁷
1508 1341 1543 1367 et
1562 1361 1581 1366 ..
1599 1334 1816 1367 Sarlatens.⁸
1838 1334 2096 1379 episcoporum
2117 1339 2153 1366 et
2171 1332 2323 1366 aliorum

458 1404 613 1448 plurium
642 1403 871 1435 dominorum
903 1402 1037 1435 ibidem
1066 1402 1329 1442 assistentium,
1359 1402 1520 1447 prefatus
1549 1401 1723 1444 magister
1750 1401 1883 1446 Symon
1911 1401 2067 1433 Freron⁹
2094 1411 2196 1433 sacre
2223 1398 2326 1433 theo-

458 1470 555 1515 logie
577 1470 765 1515 professor
786 1476 930 1514 sumpto
960 1469 1114 1502 themate
1143 1470 1212 1502 et¹⁰
1241 1468 1431 1514 proposito
1451 1468 1563 1501 verbo
1595 1468 1660 1500 Dei
1690 1467 1907 1512 regratiatus
1934 1467 2001 1500 fuit
2030 1478 2071 1499 ex
2100 1473 2201 1512 parte
2231 1466 2325 1499 dicte

459 1537 714 1569 Universitatis
741 1536 857 1569 eidem
881 1536 1028 1569 domino
1050 1542 1177 1568 nostro
1200 1536 1279 1580 regi
1301 1547 1343 1568 ex
1370 1542 1405 1568 et
1430 1547 1494 1580 pro
1517 1547 1573 1576 eo,
1601 1534 1699 1580 quod
1725 1541 1793 1567 tam
1823 1534 1880 1579 pie
1907 1540 1941 1566 et
1969 1533 2129 1579 henigne
2155 1533 2326 1578 dignatus

458 1604 574 1636 fuerat
589 1603 743 1636 exortari
766 1603 915 1635 eandem
939 1615 1003 1647 pro
1020 1603 1170 1636 veritate
1187 1609 1222 1635 et
1236 1602 1378 1647 justitia
1395 1601 1623 1635 sustinendis
1644 1602 1715 1634 in¹¹
1733 1601 1826 1634 sacto
1843 1600 2059 1634 intrusionis
2081 1599 2327 1633 Bartholomei

459 1669 544 1702 olim
568 1670 738 1702 Barensis
758 1669 1038 1714 archiepiscopi,
1061 1669 1243 1703 invasoris
1271 1675 1306 1702 et
1333 1668 1536 1702 detentoris
1565 1667 1765 1713 apostolice
1790 1667 1908 1708 sedis;
1935 1674 1969 1700 et
1989 1666 2122 1700 deinde
2144 1666 2329 1700 excusavit

460 1736 655 1781 predictam
678 1736 958 1769 Universitatem
988 1736 1032 1769 de
1062 1736 1197 1781 longua
1226 1747 1324 1769 mora
1353 1747 1417 1781 per
1443 1736 1557 1780 ipsam
1585 1735 1675 1768 facta
1696 1734 1769 1767 in¹²
1791 1733 2029 1767 deliberando
2050 1733 2189 1778 pluries
2210 1739 2246 1766 et
2265 1743 2330 1778 per

459 1802 608 1847 longum
632 1809 787 1847 tempus,
814 1810 1003 1847 antequam
1033 1815 1072 1835 se
1100 1815 1211 1848 super
1238 1802 1307 1835 hoc
1336 1802 1547 1843 declararet,
1575 1801 1731 1834 dicendo
1753 1801 1851 1846 quod
1878 1801 1947 1834 1100
1967 1801 2102 1833 fecerat
2122 1799 2216 1833 dicta
2241 1799 2330 1833 Uni-

460 1869 613 1901 versitas
635 1876 784 1914 propter
804 1869 1017 1902 arduitatem
1039 1870 1178 1915 negotii
1206 1876 1241 1902 et
1268 1879 1306 1902 ut
1332 1881 1397 1915 per
1418 1869 1588 1902 solertem
1613 1868 1914 1901 examinationem
1939 1867 2073 1900 veritas
2099 1865 2275 1899 maturius
2296 1871 2331 1899 et

460 1935 601 1968 firmius
621 1942 822 1980 appareret,
845 1936 1084 1981 supplicando
1107 1936 1223 1969 eidem
1247 1936 1394 1969 domino
1416 1942 1541 1969 nostro
1565 1935 1642 1981 regi
1664 1935 1760 1980 quod
1782 1935 1813 1968 si
1834 1934 2038 1980 aliqualiter
2059 1933 2220 1979 predicta
2241 1932 2330 1966 Uni-

462 2002 615 2035 versitas
637 2002 838 2035 tardaverat
858 2015 968 2047 super
988 2003 1230 2048 responsione
1252 2003 1322 2036 sibi
1347 2003 1498 2036 danda¹³
1520 2014 1631 2048 super
1652 2003 1719 2035 ista
1740 2002 1900 2043 materia,
1922 2000 2019 2046 quod
2045 1989 2155 2034 vellet
2179 1998 2330 2032 eandem
2355 1991 2358 1993 ⁵

464 2068 743 2101 Universitatem
774 2068 908 2101 habere
938 2077 1141 2102 excusatam
1164 2071 1266 2114 juxta
1287 2069 1378 2102 illud
1399 2069 1532 2102 dictum
1555 2069 1728 2115 Gregorii
1750 2069 1787 2101 in
1808 2068 1983 2102 Omelia¹⁴
2007 2079 2014 2100 ε
2039 2082 2053 2098 «
2077 2067 2199 2100 Minus
2219 2065 2331 2099 Maria

465 2135 622 2178 prestitit
642 2147 711 2179 que
733 2135 803 2167 cito
826 2136 993 2178 credidit,
1019 2149 1123 2181 quam
1146 2136 1303 2169 Thomas
1325 2137 1385 2181 qui
1409 2136 1545 2169 diutius
1567 2127 1744 2169 dubitavit
1766 2149 1797 2177 »,
1822 2135 1999 2168 refferens
2018 2145 2091 2179 pro
2115 2132 2332 2167 conclusione

453 2200 604 2244 βηαῖί15
627 2202 786 2245 prefatus
808 2202 981 2247 magister
998 2203 1144 2247 Symon,
1162 2203 1239 2236 vice
1258 2210 1292 2236 et
1313 2203 1459 2235 nomine
1477 2203 1571 2235 dicte
1589 2202 1845 2236 Universitatis
1867 2201 2022 2234 nuncius
2043 2200 2087 2233 ad
2107 2199 2175 2232 hoc
2196 2199 2332 2232 missus

466 2267 570 2299 una¹⁶
593 2279 671 2300 cum
702 2269 849 2312 prefatis
880 2269 1078 2314 magistris,
1103 2270 1240 2314 prefato
1267 2270 1415 2302 domino
1437 2276 1562 2302 nostro
1589 2272 1668 2315 regi
1696 2269 1732 2302 in
1758 2268 1940 2314 presentia
1961 2267 2121 2300 omnium
2144 2273 2179 2299 et
2205 2265 2332 2310 singu-

468 2333 582 2365 lorum
618 2333 752 2366 ibidem
788 2335 1034 2377 existentium,
1066 2337 1163 2381 quod
1199 2337 1293 2369 dicta
1326 2337 1553 2369 Universitas
1583 2335 1779 2369 adherebat
1809 2342 1844 2368 et
1877 2334 2052 2367 adherere
2087 2331 2332 2366 intendebat¹⁷

469 2399 636 2432 (10001010
668 2401 804 2445 prefato
836 2402 983 2435 domino
1011 2409 1137 2435 nostro
1168 2403 1347 2437 Clementi
1381 2415 1471 2448 pape
1501 2403 1656 2448 septimo
1686 2409 1853 2447 tanquam
1884 2413 1970 2434 vero
2004 2412 2093 2445 pape
2124 2406 2159 2432 et
2192 2410 2333 2432 summo

471 2466 642 2509 pontifici.
674 2468 724 2499 De
752 2474 786 2500 et
814 2480 924 2513 super
950 2469 1083 2513 quibus
1111 2469 1281 2502 omnibus
1309 2477 1343 2502 et
1371 2470 1564 2515 singulis¹⁸
1587 2469 1760 2514 magister
1780 2468 1944 2500 Amelius
1970 2467 2013 2499 de
2045 2466 2204 2499 Brolio¹⁹
2226 2465 2334 2511 peciit

471 2531 540 2564 sibi
568 2531 646 2564 fieri
675 2540 709 2565 et
735 2533 863 2566 confici
894 2547 957 2579 per
978 2547 1033 2567 me
1062 2536 1240 2568 notarium
1271 2536 1519 2581 subscriptum
1546 2548 1657 2568 unum
1679 2535 1737 2568 vel
1767 2535 1867 2579 plura
1897 2533 2083 2579 publicum
2103 2532 2161 2566 vel
2191 2531 2335 2577 publica

471 2597 749 2631 instrumentum
776 2599 833 2632 vel
861 2600 1111 2634 instrumenta.
1141 2603 1379 2636 Presentibus
1408 2603 1452 2635 ad
1483 2602 1549 2635 hec
1579 2601 1748 2635 discretis
1774 2601 1862 2634 viris
1894 2600 2077 2645 magistris
2101 2599 2265 2633 Johanne
2290 2598 2334 2631 de

472 2663 614 2705 Calore,
642 2664 796 2697 ecclesie
825 2667 1042 2700 Parisiensis
1067 2667 1299 2711 cancellario,
1327 2671 1479 2714 Hugone
1510 2667 1710 2709 Blancheti,
1734 2667 1909 2700 canonico
1937 2666 2148 2707 Parisiensi,
2171 2664 2336 2699 Johanne

473 2730 614 2762 Danton
642 2731 801 2772 seniore,
825 2732 1013 2777 Radulpho
1036 2733 1188 2775 Odonis,
1217 2735 1364 2768 domino
1386 2735 1534 2768 Nicolao
1555 2734 1707 2775 Thome,
1735 2734 1890 2778 Symone
1916 2732 2067 2774 Thome,
2088 2731 2223 2775 Jacobo
2250 2732 2337 2764 For-

473 2796 569 2837 rarii,
599 2796 861 2841 principalibus
893 2797 1047 2831 bedellis
1076 2800 1283 2834 facultatum
1318 2799 1516 2847 theologie,
1550 2801 1778 2834 decretorum
1808 2807 1843 2832 et
1872 2799 2064 2840 medicine,
2097 2797 2337 2844 pluribusque

473 2861 552 2894 aliis
574 2862 729 2896 testibus
750 2863 793 2896 ad
815 2865 990 2908 premissa
1012 2867 1148 2899 vocatis
1169 2866 1376 2912 specialiter
1397 2875 1431 2901 et
1452 2867 1602 2913 rogatis.
