2488 3386
178 322 273 359 1387]
593 334 639 356 ΑΒ
674 333 778 355 Δ»111110
812 333 944 355 MCCCL
977 334 1108 362 USQUE
1144 335 1191 356 An
1227 335 1490 358 nemmem-um
1524 337 1614 358 xui.
1975 327 2040 360 449

174 410 266 444 gratia
279 410 310 436 in
326 410 414 436 rotulo
427 409 545 435 nationis
560 409 707 437 Gallicane.
722 409 785 433 ante
799 408 1050 434 determinationem
1069 409 1256 434 animer-sitatis
1272 410 1517 444 Pa1·1'siensis·'³'per
1530 411 1652 436 eandam
1667 413 1755 437 sanct.
1770 413 1836 437 vest.
1850 412 1901 437 sibi
1912 413 1982 438 sacta
1998 412 2043 447 [de

174 467 238 485 can.
255 459 322 485 eccl.
338 459 438 492 colleg.
457 458 483 484 S.
499 457 636 484 Germani
651 456 806 482 Autissiod.
824 455 932 491 Paris.].

264 508 337 533 Item
352 507 483 533 Alberico
498 506 608 534 Divitis.
626 506 656 531 in
671 506 725 530 art.
742 506 770 531 et
785 505 862 530 med.
880 513 970 538 mag,
985 505 1171 530 Laudunens.
1189 505 1262 532 dioc.

264 556 338 581 Item
354 555 474 588 Symoni
486 554 627 587 Alligreti,
642 553 777 586 subdyac.
795 553 964 579 Bituricens.
982 553 1068 583 dioc..
1083 553 1113 578 in
1129 553 1206 579 med.
1224 555 1252 579 et
1271 556 1325 579 art.
1342 555 1393 580 sac.
1412 563 1488 588 mag.
1508 557 1535 581 et
1550 556 1579 581 iu
1596 556 1671 581 dicta
1687 556 1738 581 sac.
1756 556 1832 582 med.
1849 558 1915 582 actu
1931 557 2042 590 regenti

176 604 308 630 Parisius.

264 654 338 679 Item
354 652 493 678 Gausrido
508 651 689 684 Malipiperis.
706 651 842 684 subdyac.
859 650 1021 676 Ebroicens.
1038 650 1124 679 dioc..
1142 658 1219 683 mag.
1238 651 1267 676 in
1280 652 1334 676 art.
1349 653 1378 677 et
1393 652 1469 678 med.
1487 654 1613 685 actuque
1628 653 1739 686 regenti
1755 653 1784 678 in
1798 654 1908 679 eadem.

265 702 338 727 Item
354 701 454 726 Abrito
469 700 504 726 de
518 700 655 727 Pratellis.
671 699 766 732 presb.
784 699 1007 725 Cathalaunens.
1026 699 1112 728 dioc.,
1127 699 1157 724 in
1173 701 1226 725 art.
1250 701 1278 725 et
1302 700 1379 726 med.
1404 708 1481 733 mag.
1499 702 1660 734 curatoque
1679 702 1812 734 pari-och.
1834 703 1900 727 eccl.
1926 702 1952 727 S.
1977 702 2040 728 Ste—

176 750 267 783 phani
282 750 414 775 Remens.

266 799 338 824 Item
354 797 481 823 Guidoni
497 797 628 826 Guerini,
642 797 736 830 presb.
754 796 949 822 Suessionens.
966 796 1060 829 dyoc..
1078 804 1155 830 mag.
1172 796 1202 822 in
1218 798 1271 822 art.
1294 798 1321 822 et
1341 797 1417 823 med.
1435 799 1460 823 et
1483 798 1559 823 stud.
1585 798 1706 823 Parisius
1726 798 1756 823 in
1774 798 1874 827 theol,
1892 799 2042 832 quondam

177 847 281 873 rectori
293 846 490 872 Universitatis
505 846 590 871 Paris.

266 896 339 921 Item
354 895 481 921 Johanni
493 895 528 920 de
541 895 638 920 Monte
652 894 794 923 Nantolio,
810 894 915 927 presb..
930 901 1007 926 mag.
1023 893 1053 919 in
1068 895 1122 919 art.
1140 895 1168 920 et
1181 894 1257 920 med.

266 945 340 970 Item
355 944 468 970 Nicolao
483 943 641 972 Duriscuti,
654 950 732 976 mag.
749 943 780 968 in
796 944 849 968 art.
866 943 895 968 et
910 942 987 968 med.
1005 950 1065 968 non
1082 942 1217 975 practico,
1233 943 1263 968 in
1279 943 1385 976 quinto
1400 951 1478 969 anno
1494 951 1544 969 sue
1558 944 1716 970 auditionis
1728 944 1758 969 in
1773 945 1861 970 theol.

266 993 340 1019 Item
355 993 468 1018 Matheo
485 992 646 1025 Reginaldi,
662 992 728 1017 cler.
751 991 928 1017 Atrebatens.
945 991 1031 1020 dioc..
1052 999 1129 1024 mag.
1152 991 1182 1016 in
1203 993 1255 1016 art.
1277 993 1302 1016 01
1328 992 1416 1022 med„
1438 992 1590 1025 quondam
1613 993 1715 1018 rectori
1738 993 1933 1018 Universitatis
1957 993 2042 1018 Paris.

179 1041 351 1074 medicoque
365 1041 554 1067 commensali
570 1040 755 1066 illustrissimi
770 1040 908 1073 principis
920 1039 1034 1065 domini
1049 1040 1130 1065 ducis
1144 1040 1296 1066 Turonie'u

268 1091 352 1119 Item,
366 1090 528 1115 beatissime
548 1091 638 1123 pater,
656 1089 812 1122 exponitur
833 1088 977 1114 sanctitati
992 1090 1083 1114 vestre
1103 1096 1156 1121 pro
1172 1090 1252 1121 parte
1269 1089 1364 1114 devoti
1382 1089 1465 1114 vestri
1484 1089 1603 1115 Gerardi
1625 1089 1749 1122 Pignoti,
1766 1090 1846 1123 quod
1861 1098 1929 1116 cum
1945 1090 2045 1116 eadem

179 1139 313 1165 sanctitas
326 1140 417 1165 vestra
429 1138 545 1164 dudum
559 1138 589 1163 in
604 1138 698 1171 prima
711 1138 754 1163 sui
768 1137 913 1164 creatione
925 1137 997 1163 duas
1010 1137 1220 1170 cxpectationes
1234 1137 1287 1162 sub
1297 1137 1398 1163 eadem
1411 1138 1487 1167 data,
1502 1138 1631 1164 videlicet
1644 1146 1679 1163 xv
1692 1139 1747 1163 kal.
1763 1139 1898 1164 Decemb.
1914 1139 2045 1172 pontific.

178 1189 310 1222 ejusdem
326 1188 483 1213 sanctitatis
498 1195 576 1213 anno
591 1187 698 1221 primo,
718 1187 815 1213 fecerit
834 1186 927 1212 eidem
944 1186 1072 1212 Germ-do
1095 1186 1219 1219 Pignoti.
1236 1187 1369 1212 Remens.
1386 1186 1480 1219 dyoe,
1495 1188 1567 1212 111110
1586 1187 1616 1212 111
1637 1189 1702 1216 (ιι-1.,
1720 1195 1800 1213 nunc
1815 1195 1880 1213 vcro
1900 1187 1930 1213 in
1950 1189 2004 1213 art.
2021 1189 2049 1213 et

181 1237 258 1263 med.
277 1244 367 1270 mag..
382 1236 513 1262 videlicet
533 1243 626 1261 unam
641 1237 786 1270 antequam
805 1235 971 1261 L'niversilas
986 1235 1076 1260 Paris.
1095 1236 1162 1260 esset
1184 1243 1237 1267 pro
1258 1237 1340 1268 parte
1360 1235 1466 1261 sanctit.
1491 1237 1578 1261 vestre
1598 1236 1736 1261 declarata
1758 1236 1787 1261 in
1810 1236 1939 1269 quodam
1960 1237 2047 1262 rotato

180 1293 233 1319 pro
249 1287 330 1319 parte
346 1285 555 1317 magistrorum
571 1285 601 1310 in
617 1285 727 1310 artibus
742 1284 859 1310 nationis
874 1283 990 1310 Francie
1005 1283 1080 1309 dicte
1095 1283 1293 1309 [niversilatis
1310 1283 1404 1309 eidem
1421 1285 1509 1309 sanct.
1527 1286 1595 1310 vest.
1614 1286 1792 1317 presentato:
1809 1286 1835 1310 et
1851 1285 1947 1310 deinde
1963 1285 2048 1310 aliam

179 1335 211 1360 in
226 1334 282 1360 alio
297 1341 395 1368 magno
408 1334 496 1359 rotulo
509 1333 584 1359 dicte
597 1333 794 1359 Universttatis
810 1333 894 1358 Paris.
913 1332 1001 1358 suerit
1018 1332 1095 1357 idem
1112 1332 1249 1365 magister
1265 1332 1409 1358 Gerardus
1424 1333 1520 1365 vigore
1536 1333 1626 1365 gratie
1641 1333 1693 1358 sibi
1711 1332 1800 1359 sacto-³
1814 1333 1843 1358 in
1859 1334 1935 1359 (11010
1953 1334 2050 1359 rotulo

180 1391 289 1416 magno
304 1382 510 1409 canonicatum
524 1384 551 1408 et
566 1382 745 1415 prebendam
760 1382 827 1408 eccl.
845 1381 910 1407 coll.
929 1381 954 1407 S.
970 1381 1093 1406 Nutricis
1106 1381 1239 1407 Remens.
1315 1383 1505 1407 assecutus...

268 1432 341 1457 Item
356 1431 483 1457 Johanni
498 1431 640 1459 Durandi.
658 1431 793 1464 subdyac.
808 1430 1035 1462 Rothomagens.
1050 1430 1136 1459 dioc.v
1154 1437 1231 1463 mag.
1250 1429 1279 1455 in
1295 1431 1349 1455 art.
1365 1431 1392 1455 01
1406 1430 1494 1458 med..
1512 1429 1625 1455 domini
1639 1430 1720 1455 ducis
1736 1431 1905 1463 Burgundio
1926 1431 2046 1463 phisico.

180 1480 216 1506 de
228 1480 401 1506 canonicatu
414 1480 480 1506 eccl.
498 1480 672 1513 Rothomag.

269 1529 343 1555 Item
358 1529 485 1554 Johanni
501 1529 639 1562 Dalphini
654 1529 689 1554 (10
705 1529 795 1554 Ponte
809 1528 939 1557 Auberti,
956 1528 1022 1554 cler.
1041 1527 1166 1553 Educns.
1184 1527 1269 1556 dioc..
1285 1527 1397 1553 bedello
1413 1527 1565 1560 principali
1582 1528 1633 1552 sac.
1651 1528 1727 1553 med.

271 1578 344 1604 Item
359 1578 486 1603 Johanni
502 1578 538 1603 de
550 1577 661 1606 Aciaco,
679 1577 866 1603 Ambianens.
882 1577 977 1610 dyoc„
995 1576 1163 1602 subbedello
1179 1576 1230 1601 sac.
1248 1576 1325 1601 med.
1876 1575 1928 1611 [20]

276 1664 299 1688 1.
315 1664 432 1688 Similem
449 1665 561 1696 gratiam
575 1665 630 1695 jam
648 1672 690 1688 nn.
714 1665 783 1693 1386,
802 1664 885 1695 April.
902 1665 941 1692 25,
957 1663 1078 1691 obtinuit,
1099 1671 1158 1686 cum
1178 1663 1324 1686 intenderet
1344 1663 1369 1685 in
1386 1663 1458 1686 brevi
1475 1663 1508 1686 ad
1524 1663 1700 1686 sacerdotium
1715 1664 1865 1694 promoveri
1882 1665 1954 1694 (Reg.
1971 1665 2050 1687 Aven.

181 1709 307 1733 Clement.
326 1710 381 1737 VII¹
399 1710 451 1732 vol.
466 1710 515 1738 XL,
533 1710 578 1733 sol.
595 1710 659 1739 174).
674 1723 705 1727 -
720 1709 742 1732 2.
759 1709 814 1740 Ipsi
827 1711 856 1732 ut
873 1708 985 1731 Μαι-11110
999 1709 1077 1732 Gaze]
1086 1708 1142 1739 jam
1156 1708 1231 1739 prius
1248 1716 1401 1731 concessum
1412 1711 1477 1736 erat,
1492 1708 1579 1739 legere
1594 1711 1619 1731 et
1632 1716 1722 1739 regere
1738 1708 1763 1731 in
1780 1709 1857 1736 med..
1870 1717 1920 1731 non
1931 1708 2052 1731 obstante

182 1754 339 1782 sacerdotio,
361 1757 386 1777 et
401 1762 469 1777 nunc
484 1754 550 1785 petit
565 1754 633 1776 hunc
650 1755 766 1777 savorem
782 1753 815 1776 ad
835 1753 983 1784 quindecim
1000 1761 1092 1776 annOS.
1111 1766 1140 1771 -—·
1156 1754 1179 1776 3.
1195 1752 1254 1776 vid.
1277 1761 1359 1783 supra
1373 1752 1482 1776 Introd.
1500 1753 1532 1775 nd
1549 1757 1598 1775 „um
1616 1753 1685 1776 111‘28.
1702 1767 1733 1770 —
1748 1754 1771 1776 4.
1788 1753 1835 1777 Ms.
1854 1761 1858 1775 :
1877 1762 1888 1775 «
1905 1753 2015 1776 Tutonie
2030 1761 2050 1776 11.

182 1798 275 1829 Agitur
290 1799 321 1821 de
341 1799 481 1827 Ludovico,
505 1799 588 1821 altero
609 1798 663 1821 filio
683 1798 770 1821 Caroli
791 1798 812 1820 V
827 1798 907 1828 regis,
928 1797 972 1828 qui
993 1798 1117 1820 ducatum
1134 1797 1264 1820 'turoniae
1280 1797 1313 1820 ab
1329 1805 1371 1820 an.
1394 1798 1453 1820 138ss
1474 1797 1575 1826 habuit,
1598 1805 1675 1828 quem
1696 1806 1736 1820 nn.
1756 1798 1816 1820 1392
1834 1805 1893 1820 cum
1910 1798 1989 1820 fratre
2005 1805 2052 1820 suo

183 1842 277 1866 Curolo
295 1843 327 1866 VI
345 1843 457 1866 mutavit
473 1851 521 1874 pro
542 1843 638 1865 ducatu
657 1842 790 1865 Aurelian.
810 1856 835 1860 -
851 1844 873 1865 5.
891 1842 919 1865 In
936 1845 986 1866 rot.
1002 1843 1011 1865 I
1035 1841 1223 1865 Universitutis
1246 1850 1287 1864 au.
1308 1842 1368 1865 1379
1381 1841 1404 1864 ei
1425 1841 1617 1864 concedebatur
1633 1841 1740 1873 aliquod
1759 1841 1923 1871 beneficium,
1945 1845 2003 1870 etc„
2020 1842 2052 1864 ud

183 1887 349 1910 collationem
365 1887 568 1918 archiepiscopi,
589 1887 689 1915 decani,
706 1890 765 1915 etc.‚
783 1886 845 1909 eccl.
862 1887 992 1915 Romans..
1010 1889 1038 1909 ut
1056 1889 1168 1917 apparet
1181 1894 1193 1908 e
1209 1886 1272 1916 Reg.
1291 1887 1395 1917 Supp1.;
1412 1886 1439 1908 in
1453 1889 1502 1909 rot.
1519 1889 1572 1909 nat.
1590 1886 1684 1910 Gallie.
1701 1886 1815 1909 obtinuit
1829 1894 1921 1909 canon.
1940 1886 1965 1908 S.
1984 1886 2052 1909 Lau-

183 1931 261 1954 rentii
278 1931 304 1954 in
318 1932 412 1955 Roseto
429 1932 546 1954 Laudun.
561 1931 642 1954 dioec.
659 1931 720 1961 (vid.
736 1939 818 1962 supra
833 1939 859 1962 p.
877 1931 941 1960 256),
958 1930 1025 1954 utin
1041 1930 1089 1953 hoc
1108 1931 1193 1953 rotulo
1207 1930 1285 1953 etiam
1301 1934 1393 1962 postea
1409 1930 1565 1962 explicatur.

187 2097 328 2134 1541.
352 2115 367 2132 <<
384 2106 504 2132 Botulus
519 2105 674 2140 facultatis
688 2106 804 2132 artium.
824 2116 837 2131 »

272 2187 458 2233 Supplicat
477 2188 656 2220 sanctitati
676 2194 797 2220 vestre
814 2187 942 2220 devota
963 2187 1035 2220 filia
1055 2194 1177 2221 vestra
1197 2188 1425 2221 Universitas
1446 2188 1702 2232 magistrorum
1720 2186 1880 2219 Parisius
1903 2186 2052 2219 studen-

181 2254 269 2287 tium
292 2261 470 2299 quatenus
499 2254 542 2286 de
571 2254 677 2287 solita
703 2253 928 2299 benignitate
948 2261 1069 2287 vestre
1089 2254 1288 2287 clemencie
1314 2254 1351 2286 in
1379 2254 1548 2299 personis
1576 2254 1831 2298 magistrorum
1859 2253 1896 2285 in
1922 2253 2049 2285 artium

180 2321 348 2354 facultate
368 2321 518 2366 gratiam
541 2320 735 2366 specialem
755 2321 930 2354 facientes
1019 2320 1221 2365 dignemini
1242 2321 1492 2365 providere...

272 2388 361 2420 Item
382 2399 461 2420 cum
485 2387 577 2420 dicta
602 2387 752 2420 facultas
773 2387 902 2420 artium
923 2387 960 2419 in
988 2386 1055 2419 hoc
1085 2386 1205 2420 rotulo
1234 2393 1290 2419 est
1317 2387 1432 2420 divisa
1462 2387 1498 2419 in
1525 2394 1679 2432 quatuor
1700 2386 1878 2425 nationes,
1901 2397 2051 2430 quarum

183 2453 298 2498 prima
325 2460 381 2486 est
409 2454 505 2486 natio
533 2453 718 2487 Gallicana
747 2465 812 2486 seu
840 2453 1078 2493 Gallicorum,
1111 2453 1270 2486 secunda
1301 2453 1549 2494 Picardorum,
1579 2453 1681 2486 tertia
1712 2454 1988 2492 Normanorum.
2018 2458 2052 2484 et

184 2526 309 2564 quarta
328 2520 584 2565 Anglicorum3
604 2526 639 2553 et
654 2520 691 2552 in
712 2520 806 2553 dicta
827 2520 972 2552 natione
989 2519 1174 2553 Gallicana
1195 2519 1269 2552 Sint
1289 2519 1450 2564 quinque
1472 2519 1672 2564 provincie.
1691 2531 1839 2564 quarum
1863 2518 1976 2563 prima
1998 2524 2052 2550 est

183 2586 370 2631 provincia
404 2587 635 2628 Parisiensis‚
667 2586 826 2619 secunda
862 2586 1100 2627 Senonensis,
1134 2586 1239 2619 tertia
1269 2586 1473 2627 Remensis⁷
1506 2592 1630 2631 quarta
1658 2585 1898 2626 Turonensis,
1930 2584 2052 2629 quinta

184 2652 424 2685 Bituricensis
449 2665 455 2685 :
484 2653 685 2698 dignemini
712 2653 855 2698 pietatis
883 2653 1014 2686 intuitu
1037 2652 1234 2697 quamlibet
1265 2652 1445 2685 nationem
1474 2659 1508 2685 et
1536 2652 1649 2685 dictas
1680 2652 1884 2697 provincias
1906 2651 2050 2683 visitare

184 2725 220 2752 et
240 2731 283 2752 ex
303 2725 423 2752 vestra
443 2719 609 2764 largiflua
630 2719 761 2765 pietate
783 2720 959 2765 irrogare.

309 2926 357 2943 ἢ*
376 2924 471 2947 Chart-
494 2923 571 2947 Univ.
592 2923 687 2948 Paris.
703 2924 749 2947 111.
1903 2921 1930 2943 57
