2488 3386
455 314 520 347 688
1027 323 1347 345 CHARTULARHJM
1382 324 1573 346 suivans.
1611 324 1742 346 PAnls.

455 443 514 466 1597
591 441 657 466 1392
784 441 856 464 Junii
874 442 886 464 7
970 441 1078 464 Botulus
1094 441 1231 464 doctorum
1246 441 1273 464 in
1288 442 1399 465 decretis
1413 442 1599 466 Universitatis
1612 443 1686 466 Paris
1690 458 2232 468 ......................
2278 442 2322 465 547

455 500 515 523 ‘1598
611 512 639 517 —
729 498 800 521 Junii
811 498 899 522 9-Julii
912 498 940 521 16
970 498 1034 521 Cum
1049 499 1075 521 in
1088 499 1184 522 ducatu
1199 499 1374 522 Normanniae
1389 500 1529 531 supposita
1543 500 1730 524 Universitatis
1751 500 1836 524 Paris.
1852 500 1885 523 ad
1906 500 2054 529 exactiones
2075 499 2164 530 regias
2179 499 2233 522 sol-

1000 543 1098 566 vendas
1115 543 1343 574 compellerentur,
1356 544 1531 574 Uffiversitas,
1549 545 1657 576 repulsa
1675 548 1791 576 accepta,
1807 553 1822 568 a
1842 544 2014 568 lectionihusc
2029 544 2136 572 essavit,
2152 544 2234 567 donec

1000 596 1045 611 rex
1060 587 1265 611 Universitatem
1280 588 1375 612 exemit
1378 605 2231 615 ..................................
2278 588 2324 612 5118

455 646 515 669 1599
548 644 696 670 1391-1392
736 644 885 680 Decembri-s
901 644 940 667 19-
970 645 1012 668 Lis
1028 645 1095 668 inter
1111 654 1181 676 mag.
1198 646 1296 674 Veulet,
1312 646 1399 670 licent.
1414 646 1440 669 in
1456 647 1567 670 decretis
1583 650 1608 670 et
1624 648 1818 679 paedagogum,
1832 650 1858 671 et
1874 647 2044 671 Castelletum
2049 663 2233 671 ........
2279 647 2324 670 548

455 708 515 731 1600
593 706 658 732 1392
735 676 899 739 S‹aglitegriiiq3t1-lis1
912 707 941 729 10
970 707 1088 730 Clemens
1102 708 1148 731 VII
1161 708 1318 731 cancellario
1333 708 1416 732 Paris.
1433 709 1555 740 injungit,
1569 713 1598 733 ut
1605 710 1711 733 Petrum
1725 710 1882 738 Snlomonis,
1895 710 1958 734 Ord.
1975 709 2047 738 Min.,
2064 717 2133 732 anno
2147 710 2234 732 futuro

1001 752 1033 774 ad
1048 752 1173 783 legendas
1190 752 1337 776 Sententiae
1354 753 1476 776 admittat
1478 771 2234 778 ..............................
2280 753 2325 776 548

454 810 513 833 1601
592 808 658 834 1393
777 809 863 833 Martii
881 810 895 831 li
971 809 1012 832 Lis
1025 809 1093 832 inter
1103 810 1237 833 Nicasium
1249 810 1352 839 Morise,
1364 811 1436 834 hacc.
1448 811 1475 834 in
1485 811 1606 839 decretis,
1616 811 1821 835 Universitutem
1831 812 1926 840 Paris.‚
1936 815 1962 835 et
1971 812 2090 843 reginam
2099 812 2234 835 Blancam.
2280 811 2326 834 548

454 868 515 891 1602
611 881 639 884 -
809 881 836 884 -
882 867 894 889 7
970 867 1080 890 Carolus
1096 868 1138 896 Vl,
1155 876 1199 890 rex
1215 868 1385 895 Francorum,
1399 869 1604 892 Universitatem
1617 869 1700 893 Paris.
1715 869 1805 893 eximit
1817 878 1832 893 a
1847 870 1964 900 decimis,
1978 869 2105 894 Clementi
2119 870 2165 893 vn
2177 878 2236 893 con-

1001 912 1082 934 cessis
1094 929 2234 940 .............................................
2280 913 2326 937 549

455 971 515 993 1603
611 983 640 987 —
807 983 837 986 —
865 969 894 991 22
970 969 1107 992 Decretum
1124 969 1256 993 facultatis
1272 970 1417 994 medicinae
1432 979 1480 1002 pro
1495 971 1625 994 abolenda
1639 972 1756 1003 practica
1773 971 1932 1000 medicinali,
1948 972 2028 1003 vulgo
2043 971 2113 995 dicta
2127 980 2139 996 (ι
2151 980 2236 995 escar-

1001 1014 1111 1037 mouche
1125 1023 1146 1042 a»,
1161 1014 1273 1037 duorum
1289 1016 1400 1038 fratrum
1404 1032 2234 1041 .................................
2281 1016 2326 1039 550

457 1073 515 1095 1604
591 1070 658 1096 1394
731 1070 893 1102 Septembris
911 1070 940 1092 12
970 1071 1122 1102 Capitulum
1136 1072 1258 1103 generale
1273 1072 1382 1096 Cisterc.
1398 1073 1513 1104 injungit
1527 1073 1617 1097 abbati
1633 1074 1786 1097 monasterii
1801 1074 1959 1103 Belli-Prati.
1972 1074 2053 1097 studii
2069 1075 2095 1098 S.
2109 1074 2236 1098 Bernardi

1000 1116 1085 1139 Paris.
1097 1120 1275 1147 praesentato,
1287 1120 1312 1140 et
1326 1117 1458 1148 provisori
1474 1118 1536 1141 dieti
1550 1118 1640 1148 studii,
1652 1127 1722 1150 mag.
1736 1119 1763 1142 in
1778 1119 1867 1146 theol.,
1887 1122 1916 1142 ut
1931 1127 1991 1142 cum
2004 1119 2110 1142 domina
2119 1119 2236 1142 Yolaada

1001 1161 1032 1183 de
1048 1161 1172 1184 Flandria
1187 1161 1323 1184 comitissa
1339 1162 1449 1185 Barensi
1464 1166 1584 1191 tractent,
1601 1163 1650 1186 sub
1664 1171 1715 1194 qua
1728 1163 1876 1186 conditione
1890 1163 1998 1194 quidam
2015 1172 2026 1187 t(
2039 1163 2138 1195 jardini
2152 1172 2163 1186 υ
2178 1171 2238 1195 per-

1001 1205 1113 1228 tinentes
1129 1205 1162 1228 ad
1178 1206 1205 1229 S.
1222 1206 1386 1229 Bernardum
1406 1206 1491 1230 eidem
1506 1207 1710 1231 concederentur
1713 1225 2235 1233 .....................
2281 1207 2326 1231 551

1492 1278 1532 1302 De
1551 1278 1714 1303 schismate.
2282 1278 2328 1302 552

1453 1324 1567 1347 (continet
1578 1326 1611 1344 11⁰⁸
1624 1325 1757 1349 1605-1685.)

455 1389 515 1412 1605
590 1387 657 1413 1378
804 1386 870 1409 Maio
972 1387 1135 1411 Universitas
1158 1388 1251 1415 Paris..
1270 1388 1376 1420 cognita
1396 1389 1497 1412 Urbani
1515 1390 1547 1413 Vl
1567 1390 1701 1419 electione,
1718 1390 1744 1413 in
1767 1390 1884 1422 generali
1898 1390 2102 1422 congregatione
2123 1390 2239 1415 cantavit

1006 1431 1041 1455 Te
1054 1432 1145 1456 Deum
1161 1433 1317 1457 laudamus
1324 1450 2236 1460 ....................................
2282 1434 2328 1458 ⁵52

455 1490 515 1513 1606
611 1504 638 1507 -
779 1488 850 1512 Junii
866 1488 895 1510 12
972 1490 1114 1513 Universas
1131 1490 1215 1514 Paris.
1232 1491 1265 1513 ad
1278 1491 1416 1514 Urbanum
1429 1492 1462 1514 VI
1477 1491 1558 1515 mittit
1576 1492 1700 1520 rotulum,
1717 1501 1776 1515 cum
1796 1501 1847 1524 quo
1866 1493 1952 1516 nuntii
1972 1493 2158 1517 Universitatis
2174 1494 2239 1517 Ave-

1002 1534 1106 1557 nionem
1121 1534 1208 1565 primo
1221 1535 1333 1566 profecti
1349 1539 1409 1559 sunt
1409 1553 2236 1563 .................................
2282 1537 2328 1560 553

455 1593 514 1616 1607
612 1606 640 1609 -
783 1590 847 1614 Julii
863 1591 891 1613 15
971 1592 1125 1615 Cardinales
1141 1593 1275 1624 Anagniae
1290 1597 1482 1618 commorantes
1504 1594 1676 1618 Universitati
1691 1595 1785 1624 Paris„
1802 1599 1831 1619 ut
1850 1595 1987 1619 Nicolaum
2002 1596 2034 1619 de
2053 1596 2081 1619 S.
2097 1595 2238 1619 Saturnino

1002 1637 1118 1667 gratiose
1131 1637 1242 1668 recipiat
1254 1641 1279 1661 et
1294 1638 1384 1661 audiat
1387 1655 2237 1665 ..................................
2283 1639 2328 1663 553

455 1696 515 1718 1608
613 1708 641 1711 —
810 1706 837 1709 —
863 1693 890 1715 27
972 1694 1104 1717 Marsilius
1118 1695 1149 1718 de
1165 1695 1273 1726 Inghen,
1285 1696 1392 1719 nuntius
1404 1696 1591 1720 Universitatis
1604 1697 1698 1726 Paris.‚
1710 1697 1743 1721 ab
1758 1697 1817 1729 ipsa
1828 1698 1896 1729 petit
1909 1698 1972 1729 quid
1985 1698 2037 1721 sibi
2053 1698 2200 1721 faciendum
2212 1698 2239 1721 in

1003 1742 1157 1770 tempestate
1173 1740 1227 1768 illa,
1243 1749 1310 1771 quae
1324 1744 1385 1772 post
1399 1741 1502 1773 aliquos
1519 1750 1621 1765 menses
1635 1745 1741 1773 peracta
1757 1742 1882 1766 electione
1895 1742 1996 1766 Urbani
2010 1743 2043 1766 VI
2055 1743 2159 1770 Romae,
2177 1747 2237 1771 etc..

1003 1783 1098 1806 saeviit
1116 1801 1978 1812 ..................................
1998 1805 2005 1817 ,
2023 1804 2238 1811 .........
2284 1786 2329 1810 553

456 1842 516 1864 1609
611 1854 641 1857 -
757 1839 869 1870 Augusti
885 1839 911 1861 21
972 1841 1125 1865 Cardinalcs
1141 1842 1298 1866 dissidentes
1314 1843 1449 1874 Anagniae
1464 1844 1588 1876 degentes
1605 1845 1777 1868 Universitati
1792 1845 1876 1869 Paris.
1891 1845 2011 1868 scribunt
2025 1845 2057 1869 de
2070 1845 2216 1870 «invasore
2226 1854 2238 1869 ι)

1004 1886 1111 1909 Urbano
1127 1887 1160 1909 VI
1170 1904 2238 1914 ..........................................
2284 1889 2330 1912 555

455 1944 516 1966 1610
611 1956 641 1959 -
743 1940 905 1972 Septembris
921 1941 934 1963 7
973 1943 1064 1966 Petrus
1075 1944 1291 1976 archiepiscopus
1306 1946 1500 1970 Ehredunensis
1512 1947 1544 1970 ad
1557 1947 1744 1970 cancellarium
1758 1947 1852 1977 Paris„
1864 1948 1934 1979 quod
1946 1956 1997 1971 non
2008 1948 2129 1971 obstante
2140 1947 2241 1971 inthro-

1003 1988 1132 2011 nisatione
1148 1989 1342 2017 Bartholomaei
1359 1991 1469 2019 (Urbani
1485 1992 1526 2021 VI)
1544 1992 1618 2015 sedes
1634 1992 1781 2023 apostolica
1795 1992 1882 2015 adhuc
1895 1995 1971 2015 vacat
1973 2009 2239 2017 ...........
2285 1991 2330 2015 556

456 2047 514 2069 1611
614 2058 640 2061 —
774 2044 911 2079 Augustoff
974 2045 1080 2068 Factum
1099 2046 1220 2077 magistri
1236 2050 1260 2070 ct
1280 2048 1379 2070 domini
1394 2048 1486 2072 Jacobi
1501 2049 1533 2072 de
1549 2050 1624 2078 Seva,
1641 2050 1752 2073 missum
1768 2050 1941 2074 Universitati
1961 2051 2056 2080 Paris„
2077 2058 2157 2082 super
2171 2050 2239 2074 elec-

764 2074 911 2106 Septembn
1002 2090 1072 2113 tione
1089 2091 1190 2114 Urbani
1205 2092 1246 2119 Vl,
1263 2095 1288 2115 et
1307 2101 1355 2123 pro
1371 2092 1438 2124 ipso.
1455 2093 1502 2116 Vix
1521 2097 1608 2117 tamen
1623 2098 1684 2117 tunc
1699 2095 1732 2118 ad
1748 2103 1840 2119 manus
1856 2096 1993 2120 doctorum
2006 2095 2127 2128 pervenit
2128 2111 2240 2119 .....
2285 2093 2330 2117 557

457 2149 516 2172 1612
614 2160 639 2164 -
764 2145 911 2200 SeMttgithri
973 2147 1064 2171 Plures
1080 2149 1202 2179 magistri
1217 2153 1242 2172 et
1257 2150 1390 2174 scholares
1405 2151 1590 2175 Universitatis
1611 2152 1695 2176 Paris.
1711 2153 1870 2177 comitantur
1883 2154 2030 2178 cardinales
2046 2154 2213 2180 dissidentes.
2233 2175 2238 2180 .
2285 2151 2330 2175 557

457 2212 517 2235 1613
612 2222 642 2226 —
738 2185 838 2239 Septi8
854 2208 894 2231 vel
910 2208 937 2230 11
973 2210 1089 2233 Primum
1105 2211 1244 2234 concilium
1260 2213 1361 2243 regium
1380 2230 1618 2238 ..........
1634 2209 1637 2211 Δ
1639 2232 2239 2243 ........................
2285 2214 2330 2237 55⁸

458 2269 517 2292 1614
612 2280 642 2283 —
737 2266 891 2289 Novembris
908 2266 937 2288 16
974 2268 1122 2291 Secundum
1137 2269 1276 2293 concilium
1292 2271 1394 2302 regium
1405 2290 2239 2301 .................................
2285 2272 2331 2295 55⁸

459 2327 518 2349 1615
613 2338 642 2342 -
803 2337 834 2341 —
909 2324 936 2346 21
973 2325 1096 2349 Urbanus
1113 2327 1145 2350 VI
1161 2328 1270 2351 summis
1287 2329 1410 2353 laudibus
1431 2331 1636 2355 Universitatem
1651 2333 1735 2356 Paris.
1751 2334 1909 2357 cumulando
1925 2335 2022 2365 gaudet
2037 2335 2107 2366 quod
2123 2335 2240 2358 defensio

1004 2370 1088 2400 ipsius
1109 2372 1142 2394 ab
1162 2371 1208 2394 illa
1226 2376 1348 2404 suscepta
1364 2374 1407 2402 sit,
1423 2378 1448 2398 et
1470 2384 1527 2399 eam
1549 2377 1702 2400 exhortatur
1723 2386 1771 2409 pro
1793 2379 1888 2401 futuro.
1911 2378 2030 2410 Epistola
2051 2382 2113 2402 tuuc
2134 2379 2240 2403 minime

1004 2415 1119 2438 Parisios
1135 2417 1255 2446 pervenit
1272 2436 1278 2441 .
1300 2436 1303 2440 .
1325 2435 1331 2441 .
1351 2439 1355 2443 .
1377 2436 2239 2448 ..................................
2285 2419 2331 2442 559

459 2472 520 2495 1616
595 2470 661 2495 1379
765 2469 884 2492 Januarii
900 2470 913 2492 8
974 2472 1139 2496 Universitas
1155 2475 1248 2504 Paris.‚
1266 2476 1360 2500 Carolo
1378 2477 1396 2499 V
1416 2478 1481 2500 dans
1502 2487 1667 2510 responsum,
1684 2480 1812 2504 deliberat
1826 2481 1852 2504 in
1873 2482 1940 2504 sacto
1958 2481 2113 2506 Schismatis
2135 2482 2241 2506 interim

1005 2525 1032 2539 se
1058 2517 1084 2540 in
1110 2519 1210 2542 neutris
1239 2521 1360 2551 partibus
1383 2530 1575 2552 remansuram,
1598 2532 1658 2547 cum
1682 2524 1708 2547 in
1731 2525 1908 2548 Universitate
1935 2534 1986 2549 non
2009 2527 2043 2550 sit
2070 2527 2156 2550 adhuc
2178 2535 2240 2551 con-

1005 2562 1094 2585 cordia
1098 2580 2240 2596 .............................................
2286 2566 2332 2590 560

459 2613 519 2636 1617
556 2610 700 2636 1378-1379
765 2611 917 2647 Novembri·
975 2615 1150 2645 Allegationes
1160 2618 1334 2648 quorumdam
1345 2620 1534 2651 magistrorum
1545 2621 1629 2645 Paris.
1642 2623 1724 2645 factae
1737 2630 1784 2653 per
1793 2622 1910 2653 priorem
1919 2623 2083 2654 carnotens„
2095 2625 2241 2649 Johannem

779 2642 904 2665 'humano
1006 2659 1036 2681 de
1052 2659 1206 2690 Bournazel,
1222 2662 1319 2687 decret.
1339 2664 1407 2687 doct.
1431 2665 1504 2688 Puris
1509 2682 2241 2695 .............................
2287 2666 2332 2689 5⁶2

461 2710 521 2733 1618
596 2708 663 2733 1379
737 2708 947 2770 Ουέᾱῑὶῐὲιέῐὲζθὶωα
976 2712 1084 2735 Carolus
1099 2714 1120 2736 V
1135 2714 1161 2736 in
1176 2716 1284 2739 castello
1301 2717 1420 2748 Lapat-ae
1436 2720 1510 2743 audit
1524 2720 1685 2743 cardinalem
1701 2720 1921 2751 Lemovicensem,
1942 2730 1958 2745 a
1973 2722 2105 2747 Clemente
2118 2724 2164 2747 vn
2179 2723 2241 2747 mis-

1007 2764 1064 2779 sum
1086 2761 1112 2780 ut
1134 2758 1165 2781 de
1185 2761 1309 2784 electione
1325 2762 1427 2786 Urbani
1439 2764 1472 2787 VI
1488 2767 1513 2787 et
1534 2764 1565 2787 de
1585 2764 1763 2788 nominatione
1778 2765 1918 2789 Clementis
1934 2767 2030 2790 certior
2046 2768 2139 2792 notitia
2154 2768 2241 2796 fieret;

1006 2802 1189 2831 praesentibus
1210 2806 1300 2828 multis
1322 2807 1498 2838 principibus,
1518 2809 1654 2839 praelatis,
1671 2809 1807 2840 magistris
1828 2809 1854 2833 in
1878 2811 2020 2843 theologia,
2038 2812 2242 2844 doctoribusque

1007 2845 1120 2869 aliarum
1135 2848 1290 2872 facultatum
1304 2850 1490 2876 Universitatis
1504 2853 1660 2877 parisiensis
1673 2857 1871 2888 ceterarumque
1886 2857 2095 2880 Universitatum
2107 2857 2242 2881 Franciae.
2286 2855 2332 2879 562
