2488 3386
448 358 510 390 564
1025 365 1341 387 CHARTULAMUM
1379 365 1567 387 UNIVERS.
1605 366 1733 387 ΡΑ1113.
2211 352 2309 388 [1379

453 470 733 506 1623.Ca1·0lus
755 480 780 509 V,
804 488 855 504 rea:
874 480 1055 509 Francorum,
1083 478 1298 503 Universitalem
1321 477 1416 503 Paris.
1440 477 1549 510 invitat,
1569 481 1599 503 ut
1615 478 1642 503 in
1659 478 1786 513 quadam
1808 477 2026 512 congregatione
2041 477 2212 511 suffragium
2234 485 2307 503 com-

535 537 616 553 mune
627 536 678 561 pro
698 527 835 553 Clemente
857 529 907 552 Vll
921 527 991 552 velut
1009 536 1068 552 veru
1083 535 1163 562 papa
1180 526 1299 559 emittat,
1318 535 1379 551 cum
1394 526 1526 560 singulae
1539 526 1697 560 facultates
1714 531 1740 552 el
1755 526 1831 555 duae
1847 526 1978 552 nationes
1994 526 2044 551 hoc
2054 526 2117 561 jam
2133 525 2262 560 fecerint.

1669 612 1744 641 7379,
1761 612 1821 638 Maii
1832 612 1870 641 21,
1888 612 2023 637 VincennIs.

534 688 561 719 A
585 700 650 719 noz
679 694 750 720 tres
772 687 890 719 chiers
917 694 950 719 et
978 686 1062 718 bien
1087 689 1184 718 ames
1211 685 1264 717 les
1293 692 1435 718 recteur
1456 693 1488 718 et
1518 686 1683 719 maistres
1711 686 1755 719 de
1781 693 1905 719 nostre
1934 685 2006 718 fille
2034 686 2240 719 Universite
2262 686 2305 718 de

447 754 544 786 Paris
566 754 609 786 (16
632 766 693 798 par
714 754 746 786 le
768 766 842 798 roy,
866 755 954 785 Tres
976 752 1095 785 cliicrs
1116 759 1150 784 et
1170 751 1254 784 bien
1276 763 1386 788 alnez.
1409 764 1499 797 pour
1520 764 1560 784 ce
1582 765 1651 797 que
1674 759 1754 785 tous
1771 754 1877 797 jours
1898 764 2010 785 avons
2031 759 2136 797 grant
2153 752 2251 785 desir
2272 759 2307 785 et

446 821 625 860 affection,
651 821 742 853 ainsi
772 832 841 864 quc
870 822 886 852 a
915 826 989 851 tout
1022 819 1144 863 prince
1173 818 1378 862 catholique
1409 819 1622 863 appartient,
1653 831 1721 863 que
1750 831 1794 851 en
1825 819 1961 852 saincte
1989 819 2105 864 eglise
2132 819 2180 851 ait
2199 830 2306 864 vraye

446 887 543 919 unite
561 894 595 919 et
615 886 808 925 concorde,
831 892 863 918 ct
886 892 959 918 tout
984 885 1114 917 36131116
1137 891 1171 917 6(
1192 884 1349 916 division
1372 885 1443 917 soit
1463 888 1577 923 03166,
1596 892 1629 917 6(
1653 885 1903 918 1116131116111611(
1925 885 1969 918 (16
1992 892 2115 918 nostre
2137 897 2305 930 royaunie

445 960 477 985 et
505 953 641 985 d'entre
663 964 730 985 nos
752 952 914 996 subgiez‚
938 958 972 983 et
1002 951 1025 982 il
1057 951 1128 983 soit
1157 951 1249 983 ainsi
1278 962 1347 995 quc
1379 962 1441 995 par
1471 951 1524 983 les
1554 951 1780 984 attestations
1808 951 1872 983 des
1898 951 2093 984 cardinaux
2118 952 2165 984 du
2192 952 2308 985 sainct

444 1019 598 1063 collicge
616 1019 659 1051 de
681 1020 790 1051 Rome
808 1021 825 1050 a
847 1029 939 1050 nous
961 1017 1132 1049 cnvoicez
1148 1018 1184 1061 ja
1207 1017 1307 1061 pieca
1324 1028 1388 1061 per
1405 1017 1628 1061 escriptures
1649 1018 1880 1062 autentiques
1902 1024 1935 1050 et
1957 1017 2130 1050 solennes
2147 1024 2181 1050 et
2199 1016 2305 1062 apres

444 1086 474 1118 la
495 1085 748 1126 deliberation‚
766 1083 904 1116 60113611
922 1090 953 1116 6(
971 1083 1072 1116 advis
1091 1083 1134 1115 (16
1156 1083 1327 1128 pluseurs
1348 1095 1606 1128 arcevesques,
1623 1095 1817 1128 evesques,
1838 1083 1950 1116 abbes
1973 1090 2008 1116 et
2027 1090 2148 1117 autres
2170 1083 2302 1129 prelas‚

443 1153 486 1184 de
517 1152 682 1184 maistres
713 1163 756 1183 en
786 1150 970 1195 theologie
999 1157 1033 1183 et
1065 1162 1110 1182 en
1140 1150 1268 1183 decrcs
1298 1162 1410 1195 ayons
1442 1154 1517 1182 este
1546 1150 1768 1190 conscilliez,
1801 1157 1835 1183 et
1863 1150 2132 1183 darrieneinent
2161 1162 2223 1196 par
2250 1150 2304 1184 les

441 1219 640 1251 assertions
657 1218 721 1250 des
743 1217 949 1257 cardinaux,
972 1217 1033 1261 qui
1055 1219 1072 1249 a
1096 1223 1244 1261 present
1264 1223 1347 1249 sont
1367 1228 1411 1249 en
1434 1223 1558 1249 nostre
1574 1216 1660 1249 ville
1681 1217 1724 1249 de
1749 1217 1861 1258 Paris⁷
1884 1217 2009 1250 faictes
2029 1217 2305 1262 publiquement

441 1292 475 1318 et
495 1284 761 1317 solennelment
782 1284 825 1316 (16
851 1283 992 1316 bouche
1014 1290 1048 1315 et
1069 1283 1168 1316 leurs
1189 1283 1426 1316 consciences
1448 1295 1492 1316 en
1514 1283 1545 1316 la
1567 1295 1743 1328 presence
1765 1283 1830 1316 des
1851 1295 2105 1329 arcevesques,
2125 1295 2303 1329 evesques

440 1359 471 1384 et
493 1358 613 1384 autres
635 1351 766 1396 prelas,
789 1350 833 1383 de
862 1350 1032 1395 pluseurs
1060 1350 1103 1382 de
1126 1362 1215 1382 vous
1237 1350 1298 1395 qui
1323 1362 1345 1395 y
1366 1357 1429 1382 ont
1448 1350 1558 1383 voulu
1586 1357 1694 1390 estre,
1714 1357 1749 1383 et
1775 1350 1819 1383 de
1841 1357 1919 1383 tout
1946 1350 1978 1383 le
2001 1350 2144 1395 peuple,
2168 1362 2303 1396 soyons

438 1422 624 1451 acertenes
646 1424 678 1450 6(
705 1418 870 1450 affermes
892 1429 961 1461 que
990 1416 1225 1455 Bertholemi,
1242 1417 1334 1460 jadit
1361 1428 1582 1461 arcevesque
1609 1417 1653 1449 de
1675 1418 1755 1456 Bar,
1784 1423 1839 1449 est
1859 1417 1977 1450 intrus
1999 1429 2044 1450 ou
2066 1417 2182 1450 sainct
2201 1418 2303 1463 siege

439 1486 482 1518 de
512 1487 634 1525 Rome,
663 1491 697 1517 et
724 1496 813 1528 pape
835 1483 1001 1517 Clement
1020 1484 1126 1516 Vll'¹¹e
1148 1490 1203 1515 est
1225 1495 1310 1528 vray
1331 1490 1479 1528 pastour
1501 1483 1545 1516 de
1575 1483 1717 1528 l'eglise
1746 1483 1967 1516 universelle
1994 1495 2000 1516 :
2030 1495 2123 1517 nous
2149 1484 2227 1529 (qui
2257 1496 2302 1517 ne

438 1552 651 1584 vouldrions
672 1557 913 1583 aucunement
933 1562 1002 1591 que
1026 1562 1129 1590 vous,
1155 1549 1216 1594 qui
1245 1556 1340 1582 estez
1369 1550 1399 1582 si
1426 1549 1619 1583 soussisans
1645 1561 1861 1595 personnes,
1884 1550 2018 1583 fussiez
2041 1550 2161 1583 devis¹
2188 1563 2233 1583 en
2254 1551 2302 1584 tel

438 1631 496 1651 cas
518 1619 578 1663 qui
600 1625 655 1650 est
680 1618 710 1650 si
735 1624 840 1662 grant.
867 1624 900 1649 et
928 1616 1072 1649 notable
1102 1623 1137 1649 et
1162 1616 1292 1649 (0116116
1320 1623 1443 1649 1103(1·6
1469 1617 1540 1662 foy,
1564 1623 1599 1649 et
1627 1617 1881 1650 meismement
1905 1629 1975 1661 que
2001 1617 2054 1650 les
2079 1617 2230 1650 facultes
2256 1617 2301 1650 de

439 1685 634 1730 theologie,
662 1684 705 1716 de
732 1684 853 1716 decret
881 1690 913 1716 ct
936 1684 979 1715 (16
1003 1683 1180 1716 medicine
1207 1690 1242 1716 et
1267 1683 1321 1715 les
1350 1683 1493 1716 nations
1520 1683 1564 1716 de
1586 1684 1720 1716 France
1747 1690 1782 1716 6(
1808 1683 2041 1726 Normandie‚
2067 1684 2128 1729 qui
2157 1690 2240 1717 sont
2266 1683 2299 1717 le

438 1752 636 1797 greigneur
657 1751 768 1795 partie
794 1751 838 1783 de
863 1762 967 1790 vous,
991 1757 1073 1782 sont
1095 1750 1316 1782 determines
1337 1753 1355 1782 ἐι
1376 1750 1408 1782 la
1429 1750 1566 1782 saincte
1586 1762 1692 1795 vraye
1714 1757 1749 1782 et
1769 1750 1869 1783 saine
1895 1750 2008 1795 partie
2034 1750 2078 1782 (16
2105 1757 2228 1783 1103(1·6
2250 1750 2301 1783 dit

438 1819 531 1851 saint
551 1822 635 1863 pere
657 1829 746 1862 pape
768 1817 966 1857 (116111611ῑῆ
989 1816 1079 1849 ainsi
1109 1828 1177 1861 que
1200 1816 1244 1849 de
1270 1828 1309 1849 ce
1336 1828 1457 1849 3011163
1485 1818 1686 1859 acertencs)
1711 1828 1802 1849 vous
1830 1828 2033 1861 requerons
2059 1820 2133 1850 tres
2161 1824 2300 1850 acet-tes

438 1892 472 1917 6(
497 1885 527 1917 31
549 1884 647 1917 chier
667 1896 736 1928 que
757 1895 847 1916 vous
869 1895 952 1915 avez
973 1890 1008 1916 6(
1029 1883 1139 1915 devez
1160 1883 1259 1916 avoir
1279 1883 1311 1915 le
1338 1883 1422 1915 bien
1450 1889 1485 1915 6(
1505 1889 1781 1915 sousteneinent
1801 1883 1845 1915 de
1867 1889 1990 1916 nostre
2017 1883 2088 1928 foy,
2115 1895 2184 1928 que
2204 1895 2296 1917 vous

438 1951 602 1984 maistres
624 1962 668 1983 en
688 1957 789 1983 votre
811 1949 1012 1982 assemblee
1033 1949 1186 1982 veulliez
1216 1950 1316 1982 avoir
1337 1949 1577 1982 deliberation
1608 1949 1796 1982 enscmblc
1826 1949 2132 1994 collegialeinent,
2155 1956 2190 1983 6(
2209 1961 2300 1983 vous

438 2017 598 2050 decliner
619 2020 636 2050 a
652 2017 683 2049 la
705 2017 798 2049 dicte
815 2028 921 2061 vraye
942 2023 976 2048 6(
997 2016 1096 2049 saine
1118 2016 1231 2061 partie
1253 2016 1296 2048 de
1318 2022 1421 2048 notre
1439 2016 1489 2048 dit
1512 2016 1627 2048 sainct
1646 2019 1731 2060 pere
1753 2015 1786 2048 16
1804 2027 1893 2060 pape
1911 2015 2088 2049 Clement.
2108 2016 2144 2049 Si
2160 2028 2300 2049 comme

437 2084 490 2116 les
511 2083 746 2116 consciences
769 2083 812 2115 de
833 2095 923 2116 vous
944 2090 1026 2115 tous
1049 2089 1132 2115 sont
1152 2089 1187 2115 et
1207 2082 1367 2123 doivent,
1385 2082 1477 2115 ainsi
1499 2094 1569 2126 que
1591 2094 1684 2115 nous
1707 2089 1850 2124 tenons‚
1869 2089 1964 2115 estre
1986 2083 2217 2115 enfourmeez
2238 2095 2300 2128 par

438 2151 469 2183 la
490 2151 647 2183 maniere
669 2162 738 2194 que
762 2150 814 2182 dit
834 2156 900 2190 est⁷
924 2149 1075 2182 sachans
1104 2161 1173 2194 que
1194 2161 1234 2182 ce
1255 2161 1346 2182 vous
1375 2149 1407 2181 le
1434 2155 1547 2181 metez
1567 2161 1611 2181 en
1633 2149 1742 2181 ress'uz
1764 2161 1809 2182 ou
1830 2149 1947 2194 delay,
1973 2161 2064 2182 vous
2090 2160 2183 2182 nous
2203 2149 2299 2182 ferez

438 2217 628 2262 desplesir‚
652 2223 687 2249 et
712 2228 781 2261 que
803 2228 866 2249 sur
890 2228 929 2248 66
951 2220 1056 2249 aure's
1077 2215 1239 2248 delibero
1260 2215 1413 2249 veulliez
1435 2222 1623 2261 rapporter
1644 2218 1662 2248 a
1683 2228 1748 2248 noz
1770 2228 1867 2248 amez
1889 2222 1924 2248 et
1943 2215 2060 2248 seautx
2081 2215 2298 2248 conseillers

438 2283 620 2327 l'evesque
647 2283 690 2315 (16
718 2284 835 2315 Laon³
862 2289 897 2315 6(
918 2282 1033 2315 l‘abbc
1062 2282 1105 2314 (16
1128 2282 1227 2315 Saint
1249 2283 1391 2316 Vaastss.
1420 2283 1462 2315 Et
1490 2294 1582 2327 pour
1602 2294 1642 2314 ce
1663 2294 1733 2327 que
1754 2293 1844 2315 vous
1872 2282 1966 2314 miex
1994 2281 2134 2314 sachiez
2163 2294 2232 2326 que
2258 2293 2297 2315 ce

438 2350 536 2382 vient
556 2349 599 2381 de
620 2356 742 2382 nostre
769 2361 899 2393 propre
930 2349 1087 2390 science,
1116 2361 1208 2381 nous
1238 2360 1350 2382 avons
1378 2349 1513 2393 escript
1543 2356 1667 2382 nostre
1699 2361 1781 2381 nom
1812 2351 1830 2381 a
1858 2360 1919 2381 ces
1949 2348 2072 2381 letres.
2105 2349 2233 2380 Donne
2254 2360 2297 2381 au

440 2417 534 2460 Boys
555 2415 598 2447 de
615 2415 822 2448 Vincenncs
842 2415 875 2447 le
896 2416 967 2459 xxj⁰
983 2416 1068 2459 jour
1089 2415 1133 2448 de
1153 2417 1244 2460 May.

530 2512 642 2535 Litterae
655 2512 766 2535 insertae
781 2512 954 2535 instrumento
967 2516 995 2534 n⁰
1011 2512 1071 2535 1624
1083 2512 1162 2535 edito.

532 2596 555 2619 1.
573 2597 593 2619 1.
606 2604 628 2620 6.
645 2596 731 2619 divisi.
746 2596 803 2619 Bul.
819 2604 823 2618 :
838 2606 850 2617 (ι
865 2596 937 2618 (161113
954 2597 979 2618 »ῐ
998 2609 1027 2613 —-
1042 2596 1063 2618 2.
1075 2596 1174 2618 Abhinc
1191 2604 1272 2627 usque
1285 2605 1298 2617 «
1311 2595 1338 2619 Si
1353 2604 1453 2618 comme
1469 2596 1565 2619 »deest
1580 2596 1650 2627 apud
1665 2596 1723 2618 Bul.
1743 2609 1767 2613 —
1784 2596 1806 2618 3.
1822 2596 1898 2618 Petro
1912 2595 1943 2618 de
1958 2595 2132 2624 Monteacuto,
2146 2594 2191 2626 qui
2205 2597 2298 2626 postea

438 2641 487 2666 fuit
503 2641 575 2663 card.
591 2640 767 2669 Laudunens.,
781 2641 812 2663 (16
830 2649 879 2671 quo
900 2648 977 2671 saepe
998 2640 1023 2662 in
1041 2640 1168 2664 Chartul.
1185 2640 1242 2664 Vid.
1257 2649 1283 2671 p.
1300 2641 1353 2668 222,
1371 2643 1423 2663 not.
1441 2641 1464 2663 6.
1485 2654 1515 2657 —
1529 2641 1552 2663 4.
1568 2640 1682 2663 Johanni
1701 2639 1789 2669 Fabri,
1805 2640 1906 2663 doctori
1921 2640 2027 2668 decret„
2045 2639 2089 2671 qui
2106 2639 2155 2662 suit
2169 2639 2296 2662 oriundus

436 2693 449 2708 e
464 2685 569 2708 civitate
584 2684 733 2711 Parisiens„
751 2684 801 2706 ((111
816 2693 868 2715 qua
887 2688 963 2707 natus
983 2693 1041 2707 sum
1061 2687 1085 2708 et
1105 2684 1229 2713 nutritus,
1246 2688 1271 2708 6(
1286 2685 1312 2708 111
1332 2684 1391 2716 jure
1408 2693 1466 2708 can.
1487 2684 1547 2708 licet
1567 2684 1728 2707 insufficiens
1749 2684 1899 2707 doctoratus
1915 2694 1939 2712 aa,
1959 2687 1988 2707 ut
2009 2684 2036 2707 in
2056 2684 2106 2707 fine
2122 2683 2296 2715 praefationis

436 2732 562 2752 tractatus
578 2732 668 2751 contra
678 2729 823 2752 Johannem
838 2728 869 2751 de
884 2729 1000 2759 Lignano
1013 2729 1128 2759 scripsit,
1145 2729 1171 2751 in
1186 2729 1264 2753 Arch.
1277 2730 1344 2758 Vnt„
1361 2737 1427 2752 arm.
1445 2730 1483 2758 54,
1499 2733 1528 2751 n⁰
1543 2729 1581 2757 18,
1598 2729 1643 2752 fol.
1661 2730 1705 2752 203
1721 2729 1799 2758 (But,
1812 2729 1852 2757 lv,
1869 2730 1923 2757 998,
1935 2737 2076 2760 perperam
2091 2738 2104 2750 (ι
2118 2728 2246 2751 Duacens.
2264 2729 2295 2757 1)),

436 2774 482 2796 An.
496 2774 556 2796 1368
575 2774 657 2796 sactus
673 2776 712 2796 est
727 2773 809 2795 abbas
825 2773 1033 2800 Trenorchiens„
1050 2781 1091 2796 un.
1110 2774 1178 2801 1370,
1195 2773 1271 2796 Febr.
1292 2774 1329 2801 20,
1343 2774 1437 2796 transl.
1455 2773 1488 2796 ad
1504 2773 1638 2796 abhatiam
1655 2773 1680 2796 S.
1697 2773 1803 2796 Vedasti
1820 2774 1891 2804 (neg.
1907 2774 1954 2796 Av.
1971 2773 2072 2797 Urbani
2087 2773 2116 2802 V,
2133 2773 2185 2796 vol.
2206 2772 2296 2800 XXIII,

435 2819 453 2841 s.
470 2818 519 2847 22).
534 2819 582 2840 An.
599 2818 667 2845 1379,
683 2817 750 2840 inter
765 2817 852 2840 Martii
867 2818 881 2839 9
896 2820 920 2839 6(
939 2817 999 2839 Maii
1015 2818 1042 2839 21
1060 2820 1119 2847 (non
1132 2818 1192 2841 Jun.
1210 2818 1247 2847 18,
1264 2821 1292 2841 ut
1307 2818 1406 2847 Valois,
1418 2818 1455 2841 Le
1469 2818 1529 2842 r6le
1542 2819 1575 2841 de
1591 2818 1706 2842 Charles
1720 2818 1748 2847 V,
1764 2826 1791 2848 p.
1813 2818 1850 2846 10,
1866 2820 1920 2841 not.
1933 2818 1956 2844 4,
1974 2817 2088 2847 asserit),
2105 2817 2131 2840 in
2144 2816 2297 2840 Flaudriam

432 2861 509 2892 jussu
523 2861 608 2885 Caroli
627 2862 760 2892 profectus
776 2864 815 2884 est
831 2861 903 2890 (Cod.
915 2861 1051 2892 Rotomag.
1066 2861 1096 2885 O.
1113 2862 1150 2890 20,
1166 2863 1183 2885 f.
1199 2862 1259 2890 42b;
1277 2862 1345 2891 Bul„
1357 2863 1398 2890 IV,
1411 2863 1475 2891 523).
1491 2862 1538 2885 An.
1554 2862 1624 2891 1380,
1638 2861 1725 2885 Martii
1738 2864 1761 2891 5,
1775 2862 1855 2893 episc.
1873 2862 1978 2886 Carnot.
1995 2863 2068 2893 (Reg.
2083 2862 2131 2885 Av.
2144 2861 2225 2884 Clem.
2241 2861 2295 2889 VII,

436 2906 486 2928 vol.
502 2906 565 2933 XIX,
583 2907 599 2928 f.
616 2905 676 2934 48¹³),
694 2905 726 2928 ab
742 2913 782 2928 an.
801 2905 869 2933 1381,
883 2905 969 2934 Febr„
986 2905 1157 2928 cancellarius
1174 2906 1247 2929 ducis
1264 2907 1444 2937 Andegavens.
1460 2906 1592 2935 (Journal
1603 2907 1634 2930 de
1646 2907 1717 2930 Jean
1731 2906 1755 2930 le
1770 2907 1862 2935 Fe'vre,
1878 2914 1927 2938 par
1942 2905 2107 2936 Moranvilld,
2122 2906 2141 2934 I,
2156 2913 2183 2936 p.
2200 2905 2234 2936 1).
