2488 3386
419 349 480 380 142
986 356 1304 379 CHARTULARIUM
1340 354 1530 376 suivans.
1567 354 1695 375 PARIS.
2179 338 2278 376 [1366

421 492 560 529 1318.
589 501 719 527 Urbanus
746 501 769 527 V
787 500 898 526 duobus
919 499 1120 525 cardinalibus
1145 498 1267 533 injungit
1290 501 1321 523 ut
1347 497 1562 523 Universitatem
1588 496 1681 521 Paris.
1706 496 1734 521 in
1759 495 1820 521 suis
1839 495 1958 521 statutis
1981 498 2009 521 et
2033 494 2279 521 observationibus

505 553 667 585 reforment.

1667 603 1738 632 1366,
1752 602 1813 628 Maii
1822 603 1847 631 2,
1863 602 1992 629 Avem'one.

506 704 656 737 Dilectis
677 703 762 736 filiis
782 703 953 737 Johanni¹
978 702 1072 735 tituli
1094 701 1213 735 Sancti
1235 701 1346 734 Marci
1373 712 1413 733 ac
1435 699 1586 744 Egidi0²
1608 699 1703 732 tituli
1724 699 1843 732 Sancti
1864 699 2009 732 Martini
2034 699 2071 732 in
2091 699 2278 733 Montibus

417 770 641 816 presbyteris
670 769 929 811 cardinalibus,
959 769 1126 810 salutem,
1152 773 1215 801 etc.
1239 768 1327 801 Cum
1359 766 1403 799 ad
1438 765 1640 811 preclarum
1670 765 1877 799 parisiense
1905 766 2080 808 studium,
2110 772 2276 812 tanquam

417 837 574 882 paradisi
599 837 734 870 flumen
755 836 966 869 salutarium
993 835 1201 880 dogmatum
1223 845 1288 879 per
1313 833 1454 866 climata
1476 831 1576 865 orbis
1598 838 1693 865 terre
1718 843 1782 877 pre
1803 832 1935 865 ceteris
1960 832 2147 878 copiosius
2172 833 2279 866 diffu-

416 904 547 945 sivum,
569 903 681 936 aciem
702 902 1006 936 considerationis
1027 902 1164 934 intente
1184 900 1406 933 reflectimus
1428 905 1463 932 et
1482 898 1599 932 oculis
1619 898 1807 931 interioris
1827 897 1986 932 hominis
2007 899 2127 944 ipsum
2149 899 2279 944 preful-

417 982 504 1015 gere
525 970 562 1003 in
583 970 689 1003 domo
711 969 855 1002 Domini
877 975 1043 1013 tanquam
1065 967 1190 1000 stellas
1210 967 1247 999 in
1264 965 1479 999 firmamenti
1494 965 1614 998 medio
1631 964 1895 998 delectabiliter
1915 965 2110 1007 intuemur,
2128 966 2279 1011 dignum

418 1037 633 1070 arbitramur
662 1042 697 1069 et
723 1047 923 1080 congruum
955 1034 1015 1067 illa
1045 1034 1177 1067 studiis
1206 1033 1360 1066 solicitis
1390 1032 1578 1078 prosequi,
1601 1044 1666 1077 per
1692 1044 1762 1077 que
1791 1032 1950 1065 studium
1979 1033 2097 1078 ipsum
2126 1033 2279 1078 ejusque

419 1103 644 1136 Universitas
664 1102 806 1135 valeant
825 1102 862 1134 in
887 1113 953 1134 suo
975 1107 1069 1134 statu
1089 1101 1214 1146 vigere
1235 1112 1275 1133 ac
1297 1099 1501 1144 preservari
1522 1111 1540 1132 a
1561 1099 1680 1132 noxiis
1706 1105 1741 1131 et
1767 1099 1951 1132 continuis
1972 1099 2278 1132 incrementorum

419 1168 652 1202 successibus
685 1168 841 1201 feliciter
869 1167 1054 1212 adaugeri.
1086 1167 1177 1200 Cum
1206 1166 1326 1211 itaque
1354 1177 1472 1210 nuper
1501 1165 1545 1198 ad
1572 1165 1791 1198 audientiam
1821 1172 1979 1198 nostram
2009 1165 2184 1199 relatione
2209 1166 2281 1199 fide

418 1236 527 1281 digna
551 1234 759 1280 pervenerit
778 1234 877 1279 quod
906 1234 943 1266 in
968 1233 1065 1266 dicto
1093 1233 1215 1266 studio
1237 1232 1405 1266 nonnulli
1433 1238 1519 1265 sunt
1545 1232 1723 1273 desectus,
1752 1243 1864 1277 super
1888 1231 2022 1277 quibus
2047 1239 2083 1265 et
2106 1233 2194 1266 alias
2214 1244 2280 1279 pro

418 1302 618 1343 honestate,
645 1301 772 1334 ordine
801 1307 836 1334 et
860 1300 1089 1334 observantia
1115 1299 1388 1345 magistrorum,
1410 1299 1600 1332 doctorum
1631 1305 1666 1332 et
1692 1298 1886 1332 scolarium
1917 1299 2081 1344 ejusdem
2105 1299 2218 1333 studii
2247 1306 2283 1333 et

418 1369 533 1413 ipsius
563 1374 656 1401 statu
685 1374 831 1400 auctore
853 1367 1008 1400 Domino
1029 1366 1282 1400 conservando
1307 1365 1464 1415 feliciter
1491 1372 1527 1399 et
1555 1365 1661 1399 etiam
1687 1365 1957 1411 augmentando
1987 1377 2052 1411 per
2081 1366 2281 1411 apostolice

418 1435 516 1468 sedis
533 1434 716 1467 solertiam
733 1434 879 1479 expedit
894 1433 1077 1479 provideri
1094 1445 1101 1465 ι
1118 1444 1186 1466 nos
1203 1433 1398 1466 multorum
1420 1439 1455 1465 et
1470 1432 1666 1465 arduorum
1684 1432 1908 1478 agendorum
1926 1432 2097 1466 varietate
2118 1433 2281 1466 distracti

418 1501 461 1534 ad
490 1501 556 1534 hec
584 1513 649 1546 per
675 1512 743 1534 nos
772 1500 873 1545 ipsos
905 1500 1095 1533 intendere
1125 1506 1354 1545 nequeuntes
1378 1499 1697 1544 circumspectioni
1729 1505 1863 1541 vestre,
1894 1499 1939 1532 de
1973 1511 2043 1544 qua
2072 1499 2109 1532 in
2139 1499 2281 1546 magnis

419 1574 453 1601 et
481 1567 604 1600 arduis
635 1579 699 1612 per
718 1568 844 1612 jugem
876 1567 1133 1612 experientiam
1163 1565 1394 1599 laudabiliter
1423 1565 1655 1611 comprobata
1685 1565 1827 1611 plenam
1860 1565 1897 1598 in
1927 1566 2082 1599 Domino
2113 1565 2280 1600 fiduciam

419 1634 637 1675 obtinentes,
661 1640 786 1666 tenore
806 1634 1029 1678 presentium
1051 1633 1310 1666 committimus
1336 1639 1370 1666 et
1390 1632 1603 1666 mandamus
1631 1633 1802 1678 quatinus
1832 1644 2049 1678 quecunque
2078 1645 2142 1678 pro
2169 1632 2282 1666 hone-

401 1715 403 1717 ·
419 1707 522 1743 state,
537 1700 677 1742 ordine,
694 1700 924 1733 observantia
941 1706 1107 1745 statuque
1125 1700 1298 1745 predictis
1315 1706 1375 1733 aut
1395 1700 1489 1733 circa
1509 1711 1548 1732 ea
1569 1699 1626 1733 vel
1643 1711 1768 1732 eorum
1789 1699 1925 1744 aliquid
1947 1699 2148 1732 secundum
2166 1701 2289 1735 Deum.

419 1767 657 1808 reformanda,
680 1767 867 1799 statuenda
882 1773 917 1799 et
937 1766 1136 1800 ordinanda
1158 1766 1295 1800 utiliter
1313 1766 1486 1800 videbitis
1503 1767 1714 1808 reformare,
1732 1773 1890 1799 statuere
1912 1773 1947 1799 et
1967 1766 2149 1808 ordinare,
2168 1778 2282 1812 eaque

418 1845 590 1878 penarum
612 1845 676 1878 pro
698 1833 805 1866 modo
826 1833 931 1878 culpe
953 1833 1162 1878 hujusmodi
1184 1833 1495 1874 reformationum,
1519 1839 1735 1866 statutorum
1757 1833 1814 1867 vel
1837 1833 2107 1866 ordinationum
2134 1833 2281 1879 neglec-

418 1900 572 1942 toribus,
584 1899 896 1945 contemptoribus
912 1899 970 1933 vel
987 1899 1325 1945 transgressoribus
1342 1899 1547 1933 debitarum
1564 1899 1774 1944 adjeccione
1790 1899 1923 1933 vallare
1940 1900 2089 1941 curetis,
2107 1900 2282 1933 facientes

418 1966 478 1999 illa
498 1978 562 1999 seu
583 1966 664 1999 illas
685 1967 722 1999 in
742 1966 837 1999 dicto
859 1966 980 1999 studio
1007 1966 1082 2008 ubi,
1110 1967 1254 2011 quando
1277 1973 1312 2000 et
1332 1967 1502 2012 quotiens
1523 1966 1627 2000 vobis
1647 1966 1846 2008 videbitur,
1867 1966 2071 2000 solenniter
2091 1966 2280 2012 publicari.

417 2033 711 2067 Contradictores
807 2034 886 2065 Non
902 2032 1131 2066 obstantibus
1153 2033 1432 2078 quibuscunque
1454 2033 1535 2066 aliis
1556 2033 1699 2066 statutis
1716 2040 1751 2066 et
1765 2033 2096 2066 consuetudinibus
2116 2033 2280 2078 ejusdem

418 2100 529 2132 studii
549 2100 740 2133 contrariis
835 2101 908 2132 Nos
928 2100 1023 2132 enim
1040 2111 1109 2145 que
1129 2100 1222 2133 circa
1243 2099 1309 2133 hec
1326 2100 1527 2133 ordinanda
1548 2107 1583 2133 et
1604 2100 1793 2133 statuenda
1815 2100 1991 2133 duxeritis
2009 2099 2285 2145 quomodolibet

417 2167 453 2198 in
474 2166 664 2211 premissis
685 2172 745 2199 aut
765 2166 885 2211 aliquo
908 2166 1183 2211 premissorum,
1203 2167 1354 2211 perinde
1376 2173 1550 2212 perpetue
1567 2167 1747 2200 firmitatis
1769 2166 1882 2199 robur
1901 2166 2161 2200 inviolabiliter
2181 2165 2285 2200 volu-

419 2244 498 2266 mus
518 2239 553 2266 et
573 2233 803 2266 decernimus
825 2232 1004 2275 obtinere,
1030 2245 1069 2266 ac
1091 2233 1121 2266 si
1143 2240 1177 2266 et
1197 2240 1304 2278 prout
1323 2234 1530 2267 immediate
1553 2245 1634 2266 cum
1663 2233 1900 2279 expressione
1926 2232 2137 2278 hujusmodi
2157 2232 2286 2266 volun-

420 2300 500 2332 tatis
516 2306 623 2344 atque
640 2299 775 2332 decreti
792 2311 811 2331 a
828 2306 951 2332 nostre
968 2299 1166 2344 apostolice
1183 2300 1382 2334 sanctionis
1399 2300 1546 2333 oraculo
1564 2300 1820 2340 manavissent,
1839 2312 1877 2333 ac
1895 2300 2035 2333 irritum
2054 2299 2285 2332 decernimus

419 2373 454 2399 et
473 2366 592 2407 inane,
619 2366 792 2410 quicquid
812 2373 936 2399 contra
965 2378 1004 2398 ea
1024 2366 1082 2400 vel
1103 2378 1227 2399 eorum
1255 2367 1391 2412 aliquid
1412 2379 1430 2400 a
1451 2379 1631 2413 quoquam
1654 2367 1781 2412 quavis
1806 2366 2017 2400 auctoritate
2044 2366 2203 2399 scienter
2227 2365 2285 2399 vel

419 2433 629 2478 ignoranter
649 2432 843 2477 contigerit
863 2433 1077 2477 attemptari.
1101 2434 1179 2466 Dat.
1197 2434 1376 2467 Avinione
1396 2434 1429 2478 vj
1451 2446 1537 2467 non.
1560 2433 1658 2476 Maii,
1680 2445 1775 2467 anno
1796 2439 1934 2479 quarto.

512 2543 574 2573 Reg.
588 2543 646 2566 Vat.
661 2543 739 2566 Aven.
754 2542 854 2566 Urbani
868 2543 896 2571 Vy
913 2543 966 2566 vol.
981 2543 1045 2573 XIV,
1063 2543 1107 2566 fol.
1125 2544 1168 2566 207
1175 2543 1196 2566 b.
1210 2558 1237 2561 —
1252 2544 1313 2575 Reg.
1330 2547 1383 2568 nat.
1399 2544 1501 2576 Anglic.
1519 2545 1545 2568 in
1559 2545 1628 2569 Bibl.
1644 2548 1697 2570 nat.
1714 2545 1809 2574 Paris„
1826 2553 1904 2569 nouv.
1919 2553 1977 2576 acq-
1992 2545 2011 2568 l.
2024 2546 2078 2574 535,
2099 2544 2143 2567 fol.
2158 2544 2196 2568 32.
2207 2543 2285 2568 Arcb.

420 2587 476 2610 Vat.
493 2587 572 2610 Aven.
591 2586 697 2610 Colleet.
716 2591 744 2609 n<¹
756 2588 811 2615 1140,
831 2587 874 2610 sol.
894 2587 946 2610 153.
961 2588 1026 2610 Mus.
1041 2587 1159 2612 Britann.
1178 2596 1225 2611 ms.
1241 2588 1301 2611 add.
1319 2589 1404 2619 17304,
1419 2589 1463 2612 sol.
1479 2589 1534 2612 115.
1548 2589 1611 2613 Cod.
1629 2590 1751 2620 Harcur.‚
1770 2590 1815 2613 sol.
1831 2590 1870 2613 52.
1888 2604 1910 2607 -
1931 2589 1999 2619 Bul„
2019 2589 2060 2618 lv,
2074 2589 2128 2614 388.

513 2685 535 2708 1.
554 2685 667 2708 Johanni
682 2685 713 2708 de
735 2685 885 2714 Blandincoy
910 2686 942 2708 ab
963 2694 1004 2709 an.
1022 2686 1091 2714 1348,
1109 2686 1180 2716 Sept.
1197 2686 1225 2709 17
1249 2687 1317 2715 (cum
1340 2690 1409 2710 essct
1429 2695 1486 2712 can.
1504 2688 1617 2719 Aquens.
1634 2691 1660 2711 et
1681 2688 1774 2719 capell.
1797 2689 1902 2719 papae),
1920 2687 2001 2718 episc.
2018 2685 2189 2710 Nemausensi
2211 2686 2284 2716 (Reg.

421 2729 500 2752 Clem.
517 2730 560 2762 Vl⁷
578 2734 606 2752 n⁰
624 2730 678 2758 188,
697 2730 801 2759 [οἰ-37),
818 2738 860 2753 an.
879 2730 947 2759 1361,
967 2731 1037 2760 Sept.
1053 2730 1090 2758 17,
1109 2731 1181 2753 rard.
1198 2731 1284 2759 (Arch.
1303 2731 1359 2754 vat.
1379 2731 1437 2754 Obl.
1455 2736 1484 2754 n⁰
1502 2733 1540 2761 35,
1560 2733 1577 2755 f.
1593 2734 1627 2762 6).
1640 2733 1754 2755 Vocatur
1766 2731 1962 2755 Nemuusensis.
1983 2745 2009 2748 —
2028 2731 2051 2754 2.
2063 2730 2168 2762 Aycelin
2186 2738 2232 2753 seu
2254 2730 2286 2753 de

420 2774 592 2803 Montencnto,
609 2774 735 2797 cardinali
754 2774 787 2796 nb
802 2782 844 2797 an.
862 2775 930 2803 1361,
947 2775 1020 2805 Sept.
1035 2774 1063 2796 17
1083 2774 1177 2803 (ibid),
1195 2778 1286 2798 vocato
1305 2776 1376 2798 card.
1396 2776 1546 2804 Morinensi,
1563 2785 1622 2799 cum
1638 2780 1722 2805 nntcu,
1740 2777 1773 2799 ab
1795 2785 1836 2799 nn.
1856 2777 1926 2807 1356,
1939 2775 2026 2799 Martii
2047 2776 2070 2804 2,
2089 2774 2181 2798 fuisset
2202 2774 2284 2805 episc.

422 2818 575 2841 Morinensis
592 2819 665 2849 (Reg.
677 2819 754 2841 Aven.
773 2819 860 2842 Innoc.
878 2819 919 2848 VI,
934 2819 984 2841 vol.
1002 2819 1055 2846 Xll,
1074 2819 1118 2841 sol.
1135 2820 1183 2847 34),
1201 2822 1261 2841 tunc
1277 2828 1334 2843 ron.
1356 2820 1439 2843 Paris.
1460 2824 1485 2843 et
1504 2821 1592 2851 legum
1614 2821 1729 2844 doctore.
1747 2821 1784 2844 Ab
1802 2829 1844 2844 an.
1860 2821 1916 2843 1361
1939 2820 2017 2843 etiam
2034 2819 2156 2850 provisor
2175 2818 2285 2849 Collegii

422 2863 554 2886 Sorbonnc
573 2864 606 2892 (v.
623 2863 756 2891 Franklin,
774 2863 814 2886 La
836 2863 987 2891 80]·ὁοηηε,
1011 2871 1036 2893 p.
1056 2864 1120 2892 225),
1137 2863 1213 2886 Petro
1228 2863 1259 2886 de
1270 2863 1351 2886 Croso
1368 2865 1409 2893 (de
1424 2873 1474 2895 quo
1489 2865 1629 2893 Chartul.,
1647 2866 1679 2895 II,
1692 2866 1746 2894 556,
1760 2868 1813 2888 not.
1830 2866 1853 2894 2)
1868 2873 1910 2888 an.
1927 2865 1998 2893 1361,
2013 2864 2085 2895 Sept.
2101 2864 2139 2892 23,
2152 2863 2285 2887 defuncto.

422 2907 485 2930 llinc
502 2907 652 2930 mandatum
668 2915 752 2938 papae
765 2907 798 2929 ad
812 2907 949 2937 Aegidium
965 2906 1101 2930 directum.
