2488 3386
445 348 508 385 11‘6
1022 356 1338 380 CHARTULARIUM
1373 355 1562 377 umvsns.
1599 354 1728 376 PARis.
2210 337 2310 374 [1364

444 431 565 472 beam3
588 431 705 473 aliter,
726 435 909 475 protestor
929 427 1026 472 quod
1047 427 1076 460 si
1099 426 1184 472 quid
1206 425 1303 459 aliud
1324 425 1530 465 adderetur,
1551 423 1609 457 vel
1636 423 1679 456 ab
1705 422 1770 456 hac
1798 422 1886 455 hora
1907 420 2061 465 amplius
2087 425 2307 460 reservetur,

445 498 623 531 actionem
645 509 688 530 ex
706 496 769 529 illo
790 502 914 528 contra
933 506 990 526 me
1011 492 1278 527 verissimiliter
1298 503 1496 537 proponam
1517 496 1735 534 suspectam.
1764 489 1881 533 Super
1901 499 1970 532 qua
1990 486 2253 532 provocacione
2275 491 2310 518 et

446 563 695 609 appellacione
722 561 908 607 apostolos
935 567 1032 605 petO,
1058 559 1148 592 tales
1178 558 1302 603 quales
1330 564 1453 602 petere
1481 568 1631 602 possum
1657 562 1692 588 et
1717 555 1847 596 debeo,
1874 553 2001 587 saltem
2030 551 2307 593 testimoniales,

447 641 658 675 supponens
684 640 754 670 me,
781 634 910 661 statum
932 638 1049 659 meum
1072 632 1108 658 et
1127 625 1275 658 Ordinis
1301 624 1385 665 mei,
1414 623 1577 664 tuicioni,
1607 621 1813 655 defensioni
1840 627 1875 654 et
1900 618 2117 665 protectioni
2147 618 2309 663 predicte

447 702 569 729 sancte
590 695 689 728 sedis
710 693 922 739 apostolice,
945 703 1144 736 omnesque
1170 690 1278 723 michi
1305 689 1522 723 adherentes
1550 695 1585 721 et
1610 688 1811 728 adhere[re]
1838 686 2005 720 volentes
2032 685 2070 718 in
2095 684 2161 718 hac
2190 691 2307 730 parte,

446 768 652 807 protestans
672 761 823 805 insuper
844 759 888 792 de
908 758 1117 803 hujusmodi
1138 756 1384 802 appellacione
1407 767 1471 788 seu
1491 754 1754 800 provocacione
1776 752 2005 798 corrigenda,
2027 751 2196 784 mutanda
2217 757 2253 784 et
2271 751 2309 783 in

449 828 580 861 melius
610 826 850 867 reformanda,
877 838 916 858 ac
944 825 1048 858 etiam
1076 823 1306 864 insinuanda,
1335 821 1531 855 intimanda
1559 828 1594 854 et
1622 820 1839 853 notificanda
1867 819 1920 852 illi
1945 818 2003 852 vel
2029 818 2103 851 illis
2127 818 2232 862 cujus
2251 817 2309 851 vel

448 906 601 939 quorum
622 894 775 926 interest
793 891 852 926 vel
877 891 1054 932 intererit,
1076 890 1156 923 loco
1182 896 1217 922 et
1244 895 1405 933 tempore
1427 887 1633 933 oportunis;
1657 894 1692 920 et
1718 899 1736 919 a
1763 893 1812 923 te,
1838 885 2034 919 tabellione
2064 884 2223 930 publico,
2249 883 2308 917 hic

446 966 629 1005 presente,
656 965 738 1004 peto
760 969 871 1003 super
891 957 1079 1002 premissis
1100 955 1207 989 michi
1232 955 1311 988 fieri
1336 954 1521 999 publicum
1547 954 1841 994 instrumentum,
1866 964 1991 993 unum,
2014 951 2086 984 duo
2106 950 2165 984 vel
2185 949 2305 995 plura;

446 1032 482 1058 et
508 1037 618 1070 super
648 1024 716 1057 hoc
745 1036 810 1057 vos
839 1035 965 1056 omnes
995 1022 1225 1068 generaliter,
1252 1021 1310 1054 hic
1341 1021 1569 1061 assistentes,
1600 1020 1638 1052 in
1669 1025 1781 1052 testes
1812 1025 1847 1051 et
1875 1017 2123 1051 testimonium
2153 1016 2307 1062 premis-

444 1103 566 1124 sorum
588 1091 802 1124 invocando.
822 1103 838 1119 »

532 1158 608 1199 Qua
624 1156 751 1189 cedula
768 1157 967 1201 papiracea,
986 1155 1268 1200 appellacionem
1288 1165 1352 1186 seu
1368 1153 1669 1198 provocacionem
1687 1152 1910 1192 continente,
1928 1162 1993 1196 per
2009 1150 2144 1183 dictum
2159 1150 2303 1183 fratrem

442 1223 660 1263 Dionisium,
683 1228 722 1255 ut
750 1222 982 1267 premittitur,
1004 1221 1056 1254 sic
1083 1220 1253 1266 perlecta,
1282 1227 1366 1253 tunc
1396 1219 1490 1252 idem
1520 1219 1629 1252 frater
1650 1218 1838 1251 Dionisius
1863 1217 1961 1250 illico
1987 1223 2023 1250 et
2050 1216 2304 1258 incontinenti,

442 1288 510 1321 sub
531 1289 652 1330 modo,
671 1295 796 1321 tenore
813 1295 849 1321 et
868 1289 982 1321 forma
998 1288 1035 1320 in
1055 1287 1216 1332 predicta
1236 1286 1362 1319 cedula
1383 1286 1570 1331 papiracea
1591 1285 1785 1326 contentis,
1804 1283 2021 1330 specificatis
2042 1290 2078 1316 et
2097 1282 2301 1324 declaratis,

440 1354 485 1387 ad
510 1354 707 1399 predictam
729 1361 886 1387 sanctam
908 1354 1032 1387 sedem
1053 1353 1286 1398 apostolicam
1312 1352 1521 1397 provocavit
1544 1358 1579 1384 et
1604 1351 1854 1396 appellavit....
1880 1351 1982 1383 Tunc
2009 1350 2105 1382 idem
2131 1349 2301 1382 dominus

441 1420 692 1462 cancellarius,
719 1432 829 1465 super
853 1420 1027 1465 predictis
1056 1419 1303 1465 appellacione
1322 1415 1398 1452 'seu
1427 1418 1690 1464 provocacione
1718 1418 1770 1450 sic
1797 1417 2011 1462 interposita
2036 1423 2072 1450 et
2098 1416 2242 1458 emissa,
2269 1422 2305 1448 et

440 1487 614 1531 petitione
639 1486 899 1531 apostolorum,
931 1493 970 1519 ut
998 1487 1191 1531 prefertur,
1219 1486 1336 1518 eidem
1364 1485 1464 1518 fratri
1492 1485 1658 1518 Dionisio
1686 1484 1878 1529 respondit
1906 1495 1971 1529 per
1998 1483 2094 1516 hunc
2122 1482 2269 1516 modum
2292 1493 2300 1515 ε

441 1567 457 1584 «
481 1552 606 1585 Habita
627 1553 728 1597 prius
749 1552 851 1597 copia
872 1552 1131 1597 appellacionis
1157 1564 1222 1584 seu
1249 1551 1524 1597 provocacionis
1543 1558 1678 1588 vestre,
1700 1551 1805 1584 vobis
1826 1549 2059 1595 respondebo
2085 1561 2196 1594 super
2214 1560 2303 1594 apo-

439 1619 543 1651 stolis
564 1618 656 1651 infra
677 1625 819 1663 tempus
835 1618 950 1662 juris;
971 1632 986 1648 »
1009 1625 1044 1651 et
1063 1618 1294 1663 postmodum
1315 1618 1410 1651 idem
1432 1618 1601 1650 dominus
1622 1617 1873 1658 cancellarius,
1892 1616 2086 1662 dirigendo
2106 1615 2216 1649 verba
2236 1626 2301 1648 sua

439 1684 549 1717 michi
576 1685 716 1717 notario
742 1684 888 1729 publico
914 1684 1143 1729 infrascripto
1165 1685 1254 1717 dixit
1273 1685 1324 1717 sic
1348 1696 1355 1717 z
1380 1698 1396 1715 «
1418 1684 1593 1729 Magister
1613 1685 1731 1726 Petre,
1754 1684 1816 1729 qui
1838 1684 1927 1717 estis
1953 1683 2011 1716 hic
2031 1694 2198 1728 presens,
2216 1687 2301 1727 peto

439 1763 457 1783 a
481 1750 582 1784 vobis
605 1750 714 1783 michi
739 1750 817 1783 fieri
840 1751 977 1795 copiam
1002 1751 1045 1783 de
1067 1751 1256 1796 premissis
1277 1758 1312 1783 et
1330 1751 1422 1783 infra
1443 1751 1601 1796 scriptis.
1621 1764 1637 1781 ))
1660 1752 1770 1783 Deet
1789 1762 1900 1795 super
1920 1749 2054 1795 quibus
2074 1748 2244 1782 omnibus
2267 1754 2303 1781 et

439 1816 595 1862 singulis
617 1816 874 1861 suprascriptis
902 1817 1061 1861 prefatus
1086 1817 1194 1850 frater
1215 1817 1402 1850 Dionisius
1422 1817 1538 1850 voluit
1561 1817 1743 1862 peciitque
1764 1823 1800 1849 et
1819 1816 2011 1861 requisivit
2030 1827 2049 1848 a
2067 1827 2138 1857 me,
2160 1814 2300 1848 notario

439 1882 586 1928 publico
614 1883 857 1927 infrascripto,
885 1882 955 1915 sibi
984 1883 1075 1924 fieri,
1107 1883 1236 1916 confici
1265 1890 1371 1928 atque
1400 1883 1492 1916 tradi
1519 1883 1705 1928 publicum
1735 1883 2031 1924 instrumentum,
2062 1893 2127 1915 seu
2157 1880 2302 1927 publica

438 1949 691 1990 instrumenta,
714 1961 838 1990 unum,
862 1948 932 1981 duo
957 1949 1015 1982 vel
1044 1949 1158 1994 plura,
1180 1949 1237 1982 hic
1263 1950 1478 1983 assistentes
1505 1950 1542 1982 in
1568 1957 1680 1983 testes
1706 1956 1741 1983 et
1765 1949 2012 1983 testimonium
2038 1948 2301 1994 premissorum

438 2015 653 2048 invocando.

526 2081 615 2113 Acta
644 2081 792 2113 fuerunt
820 2080 886 2113 hec
916 2081 953 2113 in
983 2081 1156 2126 predictis
1185 2082 1296 2115 scolis
1328 2083 1477 2115 fratrum
1505 2083 1777 2116 Predicatorum
1807 2082 2069 2127 predictorum,
2095 2080 2164 2114 suh
2191 2092 2300 2122 anno,

439 2146 651 2188 indictione,
674 2158 812 2188 mense,
836 2147 906 2188 die,
929 2146 1016 2180 hora
1037 2154 1072 2180 et
1093 2148 1301 2192 pontificatu
1322 2149 1511 2193 predictis,
1531 2149 1765 2194 presentibus
1785 2147 2057 2182 venerabilibus
2078 2154 2114 2181 et
2133 2146 2302 2180 discretis

438 2213 526 2246 viris
548 2212 706 2245 dominis
729 2219 764 2245 et
788 2213 985 2258 magistris,
1006 2214 1119 2246 Adam
1141 2214 1185 2247 de
1207 2215 1443 2257 Francovilla,
1466 2216 1640 2261 magistro
1660 2216 1697 2248 in
1718 2216 1910 2257 medicina,
1937 2215 2100 2248 Johanne
2122 2213 2300 2254 Daudin',

438 2278 612 2311 canonico
634 2290 735 2311 sacre
756 2278 892 2323 capelle
918 2279 1040 2324 palatii
1065 2280 1199 2325 regalis
1220 2281 1346 2323 Paris„
1374 2281 1533 2315 Roberto
1560 2282 1604 2315 de
1631 2283 1665 2315 S.
1693 2282 1854 2323 Nicolao,
1876 2281 2054 2314 bacalario
2075 2281 2113 2313 in
2139 2279 2300 2325 predicta

436 2344 604 2377 facultate
632 2344 828 2390 theologie,
850 2346 977 2378 Yvone
1005 2346 1049 2378 de
1072 2347 1244 2392 Trevery,
1265 2348 1405 2381 notario
1433 2348 1593 2393 publico,
1616 2348 1881 2394 Corisopitens.
1911 2348 2006 2381 dioc.
2032 2347 2134 2388 cler.,
2156 2357 2300 2379 necnon

438 2409 623 2454 religiosis
647 2410 749 2451 viris,
775 2410 946 2444 fratribus
972 2412 1076 2444 Petro
1103 2412 1198 2445 dicto
1224 2413 1422 2455 Ponfichet,
1450 2421 1485 2447 et
1507 2414 1671 2448 Johanne
1697 2414 1855 2456 Scabini,
1877 2412 2064 2446 monachis
2089 2411 2299 2445 monasterii

438 2476 472 2508 S.
496 2475 652 2508 Dionisii
673 2476 710 2508 in
731 2476 891 2515 Francia,
917 2483 952 2510 et
972 2477 1137 2522 pluribus
1158 2478 1238 2512 aliis
1261 2479 1416 2513 testibus
1436 2480 1481 2513 ad
1507 2481 1684 2526 premissa
1706 2480 1843 2514 vocatis
1864 2479 2071 2525 specialiter
2094 2485 2129 2512 et
2148 2477 2298 2524 rogatis.

526 2608 647 2640 Tenor
665 2619 752 2641 vero
781 2608 943 2652 predicte
971 2609 1099 2642 cedule
1128 2611 1327 2656 papiracee,
1352 2624 1417 2658 per
1442 2613 1559 2646 dictos
1586 2613 1781 2659 magistros
1808 2613 1970 2658 predicte
1992 2611 2170 2646 facultatis
2196 2610 2299 2644 theo*-

435 2672 546 2718 logie,
575 2679 614 2706 ut
643 2673 786 2715 dicitur,
814 2674 978 2707 ordinate
1008 2682 1042 2708 et
1070 2688 1135 2721 per
1164 2677 1282 2722 ipsum
1312 2679 1498 2712 dominum
1526 2679 1779 2713 cancellarium
1807 2679 1903 2712 dicto
1925 2678 2026 2711 fratri
2051 2677 2233 2718 Dionisio,
2258 2682 2298 2710 ut

435 2738 578 2780 dicitur,
605 2739 649 2772 ad
674 2739 870 2784 legendum
896 2741 1026 2774 tradite
1051 2749 1086 2775 et
1114 2743 1234 2785 michi,
1264 2745 1403 2778 notario
1434 2745 1580 2791 publico
1608 2746 1853 2791 infrascripto,
1886 2757 1952 2790 per
1983 2745 2118 2777 dictum
2151 2744 2297 2776 fratrem

433 2805 638 2838 Dionisium
663 2805 700 2837 in
721 2805 832 2839 scolis
857 2807 1030 2851 predictis
1056 2808 1169 2853 palam
1192 2816 1226 2842 et
1250 2810 1394 2855 publice
1416 2812 1559 2854 tradite,
1583 2812 1627 2845 de
1653 2824 1724 2857 quo
1746 2824 1855 2857 supra
1875 2811 1915 2844 fit
1939 2811 2087 2852 mentio,
2114 2810 2159 2843 de
2183 2808 2297 2843 verbo

431 2870 475 2903 ad
494 2870 645 2903 verbum
666 2871 830 2904 noscitur
850 2883 932 2905 esse
953 2873 1056 2906 talis⁴
1074 2886 1081 2906 ε
