2488 3386
417 359 482 391 358
997 366 1314 389 anaTULAMUM
1349 365 1539 386 nmvzns.
1577 363 1705 386 PAnis.
2184 350 2283 386 [1385

417 443 513 488 quod
536 443 652 487 ipsum
675 449 709 475 et
729 442 924 475 familiares
951 453 1037 474 suos
1067 441 1159 473 bene
1186 447 1220 473 et
1248 440 1367 473 debite
1389 439 1537 472 vestiret
1560 450 1598 470 ac
1619 437 1750 470 multas
1772 444 1807 470 et
1827 448 1975 482 magnas
1998 436 2191 481 peccunias
2213 436 2282 469 sibi

417 509 529 549 daret,
558 509 587 541 si
616 509 770 553 primum
799 509 916 541 locum
946 508 1139 541 obtineret.
1163 507 1231 549 Qui
1254 507 1398 551 quidem
1428 505 1601 549 magister
1619 503 1804 537 Johannes
1832 503 2013 536 mediante
2038 502 2103 536 hac
2129 503 2283 548 promis-

417 576 519 608 sione
547 576 614 608 suit
643 575 848 608 licentiatus
877 582 911 607 et
943 575 1095 619 primum
1133 573 1250 606 locum
1280 572 1449 611 obtinuit,
1483 578 1517 604 et
1548 570 1653 603 latori
1682 570 1816 615 signeti
1847 582 1911 615 pro
1940 570 2036 603 dicto
2067 569 2282 603 cancellario

417 642 513 687 xijcim
532 642 675 675 francos
697 642 854 674 tradidit.
886 643 928 674 Et
955 641 1036 685 quia
1065 640 1283 685 promissum
1305 651 1378 672 non
1405 638 1614 683 implevit²⁶,
1640 637 1735 669 idem
1758 636 1995 670 cancellarius
2023 649 2068 669 ne
2093 637 2282 682 magistra-

419 715 516 742 retur
546 715 716 753 quantum
750 699 864 753 potnit
899 707 1098 752 impedivit,
1136 713 1276 751 sumpta
1309 705 1514 745 occasione,
1546 704 1643 749 quod
1678 703 1958 737 Bartholomiste
1993 715 2066 736 non
2101 703 2282 738 debebant

417 775 553 808 admitti
575 775 618 808 ad
639 775 743 808 talem
767 775 931 820 gradum,
955 774 1151 819 quo[d]que
1177 784 1288 817 super
1310 772 1378 804 hoc
1399 770 1553 804 habebat
1573 770 1692 803 bullas
1713 783 1730 803 a
1753 771 1900 804 domino
1921 777 2047 803 nostro
2069 782 2170 815 papa.
2192 772 2284 805 Tan-

418 842 496 874 dem
528 842 645 874 dictus
674 841 911 874 cancellarius
940 840 1103 885 pulsatus
1131 846 1165 872 et
1193 839 1357 872 devictus
1387 837 1558 883 precibus
1587 837 1744 882 plurium
1774 837 2016 876 dominorum,
2045 844 2081 870 et
2110 837 2282 883 precipue

417 909 643 941 dominorum
668 908 920 953 episcoporum
953 906 1215 939 Lodovensis²⁷
1242 912 1275 938 et
1304 904 1610 944 Gebennensis²⁸,
1638 904 1795 937 cessavit.
1823 903 1866 936 ab
1893 903 2103 948 hujusmodi
2130 903 2283 949 impedi-

417 981 550 1015 mentQ
574 981 608 1007 et
628 975 674 1007 ita
695 974 851 1006 finaliter
871 974 989 1006 dictus
1011 973 1184 1017 magister
1203 971 1386 1005 Johannes
1408 970 1520 1003 nichil
1542 970 1642 1003 dedit
1660 977 1695 1003 et
1715 971 1830 1003 extitit
1851 970 2096 1016 magistratus.

504 1042 584 1073 46⁰⁶.
613 1042 699 1073 Item
729 1040 825 1085 quod
856 1040 974 1073 dictus
1002 1039 1240 1072 cancellarius
1268 1044 1324 1071 est
1353 1038 1397 1071 de
1428 1038 1508 1070 istis
1529 1037 1704 1070 abusibus
1725 1037 1917 1070 infamatus
1944 1049 2017 1069 non
2047 1037 2165 1071 solum
2187 1037 2281 1082 apud

416 1107 581 1148 clericos,
605 1107 669 1139 sed
691 1107 795 1139 etiam
818 1106 911 1151 apud
933 1106 1054 1151 laycos
1076 1106 1186 1138 totius
1207 1105 1292 1138 ville
1315 1111 1349 1137 ct
1370 1104 1529 1137 diocesis
1551 1104 1747 1137 Parisiens.

503 1174 583 1206 47¹¹⁵.
612 1173 698 1205 Item
715 1179 749 1205 et
765 1172 861 1217 quod
879 1172 1051 1217 magister
1067 1171 1262 1204 Nicholaus
1280 1171 1324 1204 de
1341 1171 1501 1212 Costa²⁹,
1518 1182 1611 1215 mag.
1632 1170 1670 1203 in
1687 1170 1811 1211 theol.7
1830 1170 1919 1203 Ord.
1936 1170 1980 1204 fr.
1999 1169 2102 1211 Min.‚
2122 1169 2282 1203 tractavit

416 1251 494 1271 cum
517 1239 612 1271 dicto
634 1238 848 1271 cancellario
868 1245 906 1271 ut
926 1238 1176 1271 admitteretur
1196 1238 1239 1270 ad
1261 1238 1441 1270 licentiam
1465 1237 1591 1270 dicens
1613 1237 1730 1270 eidem
1757 1249 1763 1269 ε
1788 1251 1803 1267 «
1828 1237 1863 1270 Si
1884 1236 2022 1270 faciatis
2043 1236 2152 1269 michi
2173 1235 2280 1275 bene,

416 1317 483 1350 ego
505 1306 627 1338 faciam
646 1305 750 1338 vobis
772 1305 865 1338 bene
884 1318 917 1345 »ς
937 1305 1108 1350 quodque
1130 1305 1224 1337 idem
1245 1305 1288 1337 de
1306 1305 1413 1338 Costa
1432 1305 1528 1337 dicto
1545 1303 1761 1337 cancellario
1779 1315 1844 1349 per
1859 1303 2038 1349 quendam
2056 1314 2279 1348 campsorem

419 1372 657 1405 Parisiensem
682 1372 776 1404 misit
799 1371 833 1404 xl
853 1373 1011 1412 francos,
1034 1371 1166 1416 quibus
1188 1371 1432 1412 mediantibus
1453 1371 1520 1404 suit
1540 1371 1723 1404 admissus
1744 1370 1787 1404 ad
1809 1370 2003 1403 licentiam.

503 1440 583 1472 48⁸⁵.
611 1440 697 1471 Item
726 1445 761 1471 et
791 1438 887 1483 quod
919 1438 1091 1483 magister
1120 1438 1330 1471 Remondus
1357 1438 1544 1483 Augeri³⁰‚
1567 1449 1661 1483 mag.
1693 1438 1730 1471 in
1761 1437 1886 1478 theol.7
1915 1437 2002 1470 Ord.
2034 1437 2077 1469 fr.
2109 1437 2281 1470 Heremit‚

418 1506 452 1539 S.
481 1506 589 1550 Aug„
620 1511 658 1538 ut
684 1505 934 1538 admitteretur
962 1505 1005 1538 ad
1035 1505 1244 1550 hujusmodi
1275 1504 1454 1538 licentiam
1487 1505 1604 1550 primo
1632 1504 1856 1550 presentavit
1884 1504 1983 1548 xijcim
2011 1504 2167 1543 francos,
2190 1515 2284 1549 quos

418 1572 595 1613 refutavit,
620 1572 702 1616 quia
723 1571 793 1605 sibi
815 1571 970 1604 debebat
989 1572 1107 1605 facere
1134 1572 1284 1617 gratiam
1306 1572 1350 1604 de
1372 1571 1516 1605 duobus
1537 1572 1654 1604 annis.
1678 1573 1719 1604 Et
1741 1571 1971 1616 postmodum
1993 1570 2088 1603 idem
2110 1570 2284 1616 magister

418 1638 627 1671 Remondus
663 1639 768 1671 traxit
801 1638 844 1671 de
879 1638 988 1671 bursa
1017 1638 1108 1671 alios
1139 1650 1266 1672 novem
1297 1639 1454 1680 francos,
1487 1638 1531 1671 de
1567 1637 1700 1683 quibus
1731 1638 1846 1671 eidem
1883 1637 2098 1671 cancellario
2133 1632 2283 1682 presen-

419 1705 503 1738 tavit
522 1705 596 1749 viij,
620 1717 711 1749 quos
737 1705 834 1750 Xijcim
854 1712 890 1738 et
913 1711 993 1737 octo
1015 1706 1158 1738 francos
1179 1705 1417 1739 cancellarius
1438 1712 1523 1738 tunc
1548 1705 1697 1750 recepit.
1725 1706 1882 1750 Ipseque
1902 1703 2140 1737 cancellarius
2165 1703 2282 1748 perci-

419 1771 522 1816 piens
544 1783 653 1804 unum
674 1772 835 1804 francum
858 1778 1064 1813 restantem,
1083 1772 1196 1805 voluit
1218 1784 1298 1804 eum
1321 1772 1454 1805 habere
1476 1772 1632 1805 dicendo
1654 1784 1719 1817 per
1739 1771 1805 1804 hec
1823 1771 1933 1805 verba
1952 1783 1958 1804 :
1983 1786 1999 1802 «
2017 1771 2145 1804 Adhuc
2166 1770 2281 1812 illum,

418 1837 532 1870 adhuc
554 1837 671 1870 illum!
693 1852 708 1867 »
732 1839 773 1870 Et
794 1838 878 1870 licet
899 1838 1016 1871 dictus
1038 1839 1210 1883 magister
1232 1839 1300 1872 sibi
1322 1839 1472 1879 diceret,
1495 1839 1593 1883 quod
1615 1845 1818 1871 remaneret
1838 1838 1917 1871 sine
1938 1838 2125 1883 peccunia,
2147 1836 2283 1870 cancel-

418 1904 528 1937 larius
550 1904 748 1949 subjunxst,
766 1904 861 1949 quod
885 1917 957 1937 non
979 1911 1054 1937 erat
1073 1905 1267 1944 curandus,
1291 1906 1373 1950 quia
1395 1906 1576 1938 modicum
1599 1912 1672 1939 erat
1694 1905 1738 1938 de
1760 1917 1845 1938 uno.

505 1972 585 2004 49⁰⁹.
614 1972 699 2003 Item
723 1977 757 2003 et
778 1971 874 2015 quod
896 1971 1069 2016 magister
1090 1972 1243 2017 Egidius
1261 1972 1304 2005 de
1326 1973 1523 2017 Campis³¹7
1541 1984 1634 2018 mag.
1658 1972 1695 2005 in
1716 1978 1781 2005 art.
1804 1979 1839 2005 et
1859 1972 1895 2005 in
1916 1971 2042 2012 theol.q
2060 1971 2118 2004 cui
2139 1970 2283 2016 quando

419 2044 493 2070 erat
520 2037 755 2070 baccallarius
782 2038 819 2070 in
845 2038 1008 2082 proximo
1030 2038 1285 2079 licentiandus,
1309 2039 1548 2072 cancellarius
1577 2039 1665 2072 dixit
1691 2038 1758 2072 hec
1778 2038 1889 2072 verba
1908 2038 1966 2072 vel
1987 2038 2118 2071 similia
2143 2049 2150 2070 :
2175 2038 2284 2071 «Vos

419 2104 506 2136 estis
528 2110 670 2136 notatus
692 2104 735 2136 de
757 2104 965 2137 adherendo
988 2105 1242 2138 Bartholomeo
1265 2106 1448 2151 antipape3
1472 2113 1507 2139 et
1533 2106 1615 2151 quia
1637 2106 1674 2138 in
1695 2118 1788 2138 anno
1811 2105 1953 2150 jubileo
1975 2105 2137 2150 proxime
2165 2111 2284 2150 prete-

420 2169 486 2201 rito
508 2170 783 2214 compleveratis
806 2177 947 2215 tempus
963 2178 1122 2204 vestrum
1146 2178 1180 2204 et
1200 2172 1367 2205 feceratis
1392 2173 1481 2205 sacta
1502 2179 1634 2213 vestra,
1658 2179 1806 2217 propter
1827 2172 1924 2215 quod
1945 2172 2073 2204 merito
2095 2170 2284 2204 debebatis

419 2236 614 2277 licenciam,
634 2243 665 2269 et
689 2236 858 2270 noluistis
880 2237 948 2270 sub
967 2250 1022 2270 me
1040 2239 1157 2282 (quem
1180 2238 1351 2271 sciebatis
1373 2239 1416 2271 ad
1438 2239 1592 2272 officium
1611 2239 1826 2272 cancellarie
1848 2251 1865 2271 a
1887 2238 2118 2271 sanctissimo
2136 2237 2283 2270 domino

420 2309 544 2335 nostro
567 2315 653 2347 papa
674 2303 860 2336 Clemente
882 2305 959 2337 sore
981 2305 1153 2337 canonice
1175 2305 1391 2349 institutum)
1413 2306 1563 2351 gradum
1592 2306 1744 2339 licencie
1765 2305 1930 2339 obtinere
1954 2317 1961 2338 x
1984 2317 2095 2350 quare
2116 2303 2282 2345 consulo,

421 2369 516 2413 quod
538 2381 610 2401 non
636 2370 816 2414 incipiatis
842 2371 884 2403 ad
915 2371 1162 2416 magisterium
1196 2371 1263 2404 sul)
1294 2372 1414 2417 aliquo
1442 2373 1616 2418 magistro
1647 2373 1811 2406 nacionis
1831 2379 1952 2406 vestre
1981 2372 2026 2405 ad
2055 2371 2282 2417 purgandum

421 2441 537 2467 notam
561 2436 769 2480 predictam.
790 2450 805 2466 ))
828 2438 980 2482 Propter
1001 2450 1070 2482 que
1090 2438 1200 2471 verba
1222 2439 1340 2471 dictus
1367 2439 1540 2484 magister
1561 2440 1714 2485 Egidius
1740 2439 1905 2472 turbatus
1934 2438 2120 2483 temptavit
2146 2437 2284 2483 pluries

422 2501 673 2534 cancellarium
692 2509 729 2534 ut
751 2502 819 2535 sibi
843 2503 992 2545 diceret,
1011 2504 1079 2537 sub
1097 2516 1167 2549 quo
1184 2505 1295 2538 vellet
1316 2506 1412 2550 quod
1434 2506 1623 2551 inciperet,
1642 2506 1829 2538 offerendo
1851 2505 1920 2538 sibi
1941 2504 2075 2538 bonum
2093 2511 2129 2537 et
2148 2504 2284 2549 pingue

422 2567 615 2612 signetum.
648 2569 752 2611 (ὲιιί32
783 2570 1033 2611 cancellarius,
1067 2571 1242 2615 quociens
1275 2583 1386 2617 super
1420 2572 1487 2605 hoc
1522 2572 1739 2617 loquebatur
1769 2572 1887 2605 dictus
1924 2572 2098 2617 magister
2131 2570 2284 2616 Egidius

423 2634 552 2674 eidem,
576 2634 838 2679 provocabatur
858 2636 900 2668 ad
928 2636 1013 2669 iram
1041 2641 1098 2678 [et]
1121 2638 1359 2671 comminatus
1385 2639 1452 2671 suit
1479 2639 1523 2671 de
1549 2639 1752 2672 accusando
1775 2651 1855 2672 eum
1878 2638 2024 2671 domino
2046 2644 2172 2671 nostro
2194 2649 2284 2683 pape

423 2712 461 2732 ac
484 2699 678 2734 scribendo
699 2701 735 2734 in
757 2702 854 2734 curia
876 2714 986 2747 super
1007 2710 1089 2736 nota
1111 2704 1283 2748 predicta.
1307 2705 1410 2737 Unde
1428 2717 1507 2738 cum
1526 2706 1677 2750 quadam
1698 2706 1776 2739 vice
1798 2705 1916 2738 dictus
1938 2705 2112 2750 magister
2132 2704 2285 2750 Egidius

423 2766 561 2799 diceret
580 2767 794 2800 cancellario
814 2780 820 2800 :
846 2783 860 2798 «
880 2769 1046 2810 Domine,
1069 2777 1214 2802 essetne
1235 2770 1369 2803 bonum
1388 2772 1483 2816 quod
1502 2772 1699 2817 inciperem
1723 2772 1791 2805 sub
1811 2771 1916 2805 vobis
1935 2773 1976 2804 »P
1995 2770 2185 2816 respondit
2204 2782 2286 2803 can-

423 2832 604 2873 cellarius,
636 2834 733 2878 quod
763 2846 835 2866 non
866 2842 1005 2879 poterat
1034 2837 1150 2868 facere
1182 2836 1324 2869 melius.
1357 2838 1461 2880 Quod
1492 2839 1683 2872 attendens
1714 2839 1832 2872 dictus
1860 2838 2035 2883 magister
2064 2837 2217 2882 Egidius
2247 2849 2286 2870 ac

424 2899 555 2932 timens
577 2900 621 2932 ‹le
642 2900 849 2944 hujusmodi
877 2902 984 2934 minis
1006 2909 1038 2934 et
1065 2903 1109 2935 de
1134 2902 1273 2935 honore
1295 2915 1373 2944 suo,
1397 2911 1429 2936 et
1452 2917 1495 2937 ne
1518 2905 1621 2938 etiam
1644 2905 1883 2950 impediretur
1904 2917 1968 2950 per
1989 2904 2123 2937 dictum
2145 2903 2286 2937 cancel-
