2488 3386
186 354 281 391 1384]
600 366 646 388 ΑΒ
681 366 786 387 ANNO
820 365 952 388 MCCCL
986 366 1116 394 USQUE
1152 368 1199 388 An
1235 368 1494 390 BENEnic'rUM
1530 370 1619 392 xii1.
1975 363 2038 395 317

188 465 328 503 1480.
355 474 480 503 Clemens
501 475 554 500 VII
566 473 701 507 (Iohanni
722 472 892 506 Blanchart)
918 472 1092 498 cancellario
1113 474 1219 505 Paris„
1243 478 1273 499 ut
1299 474 1420 500 Thomae
1436 475 1471 500 de
1490 477 1684 507 Gnenouvilla,
1705 477 1770 503 Ord.
1789 478 1918 504 Praedic.
1939 480 2039 514 (quiin

271 523 390 549 diversis
413 522 483 549 locis
498 522 569 548 dicti
587 521 653 548 Ord.
672 522 806 556 Logicam
821 530 855 546 ac
877 521 1040 547 naturalem
1057 525 1084 547 et
1098 522 1234 547 moralem
1246 522 1471 558 philosophiam,
1489 533 1595 550 necnon
1611 525 1713 550 librum
1731 527 1939 552 Sententiarum
1961 527 2037 562 legit,

272 576 298 598 et
307 581 360 608 per
369 572 494 607 quinque
507 579 598 597 annos
614 574 642 596 et
656 570 733 596 ultra
749 570 777 595 in
788 571 947 604 Rotomag„
961 570 1108 596 Leodiens.
1124 574 1150 595 et
1165 570 1200 596 de
1216 570 1347 606 Rupella,
1366 573 1555 599 Xanctonens.
1569 573 1669 607 dioec.,
1686 574 1815 600 domibus
1829 574 1916 600 lector
1930 576 2040 602 exstitit

268 620 450 656 principalis,
468 623 496 646 et
514 619 542 645 in
551 619 688 653 partibus
704 618 852 644 Leodiens.
869 627 921 654 pro
936 619 1084 644 Romanae
1100 618 1239 644 ecclesiae
1255 620 1376 653 negotiis
1391 621 1600 656 prosequendis
1617 622 1857 657 quamplurimum
1873 623 2035 658 laboravit),

271 669 374 695 librum
390 668 601 694 Sententiarum
617 669 646 694 in
665 667 747 693 domo
762 669 847 701 fratr.
869 667 934 693 Ord.
955 676 1030 693 anno
1049 668 1198 702 praesenti
1215 671 1338 703 tempore
1353 669 1488 694 aestivali
1508 669 1549 695 vel
1563 670 1640 695 alias
1657 670 1769 704 legendi
1784 671 1928 697 licentiam
1944 681 2041 698 conce-

271 718 325 743 dat
339 717 375 743 de
391 717 568 752 benignitate
583 716 754 753 apostolica.
773 712 837 742 Dat.
855 716 998 742 Avinionc
1011 717 1040 750 iij
1052 717 1109 742 kal.
1127 717 1202 746 Maii,
1218 725 1296 743 anno
1309 717 1427 750 quinto.
1441 729 1453 740 «
1470 718 1528 744 Viri
1544 726 1620 745 sacre
1636 729 1661 744 >›.

1374 803 1446 831 1383,
1463 803 1552 835 Aprilis
1567 804 1612 833 29,
1629 804 1758 830 dveniens.

276 890 336 921 Reg.
354 890 411 912 Vat.
429 890 508 913 Aven.
525 888 666 912 Clementis
680 888 734 917 Vll,
751 888 802 911 vol.
820 888 893 917 XXX,
911 888 956 911 sol.
972 888 1015 911 551
1024 888 1043 911 b.
1054 902 1084 905 ——
1095 889 1140 911 An.
1159 889 1228 918 1387,
1245 890 1310 920 Aug.
1328 892 1341 912 5
1356 891 1424 918 (non.
1441 891 1516 921 Aug„
1532 899 1573 913 an.
1589 893 1646 920 vn),
1663 891 1776 914 Thomas
1791 900 1801 913 (ε
1819 892 1849 914 dc
1870 891 2014 915 Gronivilln
2028 902 2038 913 );

181 934 313 958 ordinarie
326 933 474 957 Sententias
487 933 605 961 Parisiis,
620 932 697 964 «jam
710 932 755 955 diu
770 935 810 955 est
824 941 845 960 u,
861 932 935 963 legit,
951 936 976 955 et
991 933 1110 956 Clemens
1126 933 1172 956 VII
1188 934 1345 957 cancellario
1362 934 1475 965 injungit
1490 938 1518 957 ut
1536 943 1595 958 eum
1610 939 1670 966 post
1685 936 1902 959 examinationem
1917 936 1949 959 ad
1963 936 2042 960 hono—

182 987 236 1002 rem
255 978 403 1010 magisterii
417 980 572 1009 promoveat
592 978 664 1008 (Reg.
681 977 737 1000 Vat.
757 985 851 1000 comm.
870 977 950 1000 Clam.
967 977 1021 1005 Vll,
1039 981 1068 1000 n0
1086 978 1139 1006 296,
1155 978 1198 1000 sol.
1216 979 1254 1001 84.
1270 986 1280 1000 a
1295 978 1349 1001 Viri
1366 986 1438 1001 sacre
1451 981 1481 1008 υ),
1499 979 1544 1002 sed
1555 980 1662 1002 suborta
1680 980 1725 1002 lite
1742 983 1832 1003 contra
1847 980 2041 1004 Praedicatores

181 1022 318 1046 occasione
330 1022 458 1045 Johannis
474 1022 505 1045 de
517 1022 668 1045 Montesono
687 1021 794 1044 minime
807 1021 915 1044 Parisiis
932 1021 1081 1044 licentiatus
1097 1025 1144 1044 est.

188 1189 328 1226 1481.
356 1198 482 1224 Clemens
502 1198 555 1223 VII
565 1197 605 1223 ad
626 1197 770 1232 Milonem,
788 1198 874 1233 episc.
892 1197 1064 1231 Belvacens„
1085 1197 1264 1224 Guillelmum
1280 1198 1454 1229 Marteleti⁴,
1477 1199 1616 1225 decanum
1631 1200 1805 1234 Nivemens„
1823 1201 1948 1226 Parisiis
1968 1209 2042 1226 com-

272 1251 424 1281 morantes,
443 1250 469 1272 et
484 1246 646 1272 εανιίονεηι2
659 1247 754 1273 Paris.
772 1248 877 1272 Domus
892 1247 987 1272 Paris.
1004 1248 1128 1280 fratrum
1148 1247 1214 1272 Ord.
1232 1248 1263 1273 B.
1282 1248 1395 1273 Mariae
1411 1247 1446 1273 de
1460 1249 1554 1274 Monte
1568 1248 1690 1274 Carmeli
1701 1252 1819 1284 propter
1833 1249 2042 1275 multitudinem

272 1295 376 1322 ibidem
401 1304 491 1321 causa
516 1294 652 1321 studendi
671 1295 755 1320 nimis
780 1299 863 1320 arcta
887 1299 936 1321 est.
965 1295 1103 1329 Contigua
1125 1299 1222 1320 exstat
1239 1295 1338 1321 domus
1359 1296 1502 1331 quaedam
1523 1296 1559 1322 ab
1576 1297 1682 1322 abbate
1701 1299 1729 1323 S.
1750 1298 1905 1331 Genovefae
1924 1297 2041 1332 collegio

272 1345 473 1379 magistrorum
493 1348 520 1370 et
533 1343 620 1370 schol.
640 1344 720 1378 regni
735 1344 844 1369 Daciae
859 1343 911 1369 sub
927 1343 1137 1369 conditionibus
1159 1344 1278 1376 tradita,
1298 1353 1383 1379 quam
1404 1345 1520 1370 uendere
1537 1345 1644 1377 vellent,
1662 1346 1688 1370 si
1703 1350 1778 1371 esset
1793 1345 1908 1372 licitum.
1928 1348 2041 1372 Fratres

270 1393 416 1429 praedicti
431 1394 517 1419 istam
536 1392 648 1418 domum
669 1401 760 1418 emere
779 1396 806 1418 et
825 1392 885 1418 loco
905 1401 1001 1418 eorum
1021 1393 1178 1428 adjungere
1193 1394 1318 1429 cupiunt.
1339 1395 1468 1419 Summus
1481 1395 1616 1429 pontifex
1636 1395 1758 1428 injungit
1777 1394 1880 1430 quibus
1895 1404 1994 1430 supra,
2013 1398 2043 1420 ut

272 1442 421 1478 inquirant
433 1446 460 1468 et
475 1442 647 1468 auctoritate
662 1441 825 1477 apostolica
841 1441 984 1467 decidant.
1003 1442 1067 1468 Dat.
1085 1442 1226 1468 Avinione
1240 1451 1308 1468 non.
1327 1443 1402 1472 Maii,
1418 1451 1497 1468 anuo
1511 1443 1626 1476 quinto.
1643 1454 1656 1467 α
1671 1444 1784 1469 Sincere
1794 1444 1953 1470 devotionis
1967 1454 1991 1469 ψ).

1429 1528 1502 1556 1383,
1519 1527 1579 1552 Maii
1594 1528 1614 1556 7,
1631 1527 1759 1553 tronione.

276 1611 339 1642 Reg.
356 1611 412 1633 Vat.
431 1611 512 1633 Aven.
527 1610 653 1633 Clement.
669 1610 723 1638 vn,
748 1610 800 1633 vol.
816 1610 903 1638 XXIX,
923 1610 967 1633 tol.
984 1610 1027 1632 131
1035 1610 1054 1633 b.
1070 1623 1101 1627 —
1116 1610 1240 1638 Felibien,
1259 1610 1328 1634 llist.
1345 1612 1377 1634 de
1401 1611 1428 1634 la
1446 1610 1511 1634 ville
1531 1612 1563 1634 de
1582 1611 1674 1638 Paris,
1692 1611 1736 1638 111,
1756 1612 1800 1634 224
1820 1611 1873 1640 (uhi
1893 1611 1966 1634 hulln
1983 1619 2043 1642 per-

181 1663 273 1686 peram
288 1663 330 1679 an.
348 1655 417 1684 1³86,
429 1658 457 1678 ut
471 1658 497 1678 et
511 1663 554 1686 ap.
566 1654 693 1678 Jourdain
709 1659 738 1677 n⁰
753 1655 807 1683 816,
823 1654 984 1686 ascribitur).
1000 1655 1110 1686 Propter
1124 1654 1173 1677 hoc
1186 1654 1218 1677 lis
1235 1655 1343 1678 suborta
1358 1658 1398 1677 est
1410 1655 1477 1678 inter
1488 1663 1558 1685 mag,
1569 1655 1714 1678 ,iohannem
1725 1655 1805 1678 Basse
1820 1655 1851 1678 de
1862 1664 1941 1686 regno
1953 1656 2045 1678 Daciae

183 1703 208 1723 et
222 1702 350 1723 rectorem
366 1702 391 1722 et
408 1699 530 1722 Univers.
544 1699 628 1722 Paris.
645 1699 755 1722 Carolus
768 1699 810 1727 Vl,
825 1707 866 1722 an.
882 1699 951 1728 1386,
970 1700 1037 1730 Aug.
1052 1700 1075 1727 9,
1095 1698 1168 1721 curia
1184 1699 1343 1722 Parlamcnti
1359 1699 1396 1721 sic
1411 1699 1557 1728 ordinante,
1574 1699 1680 1722 domum
1696 1699 1883 1730 magistrorum
1899 1703 1924 1722 et
1941 1699 2044 1722 schola-

183 1744 252 1767 rium
267 1743 342 1775 regni
357 1743 452 1767 Daciae
464 1751 522 1766 esse
536 1743 691 1766 tradendam
703 1743 829 1766 tratribus
845 1743 876 1766 de
885 1743 971 1766 Monte
986 1743 1099 1766 Carmeli
1115 1744 1230 1771 mandat,
1245 1743 1294 1766 sub
1310 1743 1457 1767 conditione
1470 1747 1499 1766 ut
1511 1744 1540 1766 24
1551 1744 1635 1767 librae
1648 1744 1727 1766 annui
1738 1744 1854 1767 redditus
1864 1744 1895 1767 ad
1906 1744 2043 1767 utilitatem

184 1788 314 1812 dictorum
327 1788 516 1819 magistrorum
531 1791 556 1811 et
571 1787 731 1811 scholarium
747 1788 780 1810 ab
796 1787 890 1811 iisdem
904 1787 1029 1811 fratribus
1045 1787 1214 1818 assignentur
1230 1788 1363 1817 (Fdlibien,
1376 1788 1393 1811 l.
1410 1796 1442 1816 c.,
1458 1797 1484 1819 p.
1500 1789 1564 1817 225).
1577 1788 1676 1811 Virtute
1692 1788 1768 1819 hujus
1785 1788 1931 1811 donationis
1947 1788 2043 1811 instru-

183 1836 299 1856 mentum
313 1834 458 1856 conl'ectum
474 1835 521 1860 est,
539 1841 589 1864 quo
605 1835 695 1855 notum
713 1832 742 1855 fit
758 1832 865 1855 domum
884 1832 1047 1863 praedictam
1062 1832 1186 1855 traditam
1204 1832 1284 1855 fuisse
1301 1832 1426 1855 fratribus
1445 1832 1508 1856 Ord.
1525 1832 1611 1856 Carm.
1628 1832 1761 1862 (Felihien,
1785 1833 1803 1856 1.
1823 1841 1855 1862 c.‚
1876 1841 1901 1863 p.
1924 1833 2042 1861 224-226),

186 1878 214 1900 ln
228 1877 401 1900 instrumento
424 1877 613 1900 nominantur:
633 1876 740 1900 maistre
756 1877 840 1900 Jehan
861 1876 981 1905 Goulain,
1003 1876 1111 1900 maistre
1131 1885 1161 1900 cn
1182 1876 1322 1908 theologie,
1341 1877 1449 1900 maistre
1468 1877 1551 1899 Jchnn
1572 1877 1602 1899 dc
1620 1877 1645 1899 la
1665 1877 1765 1906 Parme,
1789 1876 1896 1899 maistre
1916 1880 2007 1907 regent
2021 1880 2045 1899 et

185 1921 293 1944 maistre
306 1929 337 1944 en
351 1921 492 1952 theologie,
510 1922 577 1944 frere
592 1921 658 1944 Yves
670 1921 777 1949 Bouic³,
794 1921 826 1944 fr.
842 1921 960 1944 Bernard
973 1921 997 1944 le
1014 1921 1132 1950 Texier'0,
1148 1922 1179 1944 rr.
1196 1921 1283 1944 Pierre
1299 1922 1330 1944 de
1349 1922 1374 1944 S.
1394 1921 1487 1944 Murtin
1495 1922 1514 1949 ὓ,
1531 1922 1561 1944 sr.
1578 1921 1666 1944 Nicole
1682 1921 1712 1944 de
1728 1921 1826 1944 Reville
1839 1921 2006 1951 subz-prieur
2020 1924 2045 1943 et

184 1974 328 1997 procureur
343 1965 406 1989 dud.
423 1969 541 1994 convent,
559 1967 590 1989 fr.
606 1966 690 1989 Jehan
703 1965 816 1994 Cherite,
831 1967 863 1989 fr.
880 1965 1029 1989 Guillaume
1044 1965 1263 1994 Quatrc—molins,
1281 1967 1312 1988 fr.
1328 1965 1475 1989 Guillaume
1486 1965 1582 1993 Perier,
1601 1966 1631 1988 fr.
1646 1966 1762 1998 Ruymon
1775 1965 1895 1995 Chamar,
1911 1966 1940 1988 fr.
1958 1965 2045 1988 Pierre

184 2011 244 2039 Ros,
262 2011 293 2033 fr.
311 2010 398 2041 Henry
411 2010 527 2038 Beutart,
547 2011 578 2033 rr.
594 2011 705 2041 Jacques
722 2010 753 2033 de
769 2010 1035 2041 Chasteau-Thierry,
1051 2013 1109 2033 tous
1122 2010 1250 2041 religieux
1265 2010 1326 2033 dud.
1341 2010 1417 2032 ordre
1431 2013 1456 2032 ct
1469 2010 1529 2032 dud.
1543 2013 1661 2032 convent.
1678 2009 1767 2032 Exstat
1777 2010 1808 2032 de
1821 2010 1868 2032 hoc
1880 2009 1957 2032 etiam
1970 2009 2046 2031 docu-

184 2058 300 2078 mentum
316 2054 400 2085 ejusd.
417 2063 469 2083 Μὴ,
487 2055 552 2085 Aug.
571 2055 608 2083 27,
626 2054 652 2077 in
665 2054 743 2078 Arch.
762 2058 816 2078 nat.
831 2054 915 2077 Paris.
930 2055 975 2077 ΧΗ·
991 2054 1059 2082 1473,
1075 2055 1120 2078 sol.
1138 2054 1264 2077 182-1831‘.

278 2139 301 2162 1.
315 2139 364 2166 Qui
379 2147 460 2170 supra
470 2147 497 2170 p.
511 2139 565 2162 147.
581 2153 608 2156 —
625 2140 647 2162 2.
659 2139 811 2170 Philippum
825 2139 856 2161 de
871 2138 985 2162 Molinis.
996 2152 1027 2156 —
1037 2140 1060 2162 3.
1075 2139 1177 2162 Evenus
1190 2138 1269 2161 Bohic
1281 2146 1322 2161 an.
1338 2139 1407 2167 1388,
1418 2137 1479 2161 Maii
1491 2139 1512 2166 2,
1530 2138 1555 2160 iu
1568 2138 1646 2160 theol.
1661 2138 1808 2160 licentiatus
1819 2141 1867 2161 est.
1877 2151 1905 2154 -
1917 2139 1939 2160 li.
1955 2138 2045 2160 Licen—

185 2183 264 2206 tiatus
279 2191 321 2208 an.
339 2184 397 2206 1391
416 2183 575 2212 (Bernardus
591 2183 729 2213 Textoris),
746 2187 775 2206 ut
789 2187 901 2214 apparet
916 2192 928 2206 c
945 2183 1033 2207 Catal.
1050 2183 1143 2207 licent.
1161 2183 1238 2212 (Bihl.
1253 2186 1306 2206 nat.
1328 2191 1391 2206 mss.
1413 2183 1497 2210 565721,
1516 2183 1607 2211 12850).
1622 2196 1651 2199 -
1669 2184 1690 2204 5.
1705 2182 1799 2205 Licent.
1813 2190 1854 2205 an.
1872 2182 1941 2205 1380.
1960 2183 2044 2213 Supra

184 2231 213 2250 n⁰
230 2227 299 2251 1466.

190 2350 330 2387 1482.
357 2358 482 2385 Clemens
503 2360 556 2385 VJ!
567 2358 702 2392 (Iohanni
722 2359 903 2393 Blanchart),
926 2358 1100 2384 cancellario
1123 2359 1228 2392 Paris.,
1254 2362 1283 2383 ut
1303 2359 1417 2383 Petrum
1442 2357 1476 2383 de
1495 2357 1647 2391 Bancheio,
1669 2357 1838 2382 Bituricens.
1856 2356 1957 2390 dioec„
1977 2356 2041 2382 Ord.

272 2408 417 2442 Praedia,
436 2408 486 2443 qui
500 2407 603 2433 librum
618 2408 828 2434 Sententiarum
845 2408 873 2433 in
889 2407 1011 2433 Metensi
1025 2411 1159 2433 conventu
1176 2406 1244 2441 legit
1259 2415 1293 2432 ac
1309 2406 1337 2432 in
1355 2406 1559 2432 Aurelianensi
1575 2405 1663 2431 tector
1680 2405 1851 2441 principalis
1869 2405 1988 2438 exstitit,
2006 2404 2045 2430 ad

274 2456 411 2482 lecturam
438 2456 648 2482 Sententiarum
668 2456 849 2482 aestivalium
866 2456 907 2482 vel
925 2456 1091 2482 hiemalium
1113 2465 1161 2481 an.
1179 2456 1247 2482 1384
1263 2455 1290 2480 in
1305 2454 1411 2480 scholis
1434 2458 1581 2479 conventus
1609 2454 1700 2480 Paris.
1729 2453 1793 2479 Ord.
1812 2453 1956 2479 admittat.
1976 2453 2038 2479 Dat.

272 2505 413 2532 Avinione
425 2506 465 2539 iiij
480 2513 549 2532 non.
565 2505 645 2535 Julii‚
661 2513 740 2531 anno
755 2506 871 2539 quinto.
891 2516 903 2528 κ
916 2505 974 2531 Viri
990 2513 1066 2531 sacre
1083 2515 1107 2530 w.

1429 2562 1504 2590 1383,
1520 2561 1582 2586 dulit
1593 2560 1617 2590 4,
1634 2560 1762 2586 Avenione.

278 2647 341 2677 Reg.
363 2646 420 2669 vat.
437 2647 517 2669 Aven.
534 2646 675 2670 Clementis
691 2646 745 2674 Vll,
763 2647 814 2669 vol.
833 2647 906 2674 XXX,
931 2647 974 2669 fol.
991 2646 1062 2669 (507'2⁴
1083 2659 1114 2662 —
1131 2644 1289 2668 Licentiatus
1308 2644 1333 2666 in
1349 2644 1428 2667 theol.
1447 2651 1460 2665 c
1481 2644 1568 2667 Galat.
1590 2643 1682 2667 licent.
1700 2644 1721 2672 (α
1740 2643 1830 2665 Petrus
1846 2642 2004 2665 Bauchcrius
2022 2648 2042 2669 ιο)

186 2698 227 2713 an.
245 2690 304 2713 1386
320 2690 409 2719 (1387).
424 2690 483 2721 Ipse
498 2693 538 2713 est
556 2690 664 2713 ultimus
681 2691 762 2713 frater
777 2690 954 2719 Praedicator,
971 2690 1015 2721 qui
1031 2693 1089 2712 ante
1113 2698 1155 2712 an.
1175 2689 1234 2711 1403
1253 2690 1370 2719 (propter
1388 2687 1580 2718 separationem
1596 2686 1741 2710 Praedicat.
1757 2694 1772 2708 a
1791 2685 1920 2708 consortio
1939 2685 2043 2708 Univer-

186 2734 280 2763 sitatis)
294 2734 321 2757 in
338 2734 471 2765 theologia
490 2734 599 2757 Parisiis
618 2734 768 2758 licentiatus
790 2738 837 2758 est.
862 2734 889 2757 Si
914 2734 1020 2765 quidam
1042 2734 1134 2756 Petrus
1145 2742 1155 2755 κ
1168 2732 1328 2756 Boncherius
1345 2740 1366 2761 »,
1383 2735 1410 2754 nt
1423 2731 1634 2759 Qudtis-Echard,
1652 2731 1670 2759 1,
1684 2732 1738 2758 698,
1750 2738 1763 2753 e
1774 2730 1869 2761 Ripoll,
1883 2729 1959 2753 Bull.
1978 2729 2041 2752 Ord.

186 2778 298 2807 Praeti„
315 2779 346 2806 11,
364 2779 402 2808 36.
421 2778 541 2807 afferunt,
558 2779 639 2809 episc.
653 2779 784 2802 Tiniensis
801 2779 857 2808 suit,
875 2786 925 2801 non
940 2782 980 2801 est
995 2778 1192 2801 confundendus
1208 2785 1265 2799 cum
1282 2784 1363 2807 supra
1378 2776 1468 2803 relato,
1484 2784 1529 2798 nec
1541 2783 1608 2798 saec.
1625 2782 1712 2797 x1v-xv
1728 2774 1907 2796 ascribendus.
