2488 3386
230 298 324 335 1387]
647 311 692 332 ΑΒ
727 310 833 333 Auno
869 310 999 333 MCCCL
1037 311 1165 340 USQUE
1201 312 1248 334 AD
1284 312 1548 335 BENEDICTUM
1585 314 1673 336 x111.
2026 304 2089 338 463

315 386 387 411 Item
402 385 533 411 Nicotaus
547 384 740 418 Nellenburg³
754 385 790 411 dc
805 385 972 413 Waltkilch.
990 392 1101 419 pauper
1114 385 1180 411 cler.
1199 385 1412 412 Constancicns.
1430 387 1515 416 dioc„
1533 395 1609 420 mag.
1627 388 1656 413 in
1672 389 1725 413 art.
1743 396 1758 414 a
1773 390 1899 422 quatuor
1913 389 1995 414 annis
2008 389 2087 419 citra.

226 435 255 460 et
268 434 391 460 totidem
406 434 483 460 stud.
500 433 530 459 in
545 434 634 460 theol.

316 483 388 509 Item
405 483 532 509 Judocus
546 482 671 508 Schurin
683 482 719 508 de
734 482 886 508 Guississin
902 482 935 516 (9)
946 481 962 512 ἶ,
980 482 1124 509 Basilicus.
1142 483 1228 511 dioc„
1243 483 1379 516 magister
1394 483 1424 509 in
1437 485 1492 510 art.
1507 485 1534 510 et
1550 484 1625 510 stud.
1643 484 1672 510 in
1688 485 1764 511 decr.
1911 486 1946 520 [A]

320 580 347 602 ln
366 579 513 602 miserrimo
530 582 599 602 statu
621 582 682 601 tunc
705 578 830 609 temporis
847 578 918 601 natio
934 578 1078 609 Anglicana
1096 578 1152 607 suit,
1176 579 1265 610 utiquc
1282 587 1385 610 semper
1399 580 1517 610 qualibet
1532 580 1583 603 ulia
1601 581 1704 604 natione
1721 581 1842 605 debilior.
1856 582 1973 609 Quntuor
1988 585 2087 605 tantum

225 623 363 654 supposita
375 631 456 654 supro.
469 622 624 651 afferuntur,
636 631 786 654 quanquam
802 623 878 653 plura
891 622 943 645 ulia
954 622 1065 645 Parisiis
1077 623 1259 646 morabuntur.
1274 624 1366 646 Rotulo
1381 624 1566 647 Universitatis
1580 633 1622 647 an.
1637 625 1697 647 1379
1715 625 1742 648 17
1757 626 1860 648 nomina
1874 626 1986 649 nationis
1998 627 2088 657 Angli-

224 676 304 691 canae
320 668 419 690 inserta
434 670 517 696 erant,
536 670 561 690 et
575 666 663 689 omnia
678 666 729 689 ista
750 666 899 698 supposita,
920 666 1004 689 tribus
1021 667 1145 698 exceptiS‚
1162 675 1175 690 e
1194 667 1290 690 Seotia.
1312 668 1358 691 An.
1379 668 1447 697 1383,
1469 676 1558 692 mense
1576 669 1651 692 Febr.
1667 669 1703 697 17,
1721 669 1798 692 etiarn
1817 670 1887 692 natio
1904 672 2022 693 consessa
2038 673 2086 701 est,

223 720 321 742 paucos
337 720 394 734 esse
411 711 566 734 inrotutatos
583 719 612 734 ex
629 714 704 742 parte
717 711 831 734 nationis
850 711 912 741 (vid.
929 711 999 734 intra
1014 712 1053 734 De
1070 711 1242 741 Schts-mate),
1257 712 1318 734 dum
1334 715 1420 735 tumen
1436 721 1478 736 un.
1496 713 1555 736 1362
1571 713 1634 742 (vid.
1651 722 1676 744 p.
1693 714 1731 743 9⁶2)
1746 715 1774 736 55
1786 714 1904 744 magistri
1922 722 1968 737 sua
1984 715 2087 737 nomina

224 756 309 779 rotulo
325 755 454 779 dederint.
469 756 554 779 Causa
569 755 647 786 hujus
660 755 812 778 minutionis
824 755 963 787 quaerenda
979 756 1057 779 estin
1072 764 1184 787 persona
1200 764 1278 787 quam
1292 756 1374 787 gessit
1386 757 1411 779 in
1429 757 1574 780 Schismate
1591 757 1661 780 natio
1677 757 1828 788 Anglicana.
1845 758 1954 788 Propter
1970 758 2086 781 Schisma

223 800 330 831 insuper
345 803 370 823 et
383 802 492 831 propter
507 808 615 823 examen
633 800 659 822 S.
676 800 824 823 Genovesne
844 800 915 823 natio
930 800 1074 831 Anglicanu
1095 804 1156 823 tunc
1177 800 1284 824 viduata
1300 801 1435 832 magistris
1455 805 1524 830 erat;
1539 802 1629 832 plures
1649 802 1770 832 magistri
1786 810 1846 825 nnn.
1863 802 1923 825 1382
1943 806 1967 825 et
1984 803 2042 826 1383
2055 803 2087 826 ad

222 845 288 868 alias
304 847 392 876 partes
408 844 519 876 protecti
537 847 599 867 sunt
611 844 674 874 (vid.
689 844 747 868 Lib.
762 851 878 875 procur.
896 844 921 867 in
938 846 1055 868 Auctar.
1072 845 1211 873 Chartul.,
1226 845 1246 874 Ι,
1265 845 1290 868 in
1305 846 1374 874 fine).

315 929 336 952 1.
354 929 423 952 Haec
438 929 550 951 formula
566 928 591 951 in
606 928 775 959 sequentibus
796 928 893 960 ubique
914 929 1035 952 occurrit.
1051 942 1080 946 ——
1098 930 1120 952 2.
1136 929 1263 952 Ilenricus
1282 929 1404 952 Poelman
1429 930 1505 958 (sicut
1526 933 1550 953 et
1571 938 1681 961 sequens
1699 930 1835 961 magister)
1853 939 1894 953 an.
1918 931 1985 959 1382,
2002 931 2087 960 Febr.‚

221 973 416 1002 determinavit;
434 974 479 996 sed
498 973 630 997 licentium
645 973 671 996 in
686 974 782 996 Nostra
798 973 907 996 Domina
923 973 1030 1004 recepit,
1046 977 1155 1004 propter
1184 974 1252 1005 quod
1269 982 1283 996 a
1300 974 1404 997 natione
1422 975 1565 1006 Anglicana
1582 975 1702 997 exclusus
1719 978 1783 1005 erat,
1801 976 1860 1006 quia
1875 975 2022 998 licentiatus
2038 975 2086 998 sub

220 1018 376 1041 cancellario
391 1027 405 1041 u
421 1018 552 1041 Clemente
568 1019 613 1041 ΥΠ
627 1018 756 1041 instituto.
770 1018 828 1041 Vid.
844 1019 902 1042 Lib.
916 1025 993 1048 proc.
1010 1022 1069 1042 nat.
1083 1018 1204 1048 A719l.in
1222 1021 1339 1042 Auctar-
1352 1020 1567 1045 01ιανίιιῖ.,1.11(1
1580 1028 1620 1043 an.
1636 1020 1705 1048 1382,
1718 1020 1798 1051 April.
1813 1020 1835 1050 1,
1848 1019 1907 1042 Maii
1925 1021 1945 1047 7,
1962 1019 2031 1042 Junii
2047 1021 2085 1048 20,

220 1066 244 1086 et
259 1064 368 1093 August.
388 1064 434 1086 An.
451 1062 521 1092 1383,
536 1063 656 1091 januar„
672 1065 829 1094 procurator
843 1062 900 1086 fuit.
915 1076 946 1080 —
962 1063 985 1086 3.
1002 1062 1191 1086 Determinavit
1206 1071 1247 1086 an.
1262 1064 1330 1092 1379,
1350 1064 1434 1092 Febr.,
1450 1072 1479 1087 ex
1494 1064 1551 1087 Lib.
1566 1071 1681 1094 procur.
1698 1078 1724 1081 —-
1740 1064 1959 1088 l¹.Verisimiliter
1974 1065 2086 1087 Fousse-

220 1116 314 1139 magne
330 1109 422 1139 (germ.
436 1107 586 1135 Viessenen,
602 1107 761 1136 Fiessenen).
772 1107 832 1130 Vid.
848 1107 1026 1136 Ristelhuber,
1043 1107 1172 1132 L'Alsctce
1188 1109 1327 1132 ancienne
1342 1113 1365 1132 ct
1379 1110 1520 1134 moderne.
1539 1117 1564 1139 p.
1582 1109 1635 1131 142.
1653 1108 1700 1131 Vix
1713 1108 1878 1131 Fessenheim
1896 1109 2084 1138 (Vessenhein).

309 1200 384 1233 Fiat
404 1212 469 1245 pro
492 1200 662 1233 omnibus
684 1200 883 1233 secundum
907 1200 1170 1233 ordinationem
1194 1200 1307 1233 datam
1340 1201 1375 1233 111
1403 1201 1616 1234 cancellaria
1644 1201 1679 1233 in
1702 1201 1907 1245 signatione
1933 1201 2083 1234 secundi

221 1267 340 1300 rotuli.
1557 1269 1599 1301 G.

307 1333 486 1378 Dignctur
500 1333 671 1366 sanctitas
685 1340 804 1367 vestra
821 1333 1108 1378 supplicationes
1123 1333 1166 1366 ad
1183 1333 1425 1367 exauditionis
1442 1334 1590 1379 gratiam
1609 1334 1797 1367 admittere
1812 1346 1881 1379 que
1896 1341 2082 1379 sequntur.

306 1399 425 1432 Primo
447 1400 544 1444 quod
568 1400 731 1445 magistri
752 1400 925 1433 licentiati
946 1413 985 1433 ac
1007 1399 1190 1433 hacallarii
1211 1401 1352 1433 formati
1374 1401 1409 1433 in
1432 1400 1541 1433 theol.
1562 1413 1601 1433 ac
1623 1401 1792 1434 doctores
1812 1407 1844 1433 01
1866 1413 1944 1433 011111
1963 1400 2083 1446 rigore

217 1466 391 1499 examinis
412 1466 586 1499 licentiati
607 1467 643 1499 in
659 1467 743 1511 jure
764 1479 843 1500 cau.
860 1467 918 1500 vel
939 1467 1050 1508 civili,
1072 1479 1111 1500 ac
1134 1467 1296 1512 magistri
1318 1467 1354 1500 in
1376 1467 1470 1500 med.
1494 1467 1692 1512 supradicti
1713 1467 1856 1512 possint
1876 1467 1926 1500 uti
1944 1467 2083 1500 duabus

215 1534 342 1578 gratiis
364 1540 398 1566 et
418 1545 488 1566 una
508 1533 756 1566 nominatione
778 1534 878 1579 regis
897 1533 956 1567 vel
977 1534 1126 1567 alterius
1147 1534 1337 1579 regalium,
1356 1534 1460 1567 etiam
1483 1534 1600 1578 quoad
1623 1534 1961 1579 incompatibilia....

305 1601 391 1633 Item
414 1600 511 1645 quod
536 1600 572 1632 in
595 1600 908 1645 expectationibus
930 1607 964 1633 et
992 1600 1312 1634 reformationibus
1342 1601 1550 1646 gratiarum,
1576 1613 1664 1645 quas
1693 1607 1830 1646 petunt,
1858 1600 2012 1633 habeant
2036 1601 2079 1633 ad

214 1679 477 1712 quamcumque
500 1674 611 1700 taxam
635 1667 711 1701 sive
733 1679 964 1700 summam....

302 1734 390 1766 Item
413 1733 510 1778 quod
531 1734 695 1778 magistri
717 1734 753 1766 in
774 1741 855 1774 art.,
873 1733 1056 1767 bacallarii
1077 1734 1114 1766 in
1137 1734 1246 1767 theol.
1269 1746 1342 1767 non
1363 1734 1503 1767 formati
1526 1741 1558 1766 et
1580 1746 1764 1775 0111501οεἼ
1786 1746 1824 1766 ac
1847 1734 1981 1778 injure
2002 1746 2078 1766 can.

212 1799 269 1833 vel
297 1800 394 1833 civili
425 1800 598 1833 licentiati
626 1800 704 1833 sine
726 1801 847 1846 rigore
870 1801 1044 1833 examinis
1067 1807 1101 1833 01
1128 1801 1324 1842 bacallarii,
1347 1813 1489 1833 necnon
1510 1801 1546 1833 in
1569 1801 1662 1833 med.
1686 1801 1857 1833 licentiati
1884 1800 2079 1845 supradicti

214 1867 355 1911 possint
376 1867 427 1899 uti
449 1866 589 1900 duabus
613 1867 740 1912 gratiis
761 1867 866 1900 etiam
893 1867 1241 1912 incompatibilibus,
1264 1868 1310 1900 ita
1334 1874 1451 1900 tamen
1474 1867 1571 1912 quod
1598 1879 1661 1912 per
1683 1867 1948 1900 assecutionem
1973 1867 2078 1899 unius

211 1933 278 1965 alia
300 1932 419 1978 quoad
440 1933 711 1979 incompatibile
733 1934 903 1967 duntaxat
924 1934 970 1967 sit
989 1934 1218 1967 momenti....

301 2000 526 2033 Concessum
549 1999 593 2033 de
615 2000 785 2033 omnibus
806 2000 986 2034 Avinioue
1009 2001 1125 2045 pridie
1146 2000 1215 2033 kal.
1237 2000 1409 2045 Augusti,
1431 2012 1524 2033 anno
1546 2012 1655 2033 nono.

305 2107 368 2137 Reg.
384 2107 442 2129 Vnt.
459 2106 553 2137 Suppl.
575 2106 715 2129 Clementis
732 2107 787 2137 Vll,
806 2115 848 2130 an.
868 2107 892 2136 9,
909 2115 937 2138 p.
959 2107 981 2130 2.
999 2107 1108 2130 Botulus
1132 2110 1214 2130 totum
1230 2107 1351 2129 volumen
1375 2107 1466 2138 replet.
1487 2120 1512 2124 -
1530 2107 1558 2130 In
1577 2106 1759 2137 superioribus
1777 2114 1827 2129 non
1849 2106 1937 2128 omnia
1958 2114 2023 2137 quae
2042 2106 2075 2128 ud

209 2150 323 2182 primum
338 2154 363 2173 ct
374 2151 516 2173 secundum
533 2151 648 2173 rotulum
665 2151 852 2174 Universitatis
869 2151 952 2174 Paris.
970 2153 1128 2179 reseruntur,
1145 2151 1275 2182 exscripta
1294 2154 1362 2179 sunt,
1377 2159 1434 2173 cum
1452 2150 1607 2182 saepissime
1622 2150 1689 2173 idem
1704 2154 1832 2173 occurrat.
1849 2151 1943 2173 Notatu
1957 2150 2075 2181 dignum,

208 2195 352 2226 petentium
369 2195 393 2217 in
410 2195 460 2218 isto
476 2195 562 2218 rotulo
578 2204 619 2220 an.
640 2196 699 2218 1387
718 2195 813 2218 multos
828 2195 1002 2225 desiderasse,
1018 2204 1114 2226 papam
1131 2195 1168 2218 eis
1182 2196 1282 2226 gratias
1299 2196 1440 2218 concedere
1454 2195 1502 2217 suh
1517 2195 1577 2217 data
1593 2194 1671 2225 primi
1687 2195 1774 2220 rotuli.
1793 2195 1810 2218 i.
1823 2203 1844 2217 0.
1862 2194 1958 2218 Fundis
1977 2202 2009 2217 xv
2022 2195 2073 2217 kat.

209 2239 339 2267 Deceinb.,
355 2248 396 2262 an.
413 2240 509 2271 primo.

214 2389 353 2425 1542.
381 2398 530 2423 Ordinatio
550 2397 676 2433 Capituli
688 2397 832 2430 generalis
852 2397 918 2423 ord.
938 2398 1116 2423 Ct'sterciens.
1135 2397 1170 2423 de
1187 2397 1331 2423 mittendis
1344 2397 1525 2422 scholaribus
1541 2397 1581 2422 ad
1595 2397 1720 2422 studium
1737 2397 1902 2423 Parisiense
1917 2401 1943 2423 et
1958 2397 1998 2422 ad
2012 2396 2072 2422 alia

297 2447 405 2473 studm.
1348 2482 1421 2510 7387,
1438 2481 1596 2513 Septembris
1611 2482 1649 2511 72,
1666 2482 1789 2507 eistercii.

296 2575 566 2609 Desolationem
588 2576 790 2608 studiorum
814 2575 963 2609 Ordinis
984 2575 1209 2620 generalium
1236 2581 1269 2607 et
1298 2575 1469 2620 precipue
1501 2575 1539 2608 S²¹
1569 2574 1745 2608 Bernardi
1772 2574 1966 2607 Parisiens.
1989 2586 2072 2619 pro·

208 2649 286 2687 pter
307 2643 533 2687 paucitatem,
557 2643 628 2675 imo
650 2642 752 2687 quasi
774 2642 974 2675 nullitatem
1004 2642 1225 2675 studentium
1258 2653 1494 2686 personarum
1525 2641 1691 2674 dolenter
1718 2641 1878 2683 intuens,
1900 2647 1934 2673 et
1954 2640 2068 2673 eidem

207 2708 403 2742 subvenire
426 2709 509 2741 totis
530 2708 670 2742 viribus
690 2709 856 2754 cupiens,
873 2709 1077 2754 Capitulum
1099 2708 1271 2754 generale
1293 2708 1528 2754 precipiendo
1550 2707 1701 2740 firmiter
1721 2707 1856 2748 statuit,
1876 2707 2017 2740 ordinat
2035 2713 2070 2739 et

208 2775 354 2817 diffinit,
384 2782 422 2808 ut
452 2775 495 2808 de
526 2775 690 2820 quolibet
715 2775 864 2809 Ordinis
895 2775 1115 2808 monasterio
1144 2776 1393 2820 cujuscunque
1424 2774 1609 2820 provincie
1645 2786 1709 2807 seu
1741 2773 2004 2819 generationis,
2031 2773 2068 2805 in

207 2854 278 2886 quo
307 2848 403 2883 sunt,
427 2848 533 2874 eruut
553 2842 608 2875 vel
638 2854 720 2875 esse
750 2849 921 2887 poterunt
949 2842 1140 2875 duodecim
1171 2841 1349 2883 monachi,
1372 2841 1415 2874 ad
1443 2841 1589 2886 aliquod
1620 2840 1705 2874 dicti
1732 2840 1880 2874 Ordinis
1910 2839 2066 2872 studium
