2488 3386
207 316 302 352 1391]
629 328 675 349 AB
710 327 815 349 Anno
850 327 980 349 MCCCL
1014 327 1145 355 tisoni:
1181 328 1228 349 An
1263 328 1527 350 BENEDtCTUM
1554 329 1643 351 x111.
2003 321 2067 354 495

203 408 353 443 asserta,
371 414 444 434 non
466 401 632 434 obstante
653 400 906 446 probabilitate
924 401 1140 445 questionis,
1159 407 1278 433 utrum
1300 401 1401 434 beata
1417 402 1531 446 Virgo
1551 402 1660 435 suerit
1680 402 1716 435 in
1738 410 1881 447 peccato
1899 403 2067 448 originali

204 475 389 513 concepta.
413 469 501 501 Item
524 468 606 512 quia
629 469 700 500 Eva
722 479 794 500 non
815 467 992 499 contraxit
1013 474 1197 511 peccatum
1220 467 1397 512 originale
1419 467 1462 500 ab
1482 468 1608 500 Adam.

296 534 487 569 Undecima
506 534 716 578 proposicz'o
741 544 751 567 .·
779 534 920 566 Beatam
950 533 1098 566 Mariam
1124 534 1312 578 Virginem
1344 540 1379 566 et
1408 534 1473 566 Dei
1503 534 1716 579 genitricem
1744 547 1816 568 non
1844 537 2067 570 contraxisse

202 608 387 647 peccatum
409 600 600 646 originale,
619 606 674 632 est
695 611 867 644 expresse
888 606 1011 632 contra
1033 599 1153 632 fidem.

291 667 503 701 Revocanda
538 673 594 699 est
624 673 790 711 tanquam
823 665 925 707 falsa,
958 666 1182 707 scandalosa,
1215 673 1494 711 presumptuose
1525 673 1661 699 asserta
1689 673 1723 699 et.
1757 667 1892 712 piarum
1927 668 2064 701 aurium

202 734 388 767 offensiva.

289 799 506 833 Duodecima
524 812 534 832 .·
555 800 707 832 Tantum
730 805 785 831 est
810 805 934 831 contra
956 810 1091 831 sacram
1123 799 1351 843 scripturam,
1378 811 1487 831 unum
1516 799 1699 832 hominem
1722 811 1803 833 esse
1825 807 2028 845 exemptum
2050 813 2066 833 a

202 873 348 912 peccato
369 865 539 911 originali
560 872 681 910 preter
698 864 898 906 Christum,
919 865 1013 897 sicut
1033 865 1064 897 si
1086 865 1210 898 decem
1232 864 1399 898 homines
1421 866 1464 898 de
1485 866 1577 898 sacto
1598 873 1822 911 ponerentur
1842 867 2009 911 exempti.

290 932 504 966 Revocanda
532 939 588 965 est
617 939 783 976 tanquam
822 931 922 972 salsa,
955 932 1180 971 scandalosa,
1215 939 1496 977 presumptuose
1531 939 1666 965 asserta
1695 939 1729 965 et
1759 933 1896 977 piarum
1927 933 2064 965 aurium

200 1000 387 1033 offensiva.

294 1065 559 1100 Tertiaciecima
583 1065 792 1110 proposicio
819 1077 828 1098 .·
862 1065 980 1110 Magis
1010 1071 1065 1097 est
1094 1076 1306 1110 expressum
1337 1072 1461 1098 contra
1496 1078 1631 1098 sacram
1668 1066 1897 1111 scripturam,
1927 1066 2064 1100 beatam

199 1133 389 1178 Virginem
418 1144 492 1165 non
519 1144 601 1165 esse
631 1138 842 1177 conceptam
874 1132 910 1164 in
941 1138 1088 1176 peccato
1119 1132 1302 1176 originali,
1332 1144 1436 1176 quam
1467 1144 1632 1165 asserere
1665 1133 1778 1177 ipsam
1809 1133 1923 1166 fuisse
1958 1134 2066 1166 simul

199 1199 338 1233 beatam
361 1206 396 1232 et
415 1187 598 1233 viatricem
621 1198 664 1231 ab
685 1199 834 1231 instanti
856 1210 921 1231 sue
942 1198 1199 1243 concepcionis
1220 1198 1277 1231 vel
1299 1198 1614 1232 sanetificacionis.

289 1267 333 1299 Et
352 1272 543 1311 postquam
565 1265 732 1310 probavit
759 1265 1007 1305 correlarium,
1035 1265 1125 1297 dixit
1150 1265 1247 1309 quod
1278 1265 1354 1310 pari
1384 1266 1490 1298 modo
1511 1266 1697 1298 videretur
1727 1277 1835 1311 posse
1862 1266 1946 1308 dici,
1968 1267 2065 1311 quod

198 1333 313 1378 magis
334 1339 390 1365 est
410 1344 636 1377 expressum,
660 1338 742 1373 etc.,
766 1344 871 1376 quam
893 1332 1007 1376 ipsam
1029 1332 1143 1364 fuisse
1165 1332 1300 1364 unitam
1322 1333 1534 1377 ypostatice.

287 1399 501 1432 Revocanda
532 1405 588 1431 est
615 1405 782 1443 tanquam
813 1398 916 1439 falsa,
945 1398 1171 1433 scandalosa.
1208 1405 1488 1443 presumptuose
1525 1406 1662 1432 asserta
1691 1406 1726 1432 et
1755 1400 1892 1444 piarum
1923 1400 2061 1432 aurium

198 1466 385 1507 offensiva,
404 1465 499 1498 sicut
517 1465 770 1510 precedentes.

287 1531 564 1577 Quartadecima
578 1531 788 1575 proposicio
806 1543 815 1564 .·
839 1532 879 1563 In
896 1532 1130 1576 exposicione
1152 1543 1253 1564 sacre
1271 1531 1462 1576 scripture,
1481 1532 1557 1564 sive
1576 1532 1851 1564 determinando
1873 1544 1938 1577 per
1954 1532 2065 1565 eccle-

198 1600 300 1640 siam,
327 1599 403 1632 sive
425 1598 643 1631 declarando
665 1610 729 1643 per
750 1598 934 1635 doctores,
960 1598 1036 1631 sive
1063 1598 1277 1643 excipiendo
1299 1610 1363 1643 per
1384 1610 1662 1642 quemcumque,
1686 1598 1730 1631 de
1751 1599 1929 1644 scriptura
1951 1611 2062 1641 sacra,

198 1673 233 1699 et
253 1678 325 1699 non
346 1665 505 1707 aliunde,
528 1664 702 1697 trahenda
723 1671 779 1697 est
803 1664 1075 1706 determinacio,
1101 1665 1302 1698 declaracio
1325 1665 1400 1698 sive
1422 1665 1606 1710 excepcio,
1636 1665 1730 1698 sicut
1756 1665 1793 1697 in
1820 1666 2063 1710 grammatica,

198 1745 268 1778 que
289 1732 435 1778 regulas
458 1732 560 1776 ponit
579 1732 616 1764 in
638 1731 776 1773 eadem,
796 1732 966 1776 excepcio
989 1732 1181 1776 reperitur.

288 1799 501 1832 Revocanda
523 1805 578 1831 est
597 1805 765 1842 tanquam
787 1798 874 1831 salsa
896 1805 931 1831 et.
956 1810 1122 1839 erronea,
1148 1798 1179 1831 si
1206 1798 1444 1844 intelligatur,
1471 1799 1569 1843 quod
1599 1799 1784 1844 exposicio
1805 1799 1863 1832 vel
1893 1800 2063 1844 excepcio

198 1866 243 1899 sit
274 1865 447 1898 trahenda
475 1876 647 1910 expresse
673 1871 708 1897 et
733 1864 901 1909 explicite
929 1876 972 1897 ex
999 1865 1178 1910 scriptura
1206 1877 1319 1905 sacra,
1348 1872 1383 1898 et
1408 1878 1481 1898 non
1505 1865 1664 1907 aliunde,
1691 1872 1799 1910 prout
1817 1866 1960 1898 videtur
1981 1878 2062 1911 pre-

198 1933 361 1966 tendere.
379 1931 495 1965 Aliter
509 1931 634 1976 regula
652 1943 724 1964 non
737 1938 835 1964 esset
850 1930 894 1964 ad
909 1931 1136 1976 propositum
1154 1943 1258 1964 suum
1270 1932 1293 1973 ³,
1310 1932 1392 1977 quia
1409 1932 1519 1965 multe
1537 1939 1621 1965 sunt
1637 1938 1760 1964 contra
1777 1944 1851 1964 eam
1870 1932 2059 1973 instancie,

199 2000 293 2033 sicut
313 1999 357 2032 de
379 1999 447 2032 ista
467 2010 473 2031 t
493 2013 509 2029 «
528 1998 656 2039 Omne,
675 1998 774 2042 quod
791 1998 828 2030 in
842 2009 883 2030 os
898 1998 1019 2039 intrat,
1040 2010 1106 2043 per
1122 2010 1308 2031 secessum
1327 1999 1502 2031 emittitur
1520 2012 1535 2029 »
1554 1999 1715 2039 [Mattlz.,
1732 2010 1790 2039 xv,
1811 2000 1873 2039 17].
1894 2013 1909 2029 «
1929 1999 2064 2032 Omnes

199 2079 217 2099 a
238 2066 391 2099 maximo
412 2077 528 2110 usque
549 2065 593 2097 ad
613 2064 800 2097 minimum
822 2064 976 2097 avaricie
998 2065 1178 2097 student»
1199 2066 1354 2106 [Jerem.,
1373 2076 1423 2106 vl,
1443 2066 1505 2105 13].
1524 2080 1539 2096 «
1558 2066 1670 2098 Nemo
1691 2065 1855 2097 ascendit
1874 2065 1910 2097 in
1932 2064 2061 2106 celum,

199 2133 270 2166 nisi
291 2133 352 2178 qui
374 2132 563 2165 descendit
585 2131 698 2164 Filius
726 2131 791 2163 Dei
814 2145 829 2161 »
850 2131 956 2172 [J0l1.,
974 2142 1028 2172 111,
1056 2132 1118 2171 131.
1148 2146 1163 2162 «
1188 2132 1224 2164 Si
1245 2132 1443 2164 dixerimus
1465 2132 1547 2176 quia
1570 2138 1753 2176 peccatum
1779 2143 1852 2164 non
1873 2131 2062 2172 habemus,

199 2212 266 2233 nos
295 2200 397 2244 ipsos
429 2198 639 2232 seducimus
669 2204 705 2230 et
733 2197 865 2230 veritas
896 2210 969 2230 non
998 2204 1054 2230 est
1085 2198 1122 2230 in
1150 2197 1257 2230 nobis
1285 2212 1299 2228 »
1323 2200 1352 2239 [1
1377 2199 1472 2240 ιῘοΙι.,
1506 2209 1529 2239 1,
1560 2199 1605 2238 8].
1635 2199 1814 2238 Preterea,
1844 2198 1912 2230 ista
1938 2198 2063 2243 regula

200 2266 355 2300 detrahit
375 2264 747 2298 determinacionibus
772 2271 807 2296 ct
826 2263 954 2297 usibus
976 2264 1130 2297 ecclesie
1151 2264 1339 2306 catholice,
1369 2277 1412 2297 ex
1442 2264 1669 2297 revelacione
1691 2264 1786 2296 onim
1817 2276 1882 2297 seu
1910 2264 2064 2309 inspira-

200 2333 304 2366 cione
332 2333 464 2373 divina,
497 2338 532 2364 et
569 2343 611 2363 ex
642 2331 883 2363 instructione
910 2331 1169 2375 Apostolorum
1200 2331 1236 2363 in
1269 2332 1449 2376 primitiva
1479 2331 1631 2363 ecclesia
1667 2331 1778 2363 multe
1811 2331 2064 2375 exposiciones

201 2412 301 2433 sacre
323 2399 502 2444 scripture
524 2404 607 2430 sunt
629 2397 771 2430 tradite.
795 2411 811 2428 «
830 2398 917 2430 Sunt
940 2404 1056 2430 autem
1080 2404 1114 2430 et
1133 2397 1200 2430 alia
1218 2397 1339 2439 multa,
1359 2410 1427 2442 que
1449 2398 1533 2430 fecit
1551 2397 1698 2439 Jhesus,
1716 2409 1785 2442 que
1808 2397 1838 2430 si
1859 2397 2064 2430 scribantur

202 2478 265 2511 per
286 2465 442 2511 singula,
465 2477 531 2498 nec
553 2465 669 2509 ipsum
693 2463 849 2496 arbitror
870 2464 1042 2496 mundum
1065 2476 1194 2509 capere
1215 2476 1278 2497 cos
1300 2464 1361 2509 qui
1388 2464 1573 2497 scribendi
1595 2471 1679 2497 sunt
1699 2463 1824 2497 libros.
1852 2478 1867 2493 n
1888 2463 2063 2497 Johannis

202 2532 327 2565 ultimo
350 2536 434 2573 [XX1,
452 2533 505 2572 25]
517 2532 541 2563 ⁵.

292 2665 407 2709 Super
428 2663 560 2709 quibus
586 2663 907 2708 proposicionibus
930 2663 981 2695 sic
1003 2663 1039 2695 in
1060 2664 1173 2696 forma
1194 2675 1258 2708 per
1284 2663 1562 2696 Universitatem
1593 2664 1834 2696 Parisiensem
1861 2663 1904 2695 ad
1935 2675 2064 2707 reque-

203 2739 291 2765 stam
315 2731 408 2764 dicte
434 2730 612 2763 facultatis
633 2729 818 2775 theologie
850 2730 1051 2762 reverendo
1082 2730 1118 2762 in
1146 2729 1292 2763 Christo
1314 2730 1405 2774 patri
1426 2730 1598 2774 episcopo
1620 2730 1850 2770 parisiensiss,
1880 2729 2063 2761 ordinario

197 2798 313 2843 judici
334 2798 370 2830 in
391 2797 456 2829 hac
478 2803 591 2841 parte,
608 2796 831 2841 judicialiter
852 2795 1035 2837 exhibitis,
1053 2797 1218 2841 factoque
1241 2808 1350 2841 super
1371 2796 1441 2829 hiis
1462 2808 1651 2841 processu,
1673 2808 1766 2829 anno
1788 2795 1931 2828 Domini
1953 2794 2063 2827 mille-

203 2865 294 2898 simo
315 2863 571 2897 trecentesimo
594 2862 841 2908 octuagesimo
864 2863 1032 2907 septimo,
1051 2863 1108 2895 die
1131 2863 1291 2904 veneris,
1313 2863 1349 2895 in
1371 2864 1555 2908 [pr0]festo
1577 2863 1672 2895 beati
1694 2861 1948 2901 Bartholomei,
1971 2861 2061 2893 vice-
