2488 3386
173 343 268 379 1394]
942 356 988 377 DE
1026 355 1264 377 SCHISMATE.
1970 344 2035 376 625

171 433 195 454 et
211 431 283 454 trad.
299 429 378 460 yall„
399 433 428 452 n⁰
449 429 517 452 1686.
537 443 568 446 —
585 430 623 454 21.
646 430 674 453 ln
693 431 755 453 msw
775 430 844 459 5958,
869 430 886 452 f.
907 430 951 452 115
972 430 1083 457 (Chron.
1104 430 1144 452 du
1165 429 1236 458 reb),
1252 437 1391 459 perperam
1413 437 1417 451 z
1441 439 1452 450 ε(
1474 429 1531 460 viij⁰
1550 429 1621 452 Junii
1638 439 1658 456 n,
1677 432 1704 451 ut
1725 428 1802 451 etium
1824 429 1894 459 apud
1914 428 2038 456 Schwab‚

171 475 314 499 Iohannes
332 474 444 502 ὕει-8οη,
461 482 487 504 p.
509 474 567 502 130;
584 473 682 502 flerele,
703 474 947 503 Concilienyesch„
965 474 1007 502 Vl,
1024 474 1079 497 701.
1096 487 1126 490 —
1145 474 1184 496 22.
1199 482 1208 495 α
1226 473 1271 495 Vir
1286 473 1517 504 eloquentissimus
1534 483 1556 501 ιι,
1573 483 1585 494 (ε
1603 482 1648 496 vas
1669 473 1833 504 eloquentiae
1850 482 1863 494 n
1883 472 2037 503 designatur

171 527 219 550 per
234 526 311 541 suum
326 518 439 541 amicum
454 518 600 541 Johannem
618 518 649 541 de
669 518 838 541 Monsterolio
855 518 993 547 (Mai-tene-
1014 518 1130 547 Durand‚
1151 518 1244 547 Ampl.
1268 517 1339 543 coll..
1357 518 1390 545 H,
1412 518 1480 544 1313,
1497 521 1522 540 et
1543 526 1585 548 ep.
1606 519 1654 547 58),
1675 518 1721 540 illa
1736 521 1820 540 aetate
1836 518 1903 540 inter
1918 520 2037 540 auctores

172 563 267 586 latinos
283 562 408 585 Franciac
422 562 600 593 principatum
613 562 781 586 obtinentem.
798 562 942 590 Nescimus,
958 562 1062 593 quando
1075 562 1207 585 Johnnnes
1219 562 1244 584 in
1256 562 1434 585 Universitate
1449 562 1592 584 Parisiensi
1606 562 1717 593 gradum
1733 562 1879 593 magisterii
1895 561 1920 584 in
1936 561 2038 584 artibus

173 610 310 630 assecutus
326 607 367 630 sit.
382 607 419 630 Ad
437 607 501 629 haec
518 608 545 630 Α.
562 607 686 635 Thomas,
702 607 743 630 De
755 607 874 631 Joanm's
889 608 922 630 de
937 606 1119 631 Monsterolio
1133 606 1190 630 vita
1203 610 1227 629 et
1241 606 1378 637 operibus,
1403 606 1522 635 Parisiis,
1545 607 1614 635 1883,
1639 615 1666 637 p.
1689 609 1711 629 5.
1735 606 1897 637 Principules
1918 609 2038 629 auctores

174 652 280 680 latinos,
300 659 365 682 quos
386 651 508 674 Nicolaus
533 651 564 674 de
587 651 736 682 Clamengis
752 651 793 681 (de
813 651 886 682 cujus
902 651 1006 674 nomine
1023 651 1138 674 familiae
1155 651 1355 679 Poilleuillain,
1371 651 1507 682 hucusque
1523 650 1622 681 ignoto,
1637 659 1718 681 supra
1733 660 1760 682 p.
1775 652 1829 679 454,
1846 654 1898 673 not.
1916 650 1953 682 10)
1965 650 2038 681 legit,

176 697 281 719 fuerunt
295 695 395 725 Cicero,
412 695 564 724 Sallustius,
577 695 710 724 Horatius,
727 695 846 723 Ovidius,
863 695 1005 726 vergilius,
1020 695 1167 718 Terentius,
1185 695 1243 718 Vid.
1260 694 1416 719 Introduct.
1434 695 1466 717 ad
1482 694 1550 717 hune
1564 698 1626 717 tom.

182 862 322 899 1684.
347 880 361 896 ⁴<
378 872 439 896 Ista
454 874 521 896 sunt
532 875 641 906 puncta
662 872 813 896 Tractatus
826 870 1013 907 componendi
1027 871 1138 896 nomine
1157 870 1355 896 Universitatis
1368 869 1526 895 Parisiens.
1545 879 1559 895 »

1361 947 1434 977 7394,
1448 950 1511 980 pos!
1525 947 1594 973 duni!
1606 948 1630 976 6.
1647 947 1760 973 Parisiis.

271 1025 302 1056 1⁰
328 1023 517 1055 Politicum
539 1023 670 1055 sactum
688 1029 723 1055 et
743 1022 959 1055 catholicum
977 1034 1069 1067 opus
1086 1029 1140 1055 est
1160 1022 1325 1054 laborare
1342 1021 1386 1054 ad
1407 1021 1592 1062 unionem,
1611 1021 1839 1054 ostendendo
1861 1021 1954 1053 bona
1977 1032 2045 1065 que

181 1090 266 1122 inde
286 1090 434 1122 venient
454 1096 489 1122 et
509 1089 599 1122 mala
621 1101 690 1134 que
711 1089 799 1122 alias
820 1089 1082 1134 experiremur.
1721 1082 1724 1084 ⁸

272 1157 306 1188 2⁰
331 1156 494 1199 Qualiter
520 1156 762 1201 impedientes
791 1155 1002 1200 hujusmodi
1038 1155 1310 1188 conclusionem
1347 1155 1483 1187 directe
1512 1155 1568 1188 vel
1598 1155 1789 1196 indirecte,
1818 1155 1901 1187 dum
1930 1161 2047 1187 tamen

183 1222 343 1255 scienter
371 1223 513 1263 faciant,
542 1229 691 1267 peccant
721 1223 893 1267 graviter,
919 1229 953 1255 et
983 1222 1013 1254 si
1042 1222 1221 1254 desistere
1250 1234 1321 1254 non
1347 1228 1485 1261 curant,
1509 1221 1664 1266 qualiter
1689 1227 1727 1254 ut
1752 1221 1828 1254 veri
1855 1220 2048 1253 scismatici

185 1295 270 1322 sunt
290 1288 451 1327 tenendi,
471 1289 722 1333 cujuscunque
744 1295 858 1322 status
879 1296 939 1321 aut
959 1289 1180 1321 conditionis
1202 1289 1367 1321 existant.

274 1356 307 1388 3⁰
334 1355 497 1397 Qualiter
522 1362 605 1388 nota
627 1356 848 1396 scismat[ici]
872 1356 979 1388 citius
1000 1355 1107 1388 habet
1127 1355 1245 1387 locum
1272 1355 1307 1387 in
1326 1355 1537 1400 majoribus,
1558 1355 1706 1399 prelatis
1732 1354 1872 1387 scilicet
1897 1361 1932 1386 et
1953 1354 2050 1398 prin-

185 1420 342 1466 cipibus,
365 1433 469 1466 quam
492 1422 529 1454 in
556 1421 775 1461 minoribus,
800 1429 833 1454 et
856 1422 1039 1466 quomodo
1068 1421 1127 1453 illa
1155 1428 1237 1454 nota
1265 1428 1319 1454 est
1344 1421 1417 1454 illis
1440 1421 1682 1466 periculosior
1710 1428 1742 1453 et
1773 1420 2050 1465 dampnabilior.

274 1489 308 1521 4⁰
332 1487 496 1531 Qualiter
520 1488 563 1520 ad
592 1488 763 1521 doctores
795 1488 988 1533 theologos
1017 1495 1051 1520 et
1075 1488 1227 1532 juristas
1257 1488 1413 1533 pertinet
1444 1488 1651 1533 specialiter
1683 1488 1864 1520 instruere
1895 1493 2051 1527 ceteros,

187 1554 342 1600 qualiter
362 1555 399 1587 in
420 1554 631 1598 hujusmodi
652 1555 799 1587 materia
821 1555 867 1587 sit
888 1554 1173 1599 procedendum.

278 1623 311 1654 5⁰
337 1621 500 1664 Qualiter
530 1621 573 1654 ad
603 1633 728 1666 papam
758 1628 792 1654 et
824 1620 997 1666 prelatos,
1029 1621 1145 1666 primo
1179 1628 1212 1653 et
1245 1620 1509 1665 specialissime
1537 1621 1579 1653 ad
1611 1632 1754 1665 papam,
1787 1620 1943 1665 pertinet
1972 1620 2055 1652 huic

165 1724 171 1730 ι
189 1687 306 1721 labori
327 1687 520 1720 efficaciter
540 1687 744 1729 intendere,
768 1688 970 1733 postposita
992 1688 1089 1720 omni
1111 1688 1246 1732 privata
1268 1688 1457 1720 affectione
1479 1687 1522 1720 ad
1543 1687 1677 1720 bonum
1706 1687 1890 1731 proprium
1916 1693 1948 1719 et
1975 1699 2055 1731 per-

188 1754 330 1795 sonale,
358 1754 416 1787 vel
449 1754 614 1800 generis,
644 1754 701 1787 vel
734 1755 891 1787 nationis
922 1762 979 1787 aut
1015 1755 1145 1799 patric,
1178 1754 1282 1787 etiam
1315 1767 1394 1787 cum
1426 1754 1654 1799 expositione
1685 1754 1845 1786 omnium
1876 1753 2054 1786 bonorum

188 1832 335 1854 SUOI'um
344 1848 352 1854 .

276 1889 310 1921 6⁰
336 1887 499 1930 Qualiter
519 1887 743 1933 negligentia
771 1888 880 1920 nimia
907 1900 1045 1929 eorum,
1068 1888 1110 1921 ad
1140 1900 1231 1933 quos
1264 1888 1431 1932 pertinet,
1460 1888 1579 1920 reddit
1606 1899 1669 1920 eos
1698 1893 1889 1931 suspectos
1912 1886 1955 1919 de
1981 1888 2055 1919 sau-

188 1954 299 1987 ctoria
321 1954 514 1987 scismatis.

277 2022 310 2054 7⁰
336 2020 498 2063 Qualiter
519 2021 555 2053 in
577 2032 661 2053 casu
683 2020 908 2066 negligentie
931 2020 1260 2053 ecclesiasticorum
1284 2021 1492 2065 specialiter
1513 2020 1689 2053 incumbit
1710 2020 1937 2065 principibus
1959 2020 2053 2052 labo-

187 2099 267 2120 rare
288 2087 331 2119 ad
352 2087 563 2131 hujusmodi
585 2087 756 2120 unionem
780 2087 1058 2132 procurandam.

276 2155 311 2187 8⁰
337 2154 499 2197 Qualiter
520 2160 643 2186 contra
665 2153 823 2186 rebelles
845 2161 879 2186 et
900 2161 1137 2198 procurantes
1159 2154 1384 2186 scismaticos
1402 2154 1438 2186 in
1455 2153 1518 2185 hac
1541 2153 1686 2186 materia
1702 2154 1801 2197 juste
1822 2160 1977 2198 possunt
1996 2154 2053 2186 via

177 2221 296 2265 facti¹
322 2220 522 2265 procedere
544 2227 579 2253 et
599 2220 652 2253 eis
673 2220 862 2261 incumbit,
885 2221 1001 2265 primo
1023 2220 1059 2252 in
1081 2220 1200 2261 bonis,
1224 2220 1386 2253 secundo
1408 2220 1438 2252 si
1460 2231 1611 2252 necesse
1634 2220 1680 2252 sit
1700 2220 1737 2252 in
1759 2220 1939 2264 personis.

276 2288 310 2320 9⁰
336 2287 443 2330 Quod
464 2286 630 2319 nolentes
647 2287 751 2319 aliter
771 2286 949 2328 laborare,
968 2299 1046 2319 cum
1071 2287 1225 2331 possint,
1244 2299 1347 2331 quam
1366 2286 1592 2319 orationibus
1613 2293 1673 2318 aut
1693 2286 1834 2331 precise
1856 2298 1920 2319 sue
1941 2286 2053 2331 partis

189 2353 488 2394 colorationibus,
514 2360 689 2398 temptant
710 2355 838 2394 Deum,
861 2360 893 2385 et
916 2353 1079 2385 dicentes
1101 2365 1173 2385 non
1196 2353 1299 2385 aliter
1320 2352 1555 2385 laborandum
1579 2359 1710 2385 errant.

195 2415 198 2417 ¹
280 2421 334 2453 10⁰
360 2420 463 2463 Quod
497 2420 749 2452 determinatio
778 2420 931 2464 alicujus
960 2431 1117 2464 persone
1143 2420 1185 2451 ad
1216 2432 1319 2452 unam
1348 2426 1483 2464 partem
1513 2431 1585 2451 non
1613 2418 1731 2452 obstat
1758 2419 1953 2464 quominus
1982 2431 2053 2451 non

190 2486 330 2519 laboret
349 2486 393 2519 ad
414 2487 599 2527 unionem,
622 2498 704 2531 ymo
727 2486 808 2531 plus
828 2486 923 2519 sacit.

281 2554 335 2585 11ο
360 2553 523 2596 Qualiter
541 2553 598 2586 via
615 2553 717 2598 facti
742 2553 851 2585 unius
878 2553 988 2598 partis
1016 2560 1140 2585 contra
1166 2552 1282 2592 aliam,
1309 2552 1453 2585 attentis
1479 2552 1665 2585 coloribus
1687 2552 1882 2594 scismatis,
1909 2564 1980 2584 non
2002 2559 2056 2584 est

190 2619 234 2652 ab
255 2619 375 2663 aliquo
396 2619 634 2652 consulenda.

285 2687 338 2718 12ο
364 2686 526 2728 Qualiter
545 2686 603 2719 vict
625 2685 814 2720 inducendi
834 2698 937 2719 unam
966 2693 1100 2731 partem
1128 2698 1191 2730 per
1212 2698 1359 2718 munera
1382 2692 1414 2718 et
1442 2685 1700 2733 retributiones
1722 2698 1793 2718 non
1816 2692 1870 2718 est
1897 2691 1969 2717 tuta
1991 2696 2056 2716 nec

191 2752 435 2798 approbanda.

283 2820 337 2852 13⁰
363 2818 469 2861 Quod
491 2818 581 2851 nulli
603 2819 740 2864 prelato
762 2826 821 2852 aut
843 2819 982 2852 doctori
1005 2819 1162 2852 litterato
1185 2819 1266 2851 licet
1290 2819 1349 2850 uui
1377 2819 1467 2863 parti
1492 2825 1557 2850 tam
1580 2818 1731 2851 firmiter
1751 2818 1939 2857 adherere,
1962 2816 2057 2861 quod

193 2886 230 2919 in
251 2897 293 2918 eo
315 2885 527 2918 excludatur
548 2885 666 2920 omnis
687 2886 843 2918 formido
866 2886 909 2919 de
932 2887 1146 2918 contrari0².

316 2947 363 2963 Η*
383 2943 478 2967 Chare.
501 2943 577 2967 Univ.
596 2943 690 2967 Paris.
710 2944 754 2967 ΙΙΙ.
1906 2942 1935 2964 79
