2488 3386
206 348 300 384 1370]
619 361 664 381 AB
699 360 804 381 Anno
839 359 970 381 MGCCL
1004 359 1135 386 USQUE
1171 359 1218 379 An
1254 358 1517 379 BENEDic‘rUM
1552 358 1640 379 xiii.
2001 348 2062 379 193

203 447 282 468 nem
314 434 490 479 quandam
528 434 653 466 factam
689 445 753 478 per
781 433 976 478 collegium
1012 432 1190 465 facultatis
1225 432 1467 472 decretorum,
1505 431 1640 463 nullius
1670 431 1813 463 virtutis
1849 431 1884 462 in
1919 431 2062 463 natione

204 500 445 545 reputabatur

296 599 375 622 Actes
395 604 569 622 concernans
586 598 609 621 le
627 597 746 627 pouvoir
765 601 790 621 et
813 597 840 621 la
856 597 993 621 direction
1013 597 1046 620 cle
1062 596 1239 620 Z'Universite'
1253 597 1286 619 de
1305 596 1390 619 Paris
1406 602 1459 619 sur
1474 596 1511 619 les
1527 595 1686 623 escrieains,
1703 599 1761 621 otc„
1779 604 1804 626 p.
1824 596 1860 618 lli.
1881 596 2001 622 Bulaeus,
2022 596 2064 623 lv,

203 643 257 666 435.
277 642 420 671 Kirchhoff,
438 643 489 666 Die
503 642 853 671 Ilandschriftenhdndler
867 643 913 666 des
931 641 1117 669 Mittelalters,
1137 649 1162 671 p.
1183 641 1227 663 172
1255 654 1281 657 Μ
1308 640 1443 663 Nescimus
1464 640 1494 662 de
1517 648 1567 670 qua
1588 640 1691 662 natione
1712 648 1792 670 supra
1817 643 1920 670 agatur.
1945 640 2064 662 Fortasse

203 687 281 710 etiam
298 690 358 710 nota
372 687 498 718 temporis
513 695 622 710 erronea
635 690 660 709 et
675 686 830 709 deliberatio
843 686 876 708 ad
892 688 1074 716 tempestatem
1090 685 1264 716 posteriorem
1280 685 1420 715 rejicienda
1435 688 1482 707 est.

209 862 349 899 1362.
375 871 524 906 Gregorius
539 873 582 897 XI
593 871 750 897 Iohannem
766 870 801 897 de
819 870 919 897 Calore
935 871 964 897 in
977 870 1181 896 cancellarium
1198 870 1264 896 eccl.
1282 870 1376 896 Paris.
1395 871 1552 904 confirmat.

1156 954 1228 983 1370,
1246 953 1331 979 Octob.
1346 953 1468 982 20-1371,
1484 953 1601 979 danum-ii
1613 954 1637 982 5,
1654 953 1782 979 Arenione.

294 1038 553 1083 Gregorius...
576 1037 730 1071 Johanni
752 1038 796 1070 de
817 1037 959 1077 Calore5
977 1037 1192 1070 cancellario
1215 1038 1369 1069 ecclesie
1387 1037 1597 1074 Parisiens„
1622 1037 1794 1081 magistro
1814 1037 1850 1069 in
1871 1036 2066 1081 theologia,

205 1104 370 1146 salutem,
394 1110 457 1138 etc.
487 1105 627 1137 Rationi
652 1105 832 1149 congruit,
855 1110 919 1138 etc.
944 1104 1087 1136 Dudum
1109 1104 1288 1149 siquidem
1311 1105 1355 1136 se.
1379 1116 1450 1136 rec.
1477 1103 1643 1136 Urbanus
1670 1116 1757 1148 papa
1778 1105 1809 1137 V
1830 1103 2070 1148 predecessor

205 1177 330 1203 noster
357 1171 551 1203 intendens
579 1171 623 1203 de
651 1171 863 1218 cancella-ria
891 1171 1045 1203 ecclesie
1076 1171 1286 1211 Parisiens.,
1313 1182 1417 1214 quam
1449 1171 1627 1214 quondam
1658 1170 1863 1203 Grimerius
1894 1171 2069 1203 Bonisacii

206 1237 323 1282 ipsius
345 1237 499 1269 ecclesie
526 1237 764 1270 cancellarius
796 1244 879 1269 tunc
910 1237 1085 1282 temporis
1113 1237 1312 1277 obtinebat,
1341 1249 1420 1269 cum
1452 1237 1564 1281 ipsam
1594 1249 1718 1270 vacare
1749 1237 1979 1281 contingeret
2007 1249 2071 1282 per

206 1303 404 1348 apostolice
430 1304 529 1336 sedis
557 1304 820 1348 providentiam
843 1304 1015 1344 ordinari,
1043 1303 1292 1336 cancellariam
1319 1303 1528 1348 predictam,
1552 1303 1635 1335 dum
1667 1303 1782 1335 adhuc
1813 1303 1906 1335 idem
1929 1303 2071 1337 Grime-

206 1370 283 1402 rius
304 1377 429 1414 ageret
455 1371 491 1402 in
520 1370 699 1411 humanis,
727 1370 898 1403 videlicet
925 1371 947 1414 ij
976 1370 1025 1402 id.
1052 1370 1267 1402 Novembris
1296 1369 1525 1414 pontificatus
1547 1370 1602 1402 sui
1631 1382 1723 1402 anno
1748 1370 1864 1409 tertio„
1887 1369 2071 1402 collationi

207 1443 242 1469 et
257 1437 491 1481 dispositioni
508 1449 573 1469 sue
591 1437 691 1469 duxit
707 1449 746 1469 ea
762 1437 840 1470 vice
862 1437 1068 1481 specialiter
1085 1437 1353 1477 reservandam7
1372 1437 1575 1469 decernens
1597 1443 1726 1468 extunc
1744 1437 1883 1468 irritum
1902 1443 1936 1469 et
1952 1437 2070 1477 inane,

207 1503 237 1536 si
260 1515 366 1536 secus
386 1515 496 1548 super
516 1503 587 1535 hiis
607 1516 625 1536 a
647 1515 827 1548 quoquam
845 1504 971 1548 quavis
993 1504 1202 1536 auctoritate
1225 1503 1383 1536 scienter
1398 1503 1455 1536 vel
1476 1503 1688 1547 ignoranter
1704 1503 1933 1547 contingeret
1951 1510 2071 1536 attem-

207 1570 309 1615 ptari.
342 1571 385 1602 Et
414 1570 546 1602 deinde
576 1570 789 1603 cancellaria
825 1570 985 1615 predicta
1014 1582 1078 1614 per
1112 1570 1229 1614 ipsius
1257 1570 1428 1603 Grimerii
1459 1569 1632 1609 obituin¹‚
1664 1570 1724 1614 qui
1754 1576 1851 1602 extra
1878 1571 2072 1602 Romanam

206 1637 340 1669 curiam
358 1636 452 1669 diem
470 1636 599 1669 clausit
615 1643 828 1678 extremum,
846 1643 1007 1677 vacante7
1025 1637 1120 1669 idem
1138 1637 1379 1681 predecessor
1395 1636 1585 1669 attendens
1603 1636 1700 1680 quod
1718 1636 1839 1669 nullus
1855 1643 1975 1681 preter
1992 1648 2071 1669 eum

208 1703 251 1735 de
273 1703 349 1747 ipsa
371 1703 583 1735 cancellaria
606 1703 802 1748 disponere
823 1710 988 1748 potuerat
1008 1715 1127 1748 neque
1149 1710 1300 1748 poterat,
1324 1703 1570 1736 reservatione
1587 1710 1622 1735 et
1641 1703 1787 1735 decreto
1809 1703 2073 1736 obsistentibus

208 1769 440 1814 supradictis,
464 1782 503 1802 ac
524 1769 689 1803 volentes
712 1769 789 1811 tibi,
816 1770 878 1814 qui
899 1777 937 1802 ut
957 1769 1147 1803 asserebas
1169 1770 1329 1802 Parisius
1351 1770 1387 1802 in
1410 1769 1592 1814 theologia
1613 1777 1692 1802 actu
1720 1769 1886 1815 regebas,
1989 1782 2074 1803 con-

209 1836 429 1869 sideratione
450 1836 629 1869 carissimi
659 1837 695 1868 in
717 1836 863 1870 Christo
885 1836 949 1869 filii
970 1837 1085 1869 nostri
1107 1836 1228 1870 Caroli
1254 1837 1352 1881 regis
1371 1838 1587 1869 Francorum
1611 1836 1779 1877 illustris7
1801 1849 1865 1881 pro
1887 1844 1919 1869 te
1941 1836 2073 1869 dilecto

208 1914 274 1935 suo
296 1903 413 1935 eidem
436 1903 688 1948 predecessori
710 1915 821 1948 super
841 1903 909 1936 hoc
931 1903 1115 1936 humiliter
1132 1904 1384 1948 supplicantis,
1407 1904 1556 1948 gratiam
1579 1904 1694 1936 facere
1713 1903 1919 1948 specialem,
1938 1904 2073 1936 cancel-

207 1969 328 2002 lariam
348 1969 556 2014 predictam,
576 1982 645 2014 que
667 1970 746 2002 sine
767 1982 851 2003 cura
873 1977 939 2011 est,
963 1971 1015 2003 sic
1036 1977 1219 2003 vacantem
1242 1983 1322 2003 cum
1341 1970 1510 2003 omnibus
1527 1970 1674 2014 juribus
1691 1977 1726 2002 et
1747 1971 1976 2015 pertinentiis
1998 1971 2074 2003 suis

207 2036 378 2069 videlicet
408 2036 468 2081 xiij
497 2036 565 2069 kal.
593 2036 809 2069 Novembris
837 2037 1067 2081 pontificatus
1089 2037 1145 2070 sui
1167 2049 1260 2069 anno
1281 2037 1365 2081 viij²
1387 2037 1584 2082 apostolica
1607 2037 1671 2069 tibi
1692 2037 1902 2069 auctoritate
1923 2037 2075 2070 contulit

208 2109 243 2135 et
263 2103 421 2147 providit
441 2103 545 2135 etiam
568 2103 612 2135 de
634 2102 715 2135 illa³
808 2105 942 2137 Verum
965 2115 1010 2135 ne
1033 2116 1097 2148 pro
1125 2116 1181 2145 eo7
1204 2104 1301 2148 quod
1323 2115 1433 2148 super
1454 2104 1662 2147 hujusmodi
1684 2104 1876 2136 collatione
1900 2111 1935 2136 et
1956 2104 2074 2148 provi-

208 2169 311 2202 sione
332 2169 451 2201 littere
472 2169 670 2213 apostolice
700 2170 818 2214 ipsius
848 2170 1124 2214 predecessoris
1154 2170 1435 2215 superveniente
1460 2170 1560 2203 obitu
1587 2171 1749 2203 confecte
1780 2170 1925 2202 minime
1951 2171 2075 2203 extite-

207 2242 304 2276 runt,
319 2235 527 2280 hujusmodi
544 2235 749 2268 collationis
767 2243 801 2268 et
814 2236 1035 2281 provisionis
1050 2237 1237 2269 frustreris
1255 2237 1397 2277 effectu,
1415 2237 1584 2270 volumus
1601 2243 1633 2269 et
1651 2237 1861 2269 auctoritate
1878 2237 2073 2281 apostolica

208 2301 439 2334 decernimus
461 2302 558 2346 quod
586 2302 730 2335 collatio
756 2309 791 2335 et
820 2303 981 2347 provisio
1010 2303 1172 2347 predicte
1199 2315 1217 2335 a
1246 2303 1339 2336 dicta
1364 2303 1436 2344 die,
1462 2303 1633 2336 videlicet
1659 2304 1719 2348 xiij
1749 2304 1816 2336 kal.
1845 2303 2072 2343 Novembris,

210 2368 360 2412 perinde
382 2369 580 2401 sortiantur
600 2369 780 2410 effectum,
803 2381 842 2402 ac
871 2370 902 2402 si
924 2381 1034 2414 super
1055 2369 1128 2402 illis
1154 2370 1317 2414 ejusdem
1341 2370 1615 2414 predecessoris
1636 2370 1754 2402 littere
1777 2370 1844 2402 sub
1866 2370 1981 2414 ipsius
2003 2370 2074 2402 diei

209 2434 287 2467 data
313 2435 475 2468 confecte
496 2435 664 2475 fuissent,
688 2442 795 2480 prout
820 2436 990 2480 superius
1011 2443 1211 2477 enarratur7
1234 2436 1404 2481 quodque
1432 2443 1622 2481 presentes
1644 2436 1761 2469 littere
1781 2437 1824 2469 ad
1850 2436 2072 2481 probandum

210 2500 315 2545 plene
335 2501 563 2534 collationem
587 2508 622 2534 et
643 2502 889 2546 provisionem
912 2503 1092 2547 predictas
1113 2502 1249 2547 ubique
1271 2503 1448 2535 sufficiant
1469 2514 1534 2535 nec
1558 2503 1602 2535 ad
1623 2503 1659 2535 id
1681 2502 1905 2547 probationis
1926 2503 2074 2535 alterius

209 2567 466 2600 adminiculum
490 2568 704 2612 requiratur.
723 2568 819 2600 Nulli
841 2580 942 2613 ergo7
965 2574 1043 2610 etc.7
1068 2576 1192 2601 nostre
1213 2569 1410 2602 voluntatis
1432 2576 1466 2601 et
1486 2569 1758 2602 constitutionis
1780 2569 1992 2613 infringere,
2010 2575 2073 2602 elc.

210 2634 337 2666 Datum
360 2634 538 2667 Avinione
560 2646 644 2666 non.
666 2635 839 2677 Januarii‚
858 2647 951 2668 anno
969 2636 1099 2680 primo.

302 2731 364 2762 Reg.
389 2732 445 2754 vat.
469 2733 548 2755 Aven.
572 2733 692 2764 Gregorii
712 2733 754 2761 XI,
776 2733 827 2756 vol.
851 2733 895 2761 111,
914 2734 966 2756 264.
997 2747 1021 2750 —
1047 2733 1101 2755 Sub
1119 2734 1209 2756 eadem
1230 2733 1357 2764 temporis
1376 2737 1436 2756 nota
1454 2733 1563 2756 abbates
1582 2735 1607 2756 S.
1628 2734 1791 2756 (zenon-sats·
1807 2736 1832 2755 ot
1850 2734 1875 2755 S.
1894 2732 2032 2759 victorisfl,
2051 2735 2076 2755 et

208 2774 326 2798 officialis
344 2775 436 2803 Paris.,
456 2780 620 2800 exsecutores
636 2777 810 2800 destinantur.

301 2819 433 2842 Johannes
456 2820 487 2843 de
508 2821 609 2850 Calore,
627 2821 668 2844 die
688 2830 699 2844 «
718 2821 842 2845 mercurii
857 2825 917 2852 post
935 2821 1083 2844 brandones
1101 2821 1158 2852 xxvj
1178 2821 1219 2844 die
1237 2822 1374 2845 Februarii
1398 2830 1438 2844 an.
1458 2830 1505 2844 Lxx
1527 2832 1546 2848 m,
1568 2822 1582 2844 i.
1603 2830 1625 2844 e.
1642 2830 1683 2844 an.
1705 2822 1772 2848 1371,
1792 2820 1926 2843 Februarii
1945 2822 1981 2848 2⁴5,
1999 2828 2075 2850 prae-

207 2863 325 2886 sentibus
343 2864 455 2887 dominis
483 2865 622 2896 [Johunne]
640 2866 792 2888 Belvacensi
815 2869 839 2888 et
862 2866 1017 2897 [Alphonso]
1042 2865 1192 2888 Lexovicusi
1217 2866 1358 2896 episcopis,
1386 2866 1520 2896 magistris
1546 2867 1656 2896 Symom·
1680 2867 1785 2890 Fra-ron.
1808 2864 1933 2895 N[i‹*olao]
1958 2865 2072 2890 Ores-mc,

210 2907 240 2931 G.
259 2908 332 2932 Paut.
351 2909 387 2937 (?).
407 2908 536 2932 Grunerio
554 2910 585 2932 de
601 2910 745 2938 Placencia,
762 2910 901 2941 J[0hanne]
918 2910 949 2932 de
967 2910 1064 2940 ogeriss
1078 2913 1102 2932 et
1120 2918 1130 2932 (ι
1147 2910 1353 2940 capitulantibus
1372 2919 1381 2931 »
1401 2911 1429 2932 24
1448 2910 1588 2938 ranoniris,
1606 2909 1727 2932 exhibitis
1744 2918 1790 2939 per
1802 2909 1889 2939 ipsum
1903 2908 1996 2931 litteris
2010 2908 2074 2931 Gre-

334 2956 381 2972 ***
399 2954 495 2978 Chart.
520 2954 595 2977 Univ.
614 2954 707 2978 Paris.
727 2955 773 2978 ΙΙΙ.
1922 2953 1950 2975 2ὂ
