2488 3386
414 331 477 362 382
993 340 1310 361 CHARTULARIUM
1347 339 1534 361 uxivssns.
1574 336 1699 358 exam.
2178 322 2277 358 [1385

414 415 520 440 dictam
537 415 687 440 lecturam.
706 415 903 447 Interrogatus
918 415 939 440 si
956 415 1010 440 hoc
1025 414 1080 440 fuit
1095 416 1213 448 propter
1227 414 1339 439 donum
1361 414 1538 446 predictum.
1555 412 1625 437 dixit
1648 419 1676 436 se
1698 410 1788 436 nichil
1812 410 1892 436 scire.
1914 410 2112 442 Interrogatus
2133 417 2148 435 a
2170 409 2279 443 quibus

414 463 523 488 audivit
538 463 673 495 premissa
689 463 754 490 dici.
772 463 843 488 dixit
858 463 938 496 quod
958 471 973 488 a
989 463 1116 496 quadam
1134 463 1265 491 muliere.
1285 463 1344 488 filia
1366 461 1507 495 spirituali
1523 461 1591 486 dicti
1612 459 1714 485 fratris.
1733 459 1931 491 Interrogatus
1945 458 1967 483 si
1982 458 2077 484 dictus
2091 458 2278 484 cancellarius

413 515 454 538 est
470 514 586 537 notatus
601 514 626 537 et
644 512 810 537 diffamatus
824 512 860 538 de
879 512 1022 538 contentis
1046 512 1075 537 in
1095 512 1172 537 dicto
1188 511 1320 540 articulo,
1339 511 1411 536 dixit
1427 510 1506 543 quod
1527 510 1565 535 sic
1579 509 1656 534 inter
1670 508 1823 540 magistros
1836 507 2010 533 facultatum
2026 507 2232 537 Universitatis.
2249 509 2278 534 et

414 561 587 586 multociens
599 560 708 586 audivit
724 561 804 593 loqui
820 561 878 593 ipse
894 561 971 586 testis
985 561 1021 586 de
1035 561 1118 586 dictis
1133 560 1277 585 abusibus.

502 610 573 634 Item
590 617 675 642 super
690 609 731 642 xj0
744 611 772 635 et
787 609 838 642 xij⁰
851 609 979 634 articulis
991 609 1063 634 dixit
1077 609 1157 642 quod
1172 609 1282 634 audivit
1295 608 1350 633 dici
1366 616 1381 633 a
1398 607 1540 640 pluribus,
1558 605 1638 639 quod
1653 605 1790 638 magister
1805 605 1974 638 Flamingus
1995 605 2035 630 du
2056 605 2182 638 Marti-oy
2196 605 2276 631 dedit

414 659 457 691 xvj
472 659 584 684 francos
600 658 736 690 magistro
751 658 878 683 Johanni
893 658 929 683 de
944 658 1045 690 Augia,
1061 660 1093 683 ut
1109 658 1159 683 sibi
1174 657 1335 682 dimitteret
1350 657 1480 682 officium
1497 663 1584 680 suum
1601 654 1812 687 temptaminis.
1826 654 2007 687 subjungens
2021 654 2101 687 quod
2116 654 2152 679 de
2168 654 2222 680 hoc
2234 655 2276 680 est

413 715 571 733 commune
586 707 698 732 dictum
721 707 751 732 in
773 707 908 732 facultate
929 707 1049 732 artium.
1066 707 1262 739 Interrogatus
1277 706 1298 731 si
1314 705 1408 731 dictus
1424 704 1592 736 Flamingus
1606 703 1686 729 dedit
1700 703 1812 736 aliquid
1836 711 1888 736 pro
1910 703 1987 729 dicto
2001 703 2097 729 officio
2111 703 2188 729 dicto
2204 711 2273 728 can-

413 756 535 784 cellario,
553 756 624 781 dixit
640 763 667 781 se
683 755 772 781 nichil
787 755 866 781 scire.
885 756 961 780 Dixit
976 755 1063 781 etiam
1077 755 1157 788 quod
1177 755 1287 780 audivit
1302 754 1357 779 dici
1372 762 1387 779 a
1402 753 1546 786 pluribus.
1561 752 1641 786 quod
1661 752 1798 785 magister
1813 752 1942 778 Nicolaus
1957 752 1992 778 de
2005 751 2207 778 Vaudemonte
2221 759 2275 785 pro

412 805 489 830 dicto
501 805 596 830 officio
611 804 811 837 temptaminis
823 804 903 829 dedit
917 804 993 829 dicto
1006 804 1175 829 cancellario
1192 804 1218 828 xl
1232 803 1274 829 vel
1290 803 1298 828 l
1315 803 1436 828 francos.
1451 803 1648 834 Interrogatus
1662 801 1683 826 si
1698 801 1866 826 recordatur
1879 801 1914 826 de
1930 800 2100 827 nominibus
2111 801 2274 826 dicentium

412 853 475 882 sihi,
489 853 559 878 dixit
576 853 655 886 quod
672 861 740 878 non.
758 853 922 886 Requisitus
938 853 959 878 si
971 853 1007 878 de
1022 853 1076 878 hoc
1091 854 1131 878 est
1147 860 1305 878 commune
1326 852 1438 877 dictum
1455 851 1484 876 in
1500 851 1636 877 facultate
1650 849 1770 879 artium,
1785 849 1857 875 dixit
1878 850 1957 883 quod
1973 850 2011 876 sic
2026 857 2041 875 a
2057 851 2197 883 tempore,
2214 857 2274 883 quo

412 904 505 928 rector
520 904 548 927 et
560 902 732 927 Universitas
746 902 918 934 inceperunt
933 902 1024 927 facere
1039 901 1280 927 informacionem
1296 901 1332 926 de
1346 901 1406 926 istis
1420 900 1566 926 abusibus.

501 951 573 976 Item
588 958 674 983 super
687 951 822 983 xiijo-xxij
839 958 867 976 se
882 958 942 976 non
957 951 1110 979 recordari.
1126 951 1167 976 vel
1184 950 1273 976 nichil
1289 950 1367 975 scire.

499 999 579 1033 xlvij.
602 1000 749 1025 Romanus
761 1000 884 1029 RAmmn,
900 999 1035 1031 magister
1048 999 1077 1024 in
1091 999 1211 1026 artibus.
1224 998 1343 1025 studens
1356 998 1386 1024 in
1400 997 1544 1030 theologia
1554 997 1685 1026 Parisius,
1700 996 1827 1022 nacionis
1839 997 2003 1026 Normanie,
2016 997 2098 1022 etatis
2110 997 2165 1030 xxij
2177 1003 2272 1022 anno·

411 1056 479 1074 rum
495 1049 537 1073 vel
553 1048 635 1074 circa.
652 1048 878 1073 examinatus...

498 1096 591 1130 xlviij.
614 1097 745 1129 Magister
759 1097 876 1122 Tnoms
892 1104 928 1122 DE
945 1097 1095 1125 Boavnaa,
1113 1097 1249 1129 magister
1264 1096 1294 1122 in
1313 1096 1433 1124 artibusv
1451 1096 1570 1121 studens
1587 1095 1718 1124 Parisius,
1735 1095 1771 1120 de
1786 1094 1906 1120 nacione
1926 1094 2082 1123 Gallicana,
2099 1094 2162 1127 xxvj
2176 1101 2272 1122 anno-

410 1153 477 1171 rum
494 1146 535 1171 vel
551 1145 633 1173 circa.
650 1145 840 1170 examinatus.

498 1195 569 1219 Item
585 1201 671 1227 super
686 1194 758 1226 lviij⁰
775 1196 803 1219 et
818 1194 880 1227 lxij⁰
897 1194 969 1220 dixit
984 1195 1063 1228 quod
1080 1195 1176 1228 primo
1191 1202 1268 1220 anno
1283 1202 1343 1227 quo
1365 1193 1552 1219 cancellarius
1574 1193 1677 1218 habuit
1699 1192 1906 1226 possessionem
1928 1192 2156 1222 cancellariatus,
2176 1192 2272 1218 dictus

409 1243 486 1268 testis
498 1243 586 1267 voluit
605 1243 711 1268 intrare
725 1250 846 1269 examen
862 1243 978 1269 licencie
992 1244 1022 1269 in
1041 1244 1161 1271 artibus,
1176 1245 1203 1269 et
1219 1243 1296 1269 venit
1317 1243 1411 1276 primo
1426 1243 1462 1268 ad
1478 1242 1750 1269 subcancellarium,
1765 1241 1895 1267 videlicet
1909 1241 1945 1267 ad
1961 1241 2136 1274 magistrum
2152 1241 2272 1267 Petrum

410 1292 488 1317 Plaul
504 1300 586 1317 causa
603 1292 859 1317 recommendandi
876 1300 903 1318 se
925 1292 987 1317 sibi.
1004 1293 1183 1326 Quiquideni
1203 1292 1445 1318 subcancellarius
1459 1291 1532 1316 dixit
1551 1291 1614 1320 sibi,
1638 1291 1718 1324 quod
1742 1298 1801 1316 non
1822 1292 1892 1316 esset
1913 1290 2089 1319 licenciatus,
2116 1290 2169 1316 nisi
2190 1290 2273 1316 daret

407 1341 459 1365 sibi
476 1341 527 1365 xxti
543 1341 663 1366 francos.
678 1340 712 1365 Et
729 1340 823 1366 dictus
837 1341 914 1366 testis
928 1341 1000 1366 dixit
1015 1342 1078 1370 sibi,
1095 1341 1175 1374 quod
1196 1349 1255 1366 non
1279 1341 1403 1366 habebat.
1425 1348 1479 1366 eos.
1498 1340 1529 1365 Et
1548 1342 1618 1365 tunc
1633 1340 1728 1365 dictus
1743 1339 1985 1365 subcancellarius
1998 1339 2071 1366 dixit
2085 1339 2180 1365 eidem
2195 1339 2271 1368 testi,

407 1390 487 1422 quod
502 1390 626 1415 traderet
640 1389 690 1414 sibi
706 1389 781 1414 bona
797 1390 918 1422 pignora
931 1398 1024 1423 usque
1038 1390 1074 1415 ad
1087 1390 1199 1416 dictum
1214 1390 1351 1418 valorem.
1366 1390 1435 1423 quia
1451 1389 1574 1415 habebat
1589 1397 1686 1414 unum
1699 1389 1881 1414 avunculum
1895 1388 2025 1415 divitem.
2038 1388 2073 1414 Et
2084 1388 2180 1414 dictus
2194 1388 2273 1414 testis

407 1438 478 1463 dixit
493 1438 555 1466 sibi.
570 1438 649 1471 quod
664 1438 699 1463 de
714 1439 838 1471 presenti
854 1446 914 1464 non
929 1440 1041 1472 poterat
1054 1439 1121 1465 dare
1135 1439 1209 1464 dicta
1226 1439 1356 1472 pignora.
1375 1439 1407 1464 Et
1431 1438 1469 1464 sic
1488 1438 1601 1464 recessit
1622 1438 1658 1463 ab
1673 1445 1716 1463 eo.
1738 1438 1773 1463 Et
1794 1437 1899 1464 deinde
1913 1438 1978 1472 post
1992 1438 2050 1463 tres
2066 1437 2126 1463 dies
2143 1437 2221 1463 venit
2235 1437 2271 1463 ad

406 1487 517 1512 dictum
536 1488 637 1512 testem
652 1487 773 1520 quidam
789 1487 926 1520 magister
939 1487 1086 1514 Johannes
1100 1488 1238 1515 Troullet.
1259 1488 1309 1521 qui
1330 1487 1442 1513 dicebat
1457 1495 1484 1513 se
1499 1495 1557 1513 esse
1573 1488 1792 1520 procuratorem
1807 1486 1877 1513 dicti
1892 1486 2118 1515 subeancellarii.
2132 1487 2161 1512 et
2181 1485 2272 1512 locuti

406 1535 526 1561 suerunt
540 1536 576 1561 ad
591 1536 713 1561 invicem
729 1536 764 1561 de
779 1536 854 1561 dicta
870 1536 1000 1562 materia.
1018 1537 1052 1562 Et
1068 1537 1194 1562 finaliter
1208 1537 1302 1562 (lictus
1315 1537 1462 1562 Johannes
1476 1536 1616 1561 Troulleti
1632 1535 1765 1569 promisit
1777 1535 1855 1562 dicto
1869 1535 1944 1565 testi,
1959 1535 2039 1568 quod
2052 1535 2074 1560 si
2087 1543 2115 1561 se
2129 1535 2271 1568 obligaret

404 1592 469 1617 erga
486 1585 581 1617 ipsum
595 1584 625 1609 in
638 1584 720 1610 dictis
736 1583 787 1609 xx¹i
802 1585 905 1610 francis
919 1593 973 1617 pro
986 1586 1063 1611 dicto
1079 1585 1313 1614 subcancellario.
1328 1586 1388 1618 ipse
1403 1586 1506 1611 faceret
1522 1585 1618 1618 ipsum
1632 1585 1766 1617 expedire
1781 1584 1816 1610 ad
1831 1584 1939 1610 dictam
1954 1584 2114 1613 licenciam,
2126 1584 2194 1610 alias
2209 1591 2270 1610 non

405 1633 600 1666 expediturus.
616 1635 649 1658 ut
665 1633 822 1658 mandabat
834 1634 886 1659 sibi
900 1634 994 1659 dictus
1009 1634 1259 1660 subcancellarius.
1278 1634 1456 1667 Quiquidem
1471 1634 1548 1659 testis
1563 1634 1597 1659 ad
1613 1633 1820 1660 redimendum
1836 1633 2018 1659 vexationem
2034 1640 2116 1659 suam
2131 1633 2270 1665 obligavit

404 1689 432 1708 se
446 1682 475 1707 in
494 1682 576 1707 dictis
592 1682 643 1706 xx‘i
660 1682 772 1711 francis,
795 1684 823 1708 et
842 1683 961 1708 tradidit
983 1683 1114 1716 pignora,
1139 1683 1268 1708 videlicet
1289 1683 1432 1716 quosdam
1456 1683 1543 1712 libros
1562 1684 1675 1709 vocatos
1696 1683 1854 1715 Qaestiones
1873 1682 2042 1715 phisicorum
2063 1683 2092 1708 et
2112 1682 2270 1715 Questiones

405 1730 550 1765 melafisice
569 1733 597 1756 et
617 1731 764 1757 Abreviala
782 1731 950 1764 phisicorzzm
970 1734 998 1757 et.
1021 1732 1193 1764 Sophismata
1213 1732 1319 1758 Alberli
1340 1734 1367 1757 et
1392 1740 1488 1758 unum
1513 1732 1747 1758 instrumentum
1770 1733 1905 1758 vocaturn
1933 1731 2115 1764 psalterium.
2139 1731 2174 1757 Et
2197 1731 2271 1757 facta

405 1780 573 1812 hujusmodi
590 1780 768 1812 obligacione
783 1788 852 1805 cum
867 1780 986 1806 dacione
1008 1781 1207 1813 predictorum
1230 1781 1389 1814 pignorum
1406 1781 1490 1807 tercia
1516 1781 1563 1807 die
1584 1781 1716 1814 sequenti
1741 1780 1836 1806 dictus
1856 1780 2099 1806 subcancellarius
2121 1779 2271 1806 mandavit

404 1835 456 1860 pro
470 1828 547 1853 dicto
562 1830 640 1857 teste.
659 1830 692 1853 ut
707 1828 817 1854 veniret
834 1829 870 1854 ad
891 1829 998 1862 ipsum.
1016 1829 1080 1862 Quo
1096 1830 1238 1858 veniente.
1255 1830 1349 1855 dictus
1369 1830 1611 1856 subcancellarius
1631 1830 1687 1855 suit
1710 1829 1842 1855 multum
1865 1829 1949 1858 letus,
1966 1830 1994 1855 et
2009 1828 2074 1854 fecit
2089 1829 2142 1854 sihi
2157 1828 2271 1855 bonum

405 1877 530 1905 vultum.
547 1878 575 1902 et
591 1877 764 1909 regraciatus
779 1877 835 1902 suit
854 1877 906 1903 sibi
928 1877 963 1903 de
985 1878 1059 1903 dicta
1075 1878 1254 1911 obligacione
1274 1880 1302 1904 et.
1323 1879 1444 1904 dacione
1463 1879 1633 1911 pignorum.
1651 1878 1686 1904 Et
1706 1880 1778 1904 tunc
1801 1877 1860 1911 ipse
1881 1877 1959 1903 testis
1981 1877 2229 1904 recommendavit
2243 1884 2271 1904 se

405 1925 466 1950 sibi.
483 1925 538 1958 Qui
554 1926 700 1958 respondit
715 1926 795 1958 quod
811 1926 928 1952 haberet
946 1927 1043 1959 ipsum
1059 1927 1132 1953 bene
1145 1928 1429 1955 recommendatum,
1446 1929 1474 1953 et
1489 1928 1569 1961 quod
1588 1927 1705 1953 haberet
1723 1927 1831 1953 bonam
1847 1934 1938 1960 spem.
1955 1927 2163 1960 Interrogatus,
2178 1926 2200 1952 si
2215 1926 2272 1952 ruit

404 1975 500 2006 postea
514 1974 689 2003 licencialus.
706 1974 778 2000 dixit
794 1975 874 2008 quod
889 1976 927 2001 sic
942 1975 972 2000 in
988 1976 1036 2001 illa
1053 1976 1214 2005 audicione.
1231 1977 1266 2002 de
1285 1985 1342 2010 qua
1366 1977 1480 2002 locutus
1496 1978 1535 2002 est
1552 1984 1639 2010 supra
1655 1977 1685 2002 in
1700 1976 1824 2002 articulo
1837 1976 1897 2009 xvj⁰
1913 1975 1979 2010 [scil.
1995 1975 2031 2002 de
2046 1976 2084 2004 4¹⁸
2097 1983 2143 2001 an.
2162 1974 2270 2010 primi]-

404 2023 599 2056 Interrogatus
614 2023 635 2048 si
650 2023 734 2049 solvit
748 2023 838 2049 dictos
854 2024 907 2049 xxti
923 2025 1045 2053 francos,
1062 2025 1134 2050 dixit
1149 2025 1229 2059 quod
1245 2033 1315 2054 non,
1332 2025 1425 2051 immo
1440 2026 1515 2051 dicta
1532 2025 1654 2059 pignora
1669 2033 1720 2051 sua
1734 2026 1802 2051 ante
1817 2025 1967 2051 licenciam
1981 2032 2064 2050 suam
2080 2023 2270 2057 recuperavit.

404 2072 609 2104 Interrogatus.
622 2072 772 2105 quomodo
784 2073 963 2106 recuperavit
978 2073 1053 2099 dicta
1067 2074 1189 2107 pignora
1204 2074 1264 2100 sine
1277 2075 1434 2102 solucione,
1446 2074 1517 2100 dixit
1530 2074 1610 2107 quod
1627 2074 1685 2108 ipse
1701 2074 1767 2100 fecit
1782 2074 1889 2099 minari
1904 2074 1995 2099 dictos
2010 2072 2271 2099 subcancellarium

404 2121 432 2145 et
447 2121 620 2153 magistrum
636 2121 801 2147 Johannem
816 2123 1037 2154 procuratorem
1052 2130 1140 2148 suum
1162 2123 1198 2148 ad
1219 2123 1432 2149 verberandum
1455 2131 1507 2156 per
1528 2123 1595 2156 iiijffl·
1610 2123 1777 2156 armigeros.
1795 2123 1847 2156 qui
1868 2124 1952 2149 erant
1973 2130 2042 2148 cum
2063 2130 2107 2152 eo,
2130 2123 2159 2148 et
2179 2122 2271 2148 eciam

405 2168 534 2194 minatus
549 2169 604 2194 suit
619 2177 665 2195 eos
680 2170 799 2202 ipsemet
816 2170 894 2195 testis
909 2170 944 2196 de
959 2171 1112 2197 revelando
1127 2171 1239 2197 (lictum
1256 2172 1366 2198 sactum
1382 2174 1408 2198 et
1425 2172 1533 2199 dictam
1550 2171 1753 2198 baratariam²‘
1767 2179 1865 2198 coram
1880 2171 2078 2197 Universitate.
2094 2170 2176 2196 Unde
2188 2171 2271 2196 metu

405 2217 613 2249 premissorum
628 2218 697 2243 dicti
719 2218 961 2244 subcancellarius
977 2221 1005 2245 et
1027 2220 1164 2253 magister
1179 2220 1326 2246 Johannes
1346 2221 1539 2247 restituerunt
1558 2221 1610 2246 sibi
1633 2221 1755 2254 pignora
1778 2228 1838 2246 sua.
1862 2220 2028 2253 Requisitus
2043 2219 2194 2253 quomodo
2215 2219 2272 2244 fuit

404 2266 578 2293 licenciatus.
601 2274 633 2292 ex
654 2275 713 2300 quo
735 2275 793 2292 non
817 2268 1025 2301 adimpleverat
1040 2269 1217 2302 promissum
1232 2270 1309 2295 dicto
1325 2270 1561 2298 subcancellario.
1578 2270 1651 2295 dixit
1665 2269 1747 2303 quod
1768 2277 1811 2298 eo.
1828 2269 1896 2302 quia
1912 2269 2007 2294 dictus
2028 2268 2272 2294 subcancellarius

406 2322 465 2340 non
481 2315 535 2340 suit
551 2323 664 2348 presens
679 2316 798 2348 quando
817 2316 876 2349 ipse
896 2318 923 2342 et
942 2317 990 2342 alii
1005 2318 1071 2343 socii
1087 2318 1131 2343 sui
1146 2318 1266 2344 suerunt
1282 2319 1432 2345 licenciati.
1450 2319 1545 2345 Immo
1561 2319 1682 2352 quidam
1698 2319 1780 2347 aller.
1797 2319 1881 2351 cujus
1896 2325 2005 2343 nomen
2021 2317 2136 2350 ignorat
2150 2317 2186 2342 ad
2201 2324 2270 2350 pre·

405 2370 477 2391 sens.
493 2365 563 2389 tunc
579 2364 694 2389 tenebat
709 2364 817 2390 ibidem
832 2365 930 2391 locum
946 2374 1044 2391 suum.
1063 2367 1262 2400 Interrogatus
1277 2367 1298 2393 si
1314 2367 1365 2393 scit
1381 2368 1449 2393 alios
1464 2368 1571 2393 abusus
1592 2367 1761 2393 commissos
1777 2367 1861 2392 fuisse
1876 2374 1927 2400 per
1943 2367 2057 2392 dictum
2072 2365 2270 2392 subcancella-

406 2412 494 2441 rium,
510 2412 581 2437 dixit
597 2420 624 2437 se
639 2413 776 2438 audivisse
791 2413 857 2441 dici,
872 2414 953 2447 quod
968 2415 1022 2440 alia
1036 2415 1094 2441 vice
1111 2416 1233 2448 quidam
1249 2417 1385 2449 magister
1401 2417 1510 2445 Petrus.
1525 2417 1560 2442 de
1576 2417 1660 2449 cujus
1675 2416 1850 2449 cognomine
1866 2423 1926 2441 non
1941 2415 2120 2443 recordatur,
2132 2414 2270 2447 obligavit

407 2468 434 2485 se
449 2460 525 2485 dicto
540 2461 763 2487 subcancellario
787 2462 817 2487 in
841 2470 956 2488 summa
977 2471 1012 2488 xv
1031 2464 1199 2489 francorum
1222 2473 1275 2498 pro
1295 2465 1411 2490 licencia
1428 2465 1586 2491 obtinenda
1602 2465 1632 2490 in
1649 2465 1785 2490 facultate
1799 2464 1919 2493 artium,
1936 2465 2025 2496 prout
2040 2463 2119 2489 idem
2134 2463 2272 2496 magister

409 2509 507 2534 Petrus
519 2509 612 2534 eidem
628 2510 691 2534 testi
708 2511 815 2535 retulit.
834 2511 1031 2544 Interrogatus
1046 2513 1068 2538 si
1083 2513 1166 2538 solvit
1181 2514 1288 2539 dictam
1305 2514 1487 2547 peccuniam,
1504 2514 1576 2539 dixit
1600 2514 1680 2547 quod
1705 2522 1775 2542 non.
1797 2514 1890 2539 immo
1905 2513 2000 2538 dictus
2019 2513 2156 2545 magister
2171 2512 2272 2538 Petrus

407 2557 519 2582 dictum
535 2557 793 2583 subcancellarium
811 2560 938 2592 quadam
954 2560 1000 2586 die
1022 2560 1053 2585 in
1071 2561 1131 2587 vico
1148 2561 1274 2587 Sarbone
1289 2563 1399 2595 optime
1415 2563 1582 2591 verberavit,
1600 2564 1688 2596 prout
1703 2563 1758 2588 hoc
1773 2562 1883 2588 audivit
1897 2569 1913 2587 a
1927 2562 2005 2587 dicto
2020 2561 2159 2594 magistro
2175 2561 2269 2589 Petro,

407 2607 435 2631 et
448 2607 489 2631 est
504 2607 600 2631 totum
616 2614 774 2632 commune
789 2607 818 2632 in
835 2608 1023 2634 Universitate
1039 2609 1196 2635 Parisiensi.
1214 2611 1411 2643 Interrogatus
1426 2611 1446 2636 si
1462 2611 1497 2637 de
1512 2611 1574 2637 aliis
1588 2611 1732 2637 contentis
1749 2611 1779 2636 in
1795 2611 1872 2637 dicto
1889 2610 2012 2636 articulo
2027 2610 2086 2643 ipse
2101 2609 2271 2635 subcancel-

408 2654 496 2679 larius
510 2656 552 2680 est
566 2654 743 2684 diffamatus,
759 2655 831 2681 dixit
846 2657 925 2688 quod
942 2657 979 2682 sic
994 2657 1070 2683 inter
1085 2658 1147 2684 illos
1161 2659 1197 2684 de
1210 2659 1444 2685 Universitate....

495 2703 563 2729 xlix.
587 2703 696 2728 Pisi-aus
721 2711 756 2728 m:
781 2704 935 2733 MARVILLA,
961 2706 1097 2738 magister
1120 2707 1150 2732 in
1169 2707 1283 2733 'artibus
1304 2708 1339 2734 de
1362 2709 1481 2734 nacione
1506 2709 1636 2737 Francie.
1661 2709 1780 2735 studens
1804 2708 1926 2734 Parisius
1949 2708 1980 2733 in
2004 2706 2164 2737 medicina,
2189 2706 2272 2733 etatis

409 2751 465 2783 xxij
482 2758 629 2777 annorum
645 2752 687 2777 vel
703 2751 785 2781 circa,
802 2752 1043 2786 interrogatus...

497 2799 515 2825 l.
538 2800 670 2833 Magister
684 2800 828 2826 JOHANNES
842 2801 1012 2831 TROULLETl,
1029 2803 1165 2836 magister
1181 2804 1209 2829 in
1225 2805 1345 2834 artibus,
1361 2805 1480 2831 studens
1497 2806 1618 2831 Parisius
1634 2806 1663 2831 in
1679 2806 1833 2839 theologia,
1850 2806 1886 2832 de
1900 2806 2019 2831 natione
2036 2804 2173 2834 Picardie,
2190 2803 2273 2830 etatis

410 2848 483 2881 xxxij
499 2856 645 2874 annorum
662 2849 704 2874 vel
729 2849 811 2878 cirea,
835 2849 1030 2883 interrogatus
1054 2860 1140 2884 super
1160 2852 1243 2886 lviiij0
1257 2855 1283 2879 et
1299 2853 1371 2887 lxij0.
1389 2854 1460 2879 dixit
1476 2855 1555 2887 quod
1570 2855 1605 2880 de
1621 2855 1765 2881 contentis
1779 2855 1809 2880 in
1824 2854 1902 2881 dicto
1916 2854 2039 2880 articulo
2056 2855 2098 2879 est
2112 2859 2272 2879 commune

409 2897 520 2922 dictum
536 2897 611 2923 inter
626 2898 688 2923 illos
702 2897 738 2923 de
752 2898 950 2927 Universitate.
967 2901 995 2925 et
1011 2900 1099 2925 nichil
1115 2901 1165 2926 scit
1178 2901 1257 2926 aliud
1272 2909 1358 2935 super
1371 2903 1514 2928 contentis
1529 2903 1557 2928 in
1572 2904 1650 2929 dicto
1665 2904 1796 2929 articulo.
