2488 3386
451 337 513 368 144
1025 345 1341 366 CHARTULARIUM
1378 344 1567 367 uuivssns.
1604 343 1731 366 PARIS.
2210 331 2310 367 [1366

450 420 712 452 Sententiarum
736 425 877 463 portent
898 418 953 451 vel
981 418 1113 463 portari
1141 418 1267 450 saciant
1295 418 1338 451 ad
1360 418 1478 451 scolas
1502 418 1708 458 bachelarii,
1732 430 1749 450 a
1771 429 1842 462 quo
1865 418 2069 450 sententias
2089 417 2249 459 audient,
2272 424 2310 451 ut

450 492 582 519 textum
607 486 871 518 Sententiarum
894 485 1039 517 audiant
1060 484 1267 529 diligenter.

537 554 625 585 Item
647 552 742 596 quod
765 552 929 596 legentes
951 551 1154 584 Sententias
1175 551 1324 583 faciant⁸
1346 550 1499 583 honeste
1521 557 1556 583 et
1577 551 1656 583 sine
1676 550 1799 584 verbis
1821 550 2008 583 offensivis
2030 550 2310 596 quibuscunque

448 626 507 652 aut
528 619 630 652 elatis
652 619 727 652 sive
749 618 973 651 scandalosis
994 630 1078 651 suas
1106 618 1319 650 collationes
1347 624 1378 650 et
1407 617 1595 662 principia,
1621 617 1719 650 omni
1745 617 1877 661 injuria
1898 624 2065 650 cessante
2093 624 2309 663 servatoque

449 685 519 718 sibi
540 685 692 718 invicem
711 697 873 730 congruo
893 684 1044 717 honore.

516 753 603 785 Item
626 752 722 797 quod
743 752 908 796 legentes
931 751 1134 784 Sententias
1155 763 1227 784 non
1248 757 1399 784 tractent
1425 751 1639 795 questiones
1663 752 1742 783 aut⁹
1765 751 1933 783 materias
1954 750 2092 795 logicas
2113 751 2170 784 vel
2192 751 2309 796 philo-

449 818 629 863 sophicas,
646 819 715 851 nisi
733 825 903 863 quantum
922 825 1039 851 textus
1056 818 1320 851 Sententiarum
1343 817 1517 862 requiret,
1535 824 1596 850 aut
1612 817 1816 850 solutiones
1833 824 2130 862 argumentorum
2148 818 2307 863 exigent,

450 885 513 918 sed
535 892 701 918 moveant
720 892 754 918 et
774 891 925 918 tractent
945 885 1157 929 questiones
1179 884 1417 930 theologicas,
1439 884 1681 929 speculativas
1710 883 1767 917 vel
1796 883 1967 926 morales,
1988 884 2032 917 ad
2054 884 2308 919 distinctiones

449 952 682 997 pertinentes.

537 1019 623 1050 Item
647 1018 743 1063 quod
766 1018 930 1063 legentes
953 1018 1156 1051 Sententias
1177 1018 1299 1063 legant
1320 1024 1453 1051 textum
1480 1018 1639 1063 ipsarum
1666 1018 1830 1051 ordinate
1857 1024 1892 1050 et
1911 1019 2127 1063 exponant¹⁰
2148 1019 2192 1052 ad
2211 1019 2308 1052 utili-

448 1091 552 1117 tatem
576 1085 791 1117 auditorum.
1729 1078 1732 1081 ⁴

535 1152 622 1183 Item
654 1151 751 1195 quod
779 1151 901 1183 nullus
922 1151 1050 1196 legens
1072 1152 1276 1184 Sententias
1300 1151 1395 1196 legat
1422 1152 1650 1196 questionem
1673 1163 1773 1184 suam
1795 1158 1855 1185 aut
1875 1164 1980 1185 suum
2004 1152 2221 1197 principium
2245 1164 2308 1198 per

445 1225 656 1262 quaternum
679 1225 739 1250 aut
759 1218 846 1250 alias
867 1218 902 1250 in
925 1218 1082 1263 scriptis.
1104 1220 1182 1251 Non
1200 1225 1318 1251 tamen
1340 1225 1488 1263 propter
1509 1218 1576 1251 hoc
1598 1218 1819 1259 inhibemus,
1838 1219 1926 1263 quin
1942 1218 2171 1252 bachelarius
2191 1220 2309 1264 possit

445 1291 586 1329 portare
607 1285 650 1317 ad
672 1284 875 1317 cathedram
897 1284 1033 1329 aliquid
1055 1297 1097 1317 ex
1118 1297 1189 1329 quo
1217 1285 1345 1330 possit,
1368 1285 1398 1318 si
1427 1297 1580 1318 necesse
1601 1285 1722 1326 fuerit,
1746 1285 1816 1318 sibi
1838 1285 2013 1318 reducere
2033 1285 2077 1318 ad
2097 1285 2306 1319 memoriam

445 1351 582 1395 aliquas
609 1350 837 1383 difficultates
862 1358 1053 1396 tangentes
1081 1352 1308 1396 questionem
1339 1363 1454 1390 suam,
1475 1359 1535 1384 aut
1559 1358 1771 1397 argumenta
1798 1364 1863 1385 seu
1888 1352 2121 1385 auctoritates
2142 1352 2234 1385 aut¹¹
2262 1352 2307 1386 ad

444 1418 556 1463 ipsam
580 1418 809 1462 questionem
831 1425 891 1450 aut
910 1418 1063 1462 aliquam
1087 1415 1351 1463 expositionem
1375 1419 1613 1463 pertinentes.

533 1485 620 1516 Item
643 1484 833 1517 statuimus
854 1485 950 1529 quod
973 1484 1096 1517 nullus
1113 1485 1286 1530 magister
1301 1492 1359 1518 aut
1381 1485 1611 1519 bachelarius
1632 1486 1694 1531 qui
1716 1485 1920 1519 Sententias
1942 1485 2086 1531 legerit,
2109 1497 2210 1519 suam
2231 1485 2303 1519 lec-

443 1557 555 1583 turam
587 1551 851 1584 Sententiarum
884 1552 1159 1584 communicet¹²
1195 1552 1371 1585 tradendo
1398 1552 1619 1585 stationariis
1648 1552 1784 1586 directe
1811 1552 1868 1586 vel
1895 1552 2085 1594 indirecte,
2112 1550 2306 1598 quousque

447 1629 510 1650 sua
532 1617 667 1650 lectura
688 1618 796 1650 suerit
816 1630 880 1663 per
900 1618 1153 1651 cancellarium
1175 1625 1210 1652 et
1230 1619 1424 1664 magistros
1446 1619 1609 1664 predicte
1629 1619 1808 1653 facultatis
1830 1619 2041 1652 examinata.

530 1685 616 1717 Item
645 1685 740 1729 quod
769 1685 891 1717 nullus
919 1686 1033 1730 possit
1064 1686 1241 1718 licentiari
1269 1686 1305 1718 in
1330 1685 1527 1731 theologia,
1557 1693 1617 1719 aut
1646 1687 1821 1732 incipere,
1852 1686 1976 1731 legere
2012 1686 2217 1720 Sententias
2245 1693 2304 1721 aut

442 1751 597 1796 aliquem
619 1764 764 1784 cursum
787 1752 823 1784 in
844 1752 1026 1797 theologia
1048 1752 1116 1785 sub
1137 1753 1258 1798 aliquo
1280 1753 1454 1798 magistro
1477 1766 1494 1786 a
1521 1754 1682 1787 Parisius
1696 1753 1870 1795 absente,
1897 1753 1968 1786 nisi
1988 1753 2050 1786 ille
2072 1765 2137 1798 per
2156 1753 2304 1787 faculta-

442 1824 511 1850 tem
544 1830 675 1863 regens
705 1819 812 1851 suerit
843 1825 1040 1863 reputatus,
1072 1831 1137 1852 nec
1167 1819 1336 1853 bedellus
1364 1820 1528 1865 magistri
1559 1820 1722 1853 absentis
1750 1820 1794 1853 ab
1824 1819 2084 1865 incipientibus
2112 1819 2306 1854 antedictis

441 1883 578 1928 aliquid
600 1885 748 1929 recipiat
768 1897 914 1929 quoquo
935 1885 1054 1918 modo.

530 1952 617 1983 Item
641 1951 850 1984 ordinamus
872 1952 967 1996 quod
993 1952 1045 1985 illi
1071 1952 1280 1994 bachelarii,
1310 1953 1371 1998 qui
1401 1954 1606 1987 Sententias
1628 1953 1847 1998 legerunt¹³,
1871 1953 1901 1986 si
1926 1953 2078 1998 gradum
2106 1953 2306 1998 magisterii

442 2017 651 2050 desiderant
677 2017 856 2059 obtinere,
887 2025 981 2051 stare
1009 2019 1045 2051 in
1071 2020 1190 2052 studio
1221 2027 1382 2065 tempore
1410 2020 1518 2053 solito
1546 2020 1641 2053 inter
1668 2020 1839 2054 lecturam
1866 2027 1901 2053 et
1921 2020 2171 2065 magisterium
2192 2020 2305 2053 inter-

441 2083 560 2116 medio
582 2090 784 2125 teneantur,
808 2091 984 2118 uteorum
1007 2086 1170 2128 scientia,
1192 2098 1312 2120 mores
1334 2093 1369 2119 et
1388 2087 1459 2120 vita
1480 2087 1616 2120 certius
1637 2086 1934 2132 comprobentur.

530 2150 633 2183 Circa
662 2162 747 2183 vero
773 2152 1063 2185 reformationem
1089 2153 1267 2186 facultatis
1290 2155 1548 2195 Dsscnss'ronum,
1571 2154 1783 2187 auctoritate
1809 2153 1970 2198 predicta
1996 2153 2188 2185 statuimus
2209 2153 2307 2197 quod

442 2228 515 2248 non
536 2216 770 2261 dispensetur
790 2230 870 2250 cum
892 2218 1011 2263 aliquo
1039 2231 1149 2264 super
1178 2220 1328 2253 lecturis
1355 2227 1389 2253 et
1418 2220 1536 2262 libris,
1559 2233 1652 2266 quos
1683 2220 1884 2253 secundum
1913 2219 2179 2252 ordinationem
2207 2219 2307 2252 sedis

441 2283 639 2327 apostolice
667 2291 727 2316 aut
754 2291 882 2318 statuta
902 2286 1080 2319 facultatis
1101 2286 1235 2320 debent
1255 2287 1439 2320 audivisse
1466 2294 1501 2320 et
1521 2287 1672 2332 legisse,
1695 2294 1885 2332 antequam
1913 2287 1956 2320 ad
1977 2286 2158 2319 licentiam
2179 2286 2307 2319 admit-

444 2356 577 2382 tantur.

531 2416 635 2449 Circa
656 2429 742 2450 vero
767 2418 969 2451 facultatem
991 2421 1215 2452 MsmconuM
1237 2421 1428 2454 statuimus
1450 2421 1548 2466 quod
1569 2421 1701 2454 medici
1722 2421 1836 2454 libros
1859 2432 1946 2454 suos
1969 2420 2129 2461 audiant,
2150 2419 2307 2453 lecturas

442 2482 661 2527 compleant,
689 2483 952 2528 disputationes
977 2487 1220 2531 frequentent,
1249 2494 1287 2520 ut
1312 2488 1348 2520 in
1379 2488 1522 2521 statutis
1552 2488 1732 2521 facultatis
1758 2487 1939 2520 medicine
1966 2486 2187 2527 continetur,
2209 2486 2308 2519 omni

445 2548 719 2593 dispensatione
732 2550 755 2567 ¹⁶
778 2551 814 2583 in
834 2553 1051 2585 contrarium
1069 2554 1271 2587 interdicta.

534 2615 638 2648 Circa
663 2629 749 2649 vero
777 2624 906 2650 statum
933 2619 1111 2652 facultatis
1139 2621 1295 2662 ARTiUM,
1325 2633 1394 2666 que
1416 2622 1518 2666 quasi
1545 2621 1693 2654 aliarum
1721 2628 1777 2654 est
1805 2620 2093 2661 fundamentum,
2116 2618 2308 2652 statuimus

445 2682 542 2726 quod
574 2682 856 2717 determinantes
886 2691 918 2717 et
947 2685 1157 2718 licentiandi
1188 2693 1380 2720 teneantur
1414 2700 1545 2733 cappas
1574 2688 1632 2722 vel
1670 2687 1878 2733 epytogium
1918 2693 2062 2732 portare
2100 2685 2145 2718 ad
2174 2685 2306 2727 scolas,

444 2748 589 2792 quando
615 2749 750 2782 vadunt
776 2751 819 2783 ad
847 2750 1022 2784 lectiones
1043 2764 1127 2785 suas
1155 2754 1366 2795 audiendas,
1390 2756 1456 2787 et¹⁵
1479 2755 1515 2787 in
1544 2754 1789 2796 sermonibus,
1811 2753 1964 2786 maxime
1984 2765 2002 2786 a
2022 2753 2116 2785 festo
2137 2751 2307 2785 Omnium

447 2815 662 2847 Sanctorum
685 2828 801 2861 usque
822 2817 865 2850 ad
885 2817 992 2850 finem
1014 2819 1133 2863 magni
1154 2819 1352 2862 Ordinarii,
1374 2827 1411 2853 ut
1432 2821 1634 2854 honoretur
1654 2821 1690 2853 in
1712 2821 1765 2853 eis
1782 2820 1932 2853 facultas
1960 2826 1995 2852 et
2019 2818 2156 2864 gradus
2182 2829 2307 2851 eorum

448 2887 701 2926 cognoscatur.
