2488 3386
202 369 297 405 1366]
619 381 666 402 ΑΒ
699 380 806 403 ΑΝΝΟ
839 380 970 402 Mccm.
999 380 1132 408 USQUE
1167 380 1215 401 An
1250 379 1515 401 BENEDICTUM
1550 380 1640 401 xm.
1998 370 2060 402 149

200 457 315 480 Lauduu.
331 456 412 478 dioec.
431 456 501 485 (Reg.
519 456 597 478 Aven.
616 454 679 477 Urb.
693 455 721 482 V,
740 454 793 477 vol.
813 454 865 482 XX,
887 455 905 477 s.
922 454 965 477 137
974 454 1004 482 b),
1027 457 1052 476 et.
1070 454 1126 476 loco
1146 453 1218 476 illius
1238 453 1370 475 Johnnnes
1391 453 1506 479 Davidis,
1530 453 1611 475 abbas
1635 452 1829 475 Hermeriarum
1851 453 1903 481 (ubi
1925 453 2007 475 abbas
2028 454 2061 476 ab

199 501 323 527 an.1363‚
337 499 428 523 octob.
443 500 485 526 27:
499 499 564 522 Urb.
577 499 597 521 V
608 500 687 522 Aven.
700 499 751 521 vol.
767 499 808 526 VI,
827 499 844 522 f.
861 498 941 527 219b),
958 506 999 521 an.
1014 498 1084 527 1369,
1096 498 1178 528 April.
1194 498 1231 524 27,
1245 497 1390 520 translatus
1402 500 1442 519 cst
1457 497 1489 519 ad
1505 497 1692 519 monasterium
1708 497 1881 520 Gaudiivallis
1898 497 1981 526 (th-b„
1997 498 2012 520 l.
2028 506 2060 526 (κ,

200 546 217 568 f.
236 545 314 573 170b).
332 547 357 567 et
374 544 430 566 loco
453 543 544 574 ipsius,
566 543 699 566 Johannes
724 543 828 566 Condoe
849 543 963 573 (Coldoe)
982 551 1023 565 an.
1047 542 1116 567 1370.
1135 541 1195 564 Maii
1221 542 1258 570 29,
1284 541 1312 564 fit
1334 541 1416 563 abbas
1440 541 1635 564 Hermeriarum
1653 541 1729 570 (Urb.
1749 542 1769 563 V
1789 542 1877 567 Auen„
1900 542 1951 564 vol.
1972 542 2060 568 XXIII,

201 590 218 612 s.
232 590 280 618 54).
296 589 415 612 Mancum
431 588 471 611 vel
487 595 594 610 erronee
609 587 635 609 in
653 587 725 611 Gall.
742 588 850 614 christ„
870 587 911 614 lx,
929 587 987 614 654;
1003 586 1057 611 VII.
1073 586 1133 618 9423
1149 586 1216 613 VIII,
1236 586 1295 608 1336
1311 585 1364 614 (ubi
1381 588 1517 616 praeterea
1532 585 1664 608 Johannes
1684 585 1765 607 David
1781 593 1920 615 perperam
1936 585 2063 608 asseritur

200 633 278 656 simul
303 633 386 655 abbas
403 632 597 655 Hermeriarum
623 635 647 654 et
671 631 857 656 Guudiivallis.
881 634 905 653 et
927 631 1032 662 quidem
1055 630 1088 653 ab
1108 639 1149 653 an.
1173 630 1241 652 1347.
1263 630 1311 652 Sed
1329 637 1371 652 an.
1384 630 1522 652 1352-13033
1538 629 1606 652 alius
1621 629 1753 652 Johannvs
1772 629 1864 652 abbas.
1879 643 1909 646 —
1926 630 1987 660 Reg.
2006 630 2062 652 Vat.

200 678 288 701 lnnoc.
304 678 346 706 VI,
363 681 391 700 n⁰
406 677 460 705 219,
477 678 492 699 f.
510 676 559 706 61).

206 812 345 849 1321.
375 821 487 847 Urbano
510 822 533 847 V
546 820 693 856 supplicat
714 820 878 853 Ludovicus,
901 819 962 845 dux
976 819 1218 854 Andegavensis',
1238 824 1267 844 ut
1282 821 1375 852 frater
1400 818 1518 843 leomas
1534 819 1634 852 Loncy,
1657 817 1723 843 ord.
1745 818 1771 842 S.
1790 818 1903 842 Mariae
1919 817 1953 842 de
1970 819 2063 843 Monte

293 869 423 904 Carmeli,
441 869 481 895 ad
495 870 632 895 tecturam
649 869 859 895 Sententiarum
874 868 998 894 Parisiis
1014 868 1195 902 admittatur,
1214 877 1275 893 cum
1295 868 1394 892 timeat
1413 867 1598 892 Oxonienses.

1570 952 1647 980 1366,
1661 951 1730 976 duni!
1743 951 1778 977 72.

291 1037 476 1083 Supplicat
495 1037 674 1070 sanctitati
695 1043 815 1070 vestre
837 1036 991 1070 devotus
1012 1036 1109 1069 filius
1131 1042 1252 1069 vester
1274 1037 1311 1067 L.
1335 1035 1407 1067 dux
1432 1034 1724 1079 Andegavensis‚
1747 1034 1916 1078 quatinus
1939 1033 2062 1066 eadem

202 1105 372 1138 sanctitas
400 1104 603 1137 concedere
631 1104 802 1148 dignetur
828 1103 959 1136 devoto
986 1103 1119 1135 oratori
1146 1109 1266 1135 vestro
1296 1102 1395 1134 fratri
1426 1101 1563 1133 Thome
1592 1101 1768 1145 Loncye²⁷
1792 1100 1941 1133 Ordinis
1962 1100 2064 1133 beate

202 1171 314 1204 Marie
337 1171 381 1203 de
404 1170 689 1211 Montecarmeli,
712 1182 791 1202 cum
820 1170 898 1214 ipse
924 1170 995 1213 jam
1023 1169 1127 1201 annis
1150 1168 1272 1201 inultis
1293 1174 1327 1200 et
1348 1167 1571 1200 sufficienter
1592 1167 1773 1200 studuerit
1793 1167 1980 1199 ordinatus
2002 1179 2066 1211 per

202 1238 375 1271 Ordinem
414 1249 518 1269 suum
550 1237 586 1268 in
619 1236 848 1281 philosophia
876 1242 911 1268 et
942 1236 1146 1280 theologica
1173 1235 1353 1275 facultate7
1385 1246 1423 1266 ac
1451 1241 1551 1266 actus
1583 1234 1795 1266 scolasticos
1828 1234 1965 1273 fecerit7
1996 1245 2065 1277 que

205 1304 363 1337 studenti
397 1303 562 1335 ordinato
589 1302 742 1335 transire
773 1302 816 1335 ad
843 1302 1000 1347 gradum
1026 1302 1268 1335 bacalariatus
1296 1300 1480 1345 theologie
1511 1301 1705 1345 pertinent,
1737 1300 1941 1333 Sententias
1969 1306 2066 1332 extra

205 1370 468 1404 Universitates
492 1370 539 1412 (in
568 1381 748 1402 concursu
776 1376 893 1401 tamen
921 1369 1115 1410 communi)
1137 1368 1281 1413 legerit,
1304 1367 1517 1400 doctoribus
1538 1379 1639 1400 sacre
1665 1367 1794 1412 pagine
1823 1367 2065 1411 responderit,

203 1437 239 1469 in
271 1436 489 1481 duobusque
518 1435 759 1468 conventibus
796 1435 851 1468 sui
880 1435 1030 1468 Ordinis
1060 1435 1097 1467 in
1130 1434 1311 1479 superiori
1342 1433 1510 1467 cathedra
1540 1434 1577 1466 in
1603 1434 1697 1466 dicta
1722 1433 1888 1466 facultate
1920 1433 2065 1473 rexerit,

203 1503 299 1548 quod
326 1503 443 1548 possit
471 1502 677 1547 promoveri
702 1502 739 1534 in
761 1502 855 1534 dicta
875 1501 1042 1534 facultate
1073 1501 1247 1542 Parisius,
1269 1501 1315 1534 ita
1337 1501 1434 1545 quod
1460 1507 1573 1533 estate
1602 1500 1762 1545 proxima
1787 1500 1911 1544 legere
1932 1499 2066 1532 ibidem

203 1570 408 1603 Sententias
433 1569 560 1609 valeat,
593 1568 792 1601 secundum
825 1568 922 1613 quod
953 1568 1087 1600 ibidem
1116 1568 1160 1600 de
1189 1567 1391 1600 bacallariis
1420 1566 1633 1600 estivalibus
1655 1566 1733 1599 fieri
1760 1573 1814 1599 est
1839 1573 2067 1606 consuetum,

202 1648 275 1669 non
296 1636 462 1668 obstante
482 1635 580 1680 quod
602 1647 666 1680 per
686 1635 860 1668 Ordinem
883 1647 987 1667 suum
1009 1635 1055 1667 sit
1075 1635 1277 1679 dispositus
1298 1634 1341 1666 ad
1363 1634 1624 1667 transeundum
1642 1633 1684 1666 ad
1703 1634 1949 1678 magistratum
1969 1632 2068 1665 theo-

202 1703 299 1748 logie
321 1703 358 1735 in
380 1702 622 1735 Universitate
639 1702 838 1734 Oxoniensi
859 1702 896 1734 in
917 1701 1062 1746 Anglia,
1085 1701 1182 1746 quod
1203 1702 1320 1733 facere
1342 1701 1449 1733 nimis
1467 1701 1568 1733 timet
1588 1707 1736 1745 propter
1752 1712 1888 1732 morem
1906 1699 2067 1744 gentium

202 1769 297 1802 dicte
327 1768 583 1802 Universitatis
613 1775 648 1801 et
682 1775 811 1801 statuta
845 1768 883 1800 in
917 1780 1111 1813 gravamen
1153 1768 1408 1812 religiosorum
1446 1767 1727 1800 mendicantium
1768 1766 1903 1798 ibidem
1942 1766 2064 1805 facta³,

202 1842 350 1881 propter
372 1847 441 1879 que
462 1835 523 1880 qui
544 1834 619 1867 illic
646 1834 852 1879 promoveri
874 1834 1052 1867 deberent
1072 1834 1222 1866 nimium
1245 1834 1484 1874 retardantur,
1507 1845 1546 1865 ac
1568 1845 1641 1865 non
1667 1832 1896 1865 obstantibus
1918 1831 2068 1876 quibus-

201 1913 344 1947 cunque
373 1901 529 1942 statutis⁷
555 1900 897 1941 consuetudinibus,
926 1900 1129 1945 privilegiis
1159 1901 1254 1933 dicte
1284 1900 1538 1933 Universitatis
1567 1899 1839 1932 Parisiensisw.
1863 1920 1905 1923 —
1927 1899 2014 1939 Fiat7
2037 1898 2067 1930 si

201 1969 318 2014 placet
337 1968 552 2001 cancellario
574 1974 609 2000 et
632 1968 888 2013 magistrorum
915 1967 1072 2012 collegio
1103 1967 1299 2000 parisiens.
1324 1968 1362 1999 B.
1385 1990 1428 1995 —
1449 1967 1533 2000 Sine
1559 1966 1626 1999 alia
1648 1966 1815 1999 lectione.
1840 1986 1884 1991 —
1911 1966 1995 1997 Fiat.
2026 1966 2063 1997 Β.

199 2055 244 2060 -
262 2036 341 2068 Dat.
362 2035 542 2069 Avinione
563 2034 680 2079 pridie
697 2046 782 2067 non.
804 2034 915 2076 Junfi,
937 2046 1031 2067 anno
1053 2040 1198 2079 quartO.

293 2133 356 2164 Reg.
372 2133 429 2156 vat.
446 2132 540 2163 Suppl.
556 2132 657 2156 Urbani
672 2133 702 2161 V,
718 2140 760 2156 an.
777 2133 800 2161 4,
816 2140 879 2163 pars
898 2132 983 2161 unica,
1002 2132 1045 2155 fol.
1062 2132 1117 2155 187.

293 2217 316 2240 1.
331 2216 456 2240 Franciae
478 2216 547 2247 regis
563 2224 705 2248 germanus
721 2220 746 2239 et
762 2216 847 2247 ipsius
860 2217 947 2239 locum
962 2219 1051 2239 tenens
1067 2216 1093 2239 in
1110 2216 1229 2247 partibus
1246 2216 1404 2240 Oceitaniue.
1421 2229 1451 2233 -—-
1466 2216 1489 2239 2.
1507 2216 1578 2240 Sitne
1594 2217 1708 2240 Thomas
1725 2217 1820 2239 Lombe
1841 2224 1885 2239 seu
1906 2216 2063 2243 Lumbncus,

199 2261 231 2284 de
250 2269 300 2292 quo
325 2261 439 2290 Vinia-³,
464 2261 536 2285 Bibt.
561 2261 687 2289 Carmel„
712 2261 744 2289 11,
765 2262 808 2284 821
829 2269 878 2292 sq.;
902 2261 1048 2289 Fabricius,
1070 2261 1142 2284 Bibl.
1166 2262 1189 2290 (⁴2
1212 2261 1274 2289 ech),
1293 2261 1334 2287 IV,
1354 2261 1411 2287 279;
1434 2261 1473 2287 VI,
1496 2261 1554 2290 256;
1575 2261 1686 2286 Tanner,
1709 2261 1779 2284 Bibt.
1806 2261 1886 2286 Brit..
1911 2269 1937 2291 p.
1958 2261 2019 2282 485?
2038 2273 2064 2276 —

199 2307 222 2329 3.
241 2307 287 2330 An.
306 2306 365 2329 1362
381 2305 479 2329 exarsit
493 2305 607 2336 litigium
628 2306 695 2328 inter
715 2306 870 2329 Carmelitas
886 2309 911 2328 et
933 2305 1147 2329 Universitatem.
1171 2305 1228 2328 Vid.
1251 2305 1340 2333 Wood,
1359 2305 1433 2329 Hist.
1456 2306 1580 2329 Univers.
1605 2306 1702 2331 Oxon„
1726 2306 1745 2334 l,
1767 2305 1825 2333 182;
1846 2305 1900 2328 The
1915 2305 1987 2329 llist.
2007 2306 2066 2328 and

198 2350 370 2381 Antiquities
390 2352 424 2381 Of
434 2351 478 2374 the
497 2350 655 2380 University
671 2352 704 2380 of
716 2350 830 2380 Oafford,
847 2351 865 2379 1,
884 2351 938 2373 478.
955 2350 1013 2373 Vid.
1030 2350 1138 2380 insuper
1152 2349 1222 2372 infru
1240 2354 1269 2372 n⁰
1285 2350 1354 2377 1329,
1373 2353 1425 2372 not.
1446 2350 1467 2372 1.

204 2539 344 2576 1322.
368 2549 485 2574 Rectore
505 2549 635 2575 lllacario
657 2550 757 2583 Magni
781 2548 877 2583 electo,
899 2548 1043 2574 Iohannes
1064 2548 1204 2583 Tonsor-is,
1223 2548 1348 2574 decanus
1368 2547 1520 2582 facultatis
1543 2547 1727 2581 decretorum,
1752 2548 1778 2573 tn
1800 2548 1926 2583 quadam
1947 2556 2063 2581 congre-

286 2598 402 2632 gatione
417 2598 541 2624 excessit
556 2599 584 2624 in
600 2598 689 2624 verbis
705 2602 803 2624 contra
819 2602 967 2624 rectorem.

1298 2634 1369 2663 1366,
1385 2633 1471 2659 Martii
1481 2633 1602 2659 24-dum'1'
1609 2634 1651 2663 23,
1667 2634 1779 2659 Parisii&

288 2718 392 2750 Anno
414 2717 558 2750 Domini
582 2719 697 2759 1365¹‚
720 2719 762 2750 24
783 2717 841 2750 die
868 2718 1004 2750 mensis
1031 2717 1162 2758 Martii,
1187 2716 1357 2749 videlicet
1385 2716 1508 2761 vigilia
1538 2717 1840 2749 Annunciationis
1862 2716 1963 2748 beate
1985 2715 2060 2748 Vir-

188 2783 310 2828 ginis,
332 2795 431 2816 more
455 2784 562 2817 solito
585 2796 696 2829 super
716 2784 894 2817 electione
917 2784 1069 2817 rectoris
1090 2784 1133 2816 ad
1156 2784 1323 2816 Sanctum
1344 2783 1525 2816 Julianum
1547 2785 1758 2828 Pauperem,
1781 2783 1917 2815 electus
1939 2782 2002 2814 suit
2025 2781 2059 2813 in

199 2856 375 2882 rectorem
399 2850 570 2895 magister
590 2850 793 2883 Macharius
822 2851 957 2895 Magni,
981 2850 1188 2883 Lundensis
1211 2856 1246 2882 et
1272 2850 1525 2882 Roskildensis
1549 2850 1783 2882 ecclesiarum
1806 2849 2001 2881 canonicus
2023 2848 2059 2878 in

198 2927 312 2961 regno
334 2917 454 2949 Dacie.
478 2918 518 2949 ln
538 2918 642 2962 eujus
663 2917 818 2950 rectoria
840 2917 925 2950 licet
945 2917 1047 2962 plura
1067 2923 1143 2949 acta
1165 2923 1261 2957 sunt,
1287 2923 1404 2948 tamen
1425 2916 1471 2948 ob
1496 2916 1704 2948 memoriam
1726 2916 1928 2948 futurorum
1952 2926 2058 2946 reno-
