2488 3386
1045 314 1211 335 TABULA.
1994 302 2057 335 687

195 430 255 453 1573
329 430 396 456 1389
506 431 592 454 Martii
608 432 649 454 25-
710 432 801 454 Petrus
818 432 848 454 de
863 432 966 459 Turcio,
982 432 1054 455 card.
1073 432 1176 463 legatus
1193 432 1218 454 in
1235 432 1352 460 Francia,
1370 432 1473 455 cuidam
1490 432 1654 455 decretorum
1670 432 1770 455 doctori
1790 431 1929 462 praecipit,
1946 434 1974 453 ut

522 462 582 485 Μῃίἰ
600 463 628 485 ¹0
740 479 831 498 eontra
846 476 1015 507 Radulphuin
1031 476 1132 499 Morelli
1148 479 1173 499 et
1188 476 1347 499 Richardum
1363 476 1469 505 Mariae,
1486 476 1548 499 Ord.
1566 477 1657 499 Praed.
1674 476 1809 507 procedat.
1826 475 1972 499 Richardus

740 520 847 548 Mariae,
864 521 1008 543 adhaerens
1020 520 1134 543 Johunni
1150 521 1181 543 de
1202 521 1361 548 Montosono,
1377 529 1437 543 suas
1454 521 1612 543 assertiones
1629 524 1733 543 revocat
1736 537 1972 544 ..........
2019 519 2063 541 520

194 576 253 599 1574
351 590 376 594 -
520 577 580 600 Maii
601 578 627 600 16
709 578 847 601 Revocatio
860 578 952 600 Adami
969 578 1161 607 Sucssionens.‚
1178 578 1275 609 prioris
1291 581 1434 601 conventus
1449 578 1613 607 Nix-omens„
1631 578 1693 602 Ord.
1711 578 1793 601 Praed
1812 595 1971 601 .......
2018 575 2060 598 521

193 634 253 657 1575
348 648 378 651 -
534 648 566 652 -
597 635 624 657 31
709 635 828 658 Fer-ricus
844 636 993 661 Cassinelli.
1009 636 1090 667 episc.
1107 636 1338 664 Autissiodorens„
1356 636 1450 659 rectori
1471 636 1656 659 Universitatis
1678 636 1839 667 Stephanum
1857 635 1972 662 Gontier,

740 680 802 703 Ord.
820 681 913 703 Praed.
930 680 1024 708 Paris.,
1041 681 1073 703 ad
1089 681 1307 703 examinationem
1330 684 1354 703 et
1378 681 1539 712 punitionem
1562 684 1671 711 propter
1692 680 1899 703 communionem
1915 688 1972 702 cum

738 724 858 747 Johanne
871 725 902 747 de
918 725 1069 748 Montesono
1083 725 1199 748 restituit
1215 741 1971 749 ..............................
2018 724 2062 746 522

195 780 253 803 1576
347 795 375 798 ——
467 780 538 803 Junii
552 781 589 808 22,
600 782 637 809 24,
650 782 678 804 28
709 782 847 806 Rev-ovatio
865 784 933 805 sacta
949 791 996 813 per
1009 784 1116 805 fratrem
1133 783 1298 806 Gauffridum
1315 784 1345 805 de
1366 783 1460 806 Sancto
1481 783 1602 810 Martino,
1621 782 1684 806 Ord.
1700 782 1781 805 Praed
1787 799 1970 806 ........
2018 781 2062 803 523

192 837 251 861 1577
347 853 376 856 -
467 839 680 893 AstugtustithIbQQ‘JG-
762 853 793 857 —
861 840 989 863 Jobannis
1006 841 1083 868 Adae,
1099 841 1161 864 Ord.
1180 841 1283 868 Praed„
1298 849 1368 871 mag.
1385 841 1410 864 in
1426 841 1559 871 theologia
1579 857 1971 864 ................
2017 839 2062 861 526

191 899 252 923 1578
347 915 376 918 —
487 878 499 892 e
515 878 612 924 caiiiri's
628 889 657 924 1'0
763 916 793 919 —
862 903 931 926 Petri
948 903 979 926 de
995 903 1142 934 Chaneeyo,
1156 903 1220 926 Ord.
1234 904 1316 926 Praed
1322 919 1970 927 ..........................
2017 901 2062 923 529

192 957 252 980 1579
326 958 394 984 1390
468 959 600 990 Septemb.
614 961 636 989 8,
650 960 676 982 11
707 960 841 983 Johnnnes
857 960 967 987 Nicolai.
984 961 1117 992 antiquior
1133 961 1262 989 Jacobitn,
1278 964 1384 984 revocat
1399 964 1424 983 et
1436 961 1539 984 veniam
1554 961 1619 991 sctit
1631 976 1970 984 ..............
2017 958 2060 980 531

191 1015 252 1038 1580
297 1040 300 1044 ,
345 1030 377 1034 -
483 1017 619 1040 Februarii
634 1018 662 1040 27
708 1018 827 1041 Clemens
841 1019 886 1041 VH
902 1018 1004 1041 duobus
1018 1018 1154 1049 magistris
1169 1018 1195 1041 in
1209 1019 1290 1042 theol.
1307 1019 1369 1042 Ord.
1386 1019 1478 1041 Pracd.
1496 1018 1624 1049 permittit
1645 1021 1682 1046 ut,
1703 1018 1824 1041 defuncto
1844 1017 1972 1048 magistro

738 1063 855 1094 generali
877 1063 950 1091 Ord.,
968 1063 1071 1086 nomine
1086 1063 1193 1086 Ordinis
1210 1071 1267 1086 cum
1284 1063 1461 1086 Universitate
1483 1063 1567 1086 Paris.
1592 1066 1724 1091 tracture,-
1735 1062 1897 1093 promittere,
1912 1065 1971 1090 etc„

738 1107 842 1130 valeant
854 1123 1970 1132 ............................................
2017 1105 2059 1127 531

191 1163 248 1186 1581
348 1177 374 1180 -
522 1163 593 1187 Junii
611 1165 624 1187 2
707 1165 826 1188 Clemens
838 1165 883 1188 Vll
894 1165 992 1188 Jucobo
1007 1165 1038 1188 de
1053 1165 1350 1196 Moreyo,Ord.Praed.‚
1362 1165 1484 1196 injungit,
1499 1168 1527 1188 ut
1540 1165 1680 1189 Guillelmo
1692 1164 1782 1192 Catou,
1791 1164 1854 1187 Ord.
1868 1164 1971 1192 Praed„

738 1209 781 1240 qui
797 1209 907 1232 Parisiis
924 1209 1076 1240 magistrari
1093 1218 1143 1232 non
1159 1213 1254 1240 potest,
1273 1210 1455 1240 magisterium
1471 1209 1496 1232 in
1516 1209 1595 1232 theol.
1613 1210 1730 1232 conserat
1733 1225 1970 1231 ..........
2017 1207 2062 1229 532

191 1265 250 1288 1582
289 1265 429 1291 1390-1391
507 1266 592 1289 Martii
610 1266 636 1288 1-
707 1267 826 1290 Clemens
847 1268 892 1290 VII
914 1267 1080 1290 cancellariis
1104 1267 1188 1290 Paris.
1215 1270 1240 1290 et
1261 1267 1384 1290 Tolosan.
1407 1267 1530 1298 injungit,
1553 1270 1581 1289 ut
1602 1270 1692 1289 contra
1716 1268 1830 1289 fautores
1854 1274 1971 1289 errorum

517 1297 581 1320 'lum
598 1298 626 1320 12
737 1311 874 1334 occasione
891 1311 1052 1343 quaestionis
1070 1312 1137 1334 inter
1150 1311 1355 1335 Universitatem
1372 1311 1456 1334 Paris.
1470 1315 1495 1334 et
1509 1311 1705 1334 Praedicatores
1721 1311 1872 1342 procedant.
1888 1311 1973 1334 Revo-

738 1359 779 1378 cat
793 1359 886 1387 postea
901 1356 968 1378 hanc
984 1356 1176 1379 ordinationem
1192 1372 1971 1380 ...............................
2017 1354 2061 1376 532

190 1411 250 1434 1583
325 1412 388 1437 1391
517 1413 580 1435 Julii
597 1413 625 1435 12
707 1413 826 1436 Clemens
842 1414 888 1437 VII
903 1422 992 1436 omnes
1012 1422 1106 1437 causas
1128 1414 1196 1437 inter
1215 1413 1421 1437 Universitatem
1437 1413 1520 1436 Paris.
1538 1417 1563 1436 et
1578 1413 1641 1436 Ord.
1656 1413 1749 1437 Pracd.
1764 1413 1797 1436 ad
1812 1412 1972 1436 audientiam

738 1466 814 1481 suam
830 1458 941 1481 advocat
957 1474 1971 1482 ........................................
2017 1456 2061 1478 533

189 1559 250 1582 1584
324 1558 390 1584 1390
489 1559 608 1582 Jauuarii
625 1560 653 1582 16
707 1561 826 1584 Clemens
841 1561 886 1584 VII
900 1561 1040 1585 Guillelmo
1056 1561 1087 1584 de
1103 1561 1212 1592 Cussey,
1228 1561 1355 1584 monacho
1367 1564 1478 1583 monast.
1497 1561 1522 1583 S.
1539 1560 1650 1590 Benigni
1665 1560 1696 1582 de
1712 1559 1828 1588 Divione,
1843 1559 1872 1583 O.
1889 1560 1914 1582 S.
1932 1559 1971 1588 Β.,

737 1605 865 1634 concedit,
883 1608 910 1628 ut
925 1605 950 1628 in
964 1605 1105 1628 Parisiens.
1123 1605 1209 1628 studio
1220 1605 1263 1636 jus
1278 1605 1431 1628 canonicum
1448 1605 1502 1627 suis
1519 1604 1669 1635 sumptibus
1685 1604 1776 1627 audire
1789 1604 1883 1631 valeat,
1898 1612 1972 1634 supe<

737 1650 815 1673 rioris
832 1649 873 1672 sui
888 1658 934 1673 nec
949 1650 1031 1681 petita
1052 1658 1098 1673 neo
1113 1650 1220 1672 obtenta
1235 1650 1340 1672 licentia
1345 1665 1971 1673 .........................
2016 1647 2061 1670 534

189 1705 248 1729 1585
344 1720 374 1723 -
511 1705 582 1728 Junii
599 1705 627 1729 13
706 1708 825 1731 Clemens
841 1708 887 1731 VII
902 1708 935 1730 ad
955 1708 1061 1730 Petrum
1083 1709 1114 1731 de
1136 1708 1253 1735 Ailliaco,
1270 1707 1458 1730 cancellarium
1473 1706 1567 1734 Paris„
1585 1710 1613 1729 ut
1634 1707 1739 1729 Petrum
1761 1706 1890 1737 Magistri,
1907 1706 1969 1729 Ord.

736 1753 823 1775 Erem.
838 1753 865 1777 S.
879 1753 956 1783 Aug„
970 1753 1003 1775 ad
1018 1753 1143 1783 legendas
1161 1752 1308 1775 Sententias
1324 1751 1446 1775 admittat
1449 1767 1970 1775 .....................
2016 1750 2060 1772 534

188 1808 249 1831 1586
339 1821 369 1825 —
500 1807 610 1838 Augusti
626 1809 639 1830 3
705 1810 815 1833 Carolus
831 1811 873 1839 VI,
888 1818 933 1833 rex
948 1810 1117 1839 Francorum,
1134 1810 1265 1841 prohihet,
1287 1818 1318 1833 ne
1340 1809 1398 1841 quis
1420 1809 1577 1832 medicinam
1597 1809 1638 1832 vel
1662 1808 1824 1839 chirurgiam
1844 1812 1969 1836 exerceat,

736 1854 787 1877 nisi
803 1854 838 1877 sit
853 1855 1017 1886 approbatus
1031 1869 1968 1878 .....................................
2014 1851 2059 1873 534

188 1910 248 1934 1587
344 1925 374 1927 -
466 1910 627 1941 Septembris
646 1911 675 1933 28
704 1913 777 1936 Nova
793 1915 891 1935 statuta
906 1912 1038 1935 facultatis
1055 1913 1228 1940 decretorum,
1243 1920 1309 1943 quae
1325 1912 1420 1934 debent
1434 1912 1486 1942 legi
1502 1911 1620 1942 quolibet
1634 1919 1701 1933 anno
1706 1926 1967 1934 ...........
2014 1913 2058 1935 535

188 1968 248 1992 1588
344 1982 370 1986 -·
515 1968 626 2004 δυηίἰ-Ί-
706 1971 808 1993 Statuta
823 1978 872 2001 pro
886 1970 1019 2001 religiosis
1033 1979 1045 1993 e
1061 1970 1220 1993 monasterio
1236 1970 1342 2004 Maioris
1361 1969 1513 1992 Monasterii
1529 1969 1593 1992 Ord.
1610 1969 1637 1992 S.
1653 1969 1715 1991 Bcn.
1729 1968 1838 1991 Parisiis
1861 1968 1968 1990 studen—

491 1999 612 2023 Octobms
624 2001 654 2023 30
736 2015 806 2038 tibus
824 2029 1966 2039 .............................................
2013 2014 2057 2037 538

188 2071 248 2095 1589
283 2070 426 2097 1390-1391
466 2088 674 2095 .........
705 2072 815 2095 Nomina
831 2073 859 2095 25
873 2071 1038 2095 dominorum
1054 2073 1190 2095 doctorum
1206 2072 1354 2103 regentium
1371 2071 1480 2094 Parisiis
1496 2071 1522 2094 in
1539 2071 1662 2093 facultate
1678 2071 1841 2093 decretorum
1858 2087 1966 2093 .....
2012 2072 2057 2094 540

187 2129 248 2153 1590
322 2128 385 2155 1391
487 2129 606 2152 Januarii
623 2130 650 2152 12
705 2130 791 2153 Causa
805 2130 993 2153 Universitatis
1010 2138 1097 2153 coram
1113 2130 1279 2153 Parlamento
1303 2133 1413 2160 proptor
1436 2129 1575 2159 quemdam
1599 2128 1745 2151 scholarem
1770 2127 1796 2150 in
1817 2127 1967 2150 carceribus

735 2175 866 2198 detentum
877 2189 1966 2199 ...........................................
2012 2173 2054 2196 541

187 2232 245 2255 1591
343 2246 373 2249 -
543 2245 573 2248 -
622 2232 651 2254 29
704 2233 823 2256 Clemens
846 2233 890 2255 Vll
916 2232 1057 2255 Parisinus.
1085 2235 1110 2255 et
1136 2232 1259 2255 Tolosan.
1285 2231 1458 2258 cancellariis,
1483 2234 1511 2253 ut
1538 2231 1613 2253 Petro
1637 2230 1744 2258 Baliste,
1775 2230 1838 2253 Ord.
1863 2230 1965 2258 Praed„

735 2277 779 2308 qui
795 2277 904 2300 Parisiis
920 2277 961 2300 vel
977 2277 1087 2300 Tolosae
1107 2276 1204 2299 librum
1226 2277 1341 2299 Sentent.
1363 2275 1569 2298 extraordinarie
1590 2275 1685 2305 legere,
1707 2277 1731 2297 et
1754 2275 1859 2297 tandem
1883 2274 1967 2305 magi-

734 2321 807 2344 sterii
822 2322 948 2344 honorem
965 2321 1080 2352 reciper(¹
1096 2321 1237 2349 desiderat,
1253 2320 1404 2351 hujusmodi
1420 2319 1551 2342 licentiam
1567 2319 1716 2349 largiantur
1728 2335 1965 2342 ..........
2011 2320 2055 2342 542

186 2378 246 2401 1592
342 2393 371 2396 -
487 2377 622 2400 Februarii
639 2379 652 2400 8
703 2380 835 2402 Statutum
851 2379 964 2402 nationis
985 2379 1144 2410 Anglicanae
1166 2379 1319 2401 conclusum
1342 2386 1389 2409 per
1408 2378 1565 2408 magistrum
1579 2376 1767 2400 Theodericum
1788 2376 1819 2399 de
1841 2377 1965 2407 Asperen,

734 2427 942 2455 procuratorem,
960 2427 1050 2446 contra
1065 2423 1213 2454 potationes
1232 2426 1257 2446 et
1271 2422 1391 2445 convivia
1397 2437 1965 2446 .......................
2010 2422 2054 2444 542

186 2480 246 2503 1593
341 2495 371 2498 —
496 2480 594 2511 Aprilis
613 2481 642 2503 26
702 2482 811 2505 Carolus
826 2482 867 2511 w,
880 2490 924 2504 rex
937 2482 1107 2510 Francorum,
1119 2481 1257 2503 confirmat
1270 2480 1439 2511 privilegium
1455 2479 1503 2502 sori
1515 2478 1701 2502 Universitatis
1717 2478 1810 2506 Paris.y
1823 2481 1848 2501 et
1861 2478 1965 2509 quidem

732 2530 841 2557 propter
858 2526 1007 2549 vexationes
1024 2525 1049 2548 in
1069 2525 1164 2548 ducatu
1186 2524 1361 2548 Nox-manniae
1365 2541 1550 2547 ........
1571 2544 1575 2548 ,
1596 2539 1964 2546 ...............
2010 2523 2054 2545 543

186 2582 245 2605 1594
343 2597 368 2600 —
431 2578 433 2581 .
514 2583 574 2606 Maii
591 2584 619 2606 14
702 2584 885 2607 Ordinationes
903 2583 1017 2614 Capituli
1033 2583 1164 2614 generalis
1181 2583 1242 2606 Orzl.
1258 2583 1349 2606 Praed.
1364 2581 1562 2612 Assignationes
1583 2581 1797 2603 baccalareorum
1814 2588 1862 2611 pro
1879 2579 1964 2602 studio

729 2629 802 2652 Paris
807 2643 1398 2652 ........................
1419 2647 1424 2651 .
1444 2641 1962 2649 .....................
2009 2625 2054 2647 544

185 2684 245 2708 1595
340 2699 370 2702 -—
530 2700 556 2703 —
588 2687 625 2716 11,
636 2688 665 2710 19
702 2687 743 2710 Lis
756 2686 942 2710 Universitatis
957 2686 1039 2709 Paris.
1054 2694 1141 2708 coram
1158 2685 1323 2708 Pal-lamento
1339 2687 1428 2706 contra
1443 2684 1574 2706 Macaeum
1588 2683 1665 2706 Revcl
1678 2682 1812 2713 judaeum,
1824 2681 1867 2712 qui
1882 2681 1963 2703 medi-

731 2731 817 2754 cinam
830 2731 927 2762 injuria
941 2730 1077 2753 exercebat
1080 2743 1963 2754 ...................................
2009 2726 2053 2749 545

185 2787 245 2810 1596
319 2787 386 2812 1392
528 2803 558 2807 -
605 2792 617 2812 5
700 2789 850 2820 Capitulum
867 2789 1037 2812 Cluniacense
1053 2787 1151 2816 definit,
1167 2790 1194 2809 ut
1208 2787 1310 2817 priores
1328 2786 1353 2809 S.
1369 2786 1473 2809 Martini
1489 2786 1520 2808 dc
1536 2785 1641 2816 Campis
1658 2788 1682 2807 et
1697 2785 1727 2807 do
1743 2783 1868 2814 Crispeyo
1883 2783 1962 2805 colle-

731 2834 804 2865 gium
820 2833 980 2856 scholarium
997 2832 1081 2856 Paris.
1097 2833 1239 2855 reforment
1243 2844 1961 2854 .............................
2007 2828 2051 2850 547
