2488 3386
431 349 495 380 404
999 356 1324 379 CHARTULARIUM
1362 354 1551 376 univssas.
1590 353 1718 375 Panis.
2195 339 2294 375 [1385

432 431 530 463 viros
550 430 724 463 honestos
746 443 784 463 ac
805 431 981 471 literatos,
1004 442 1067 475 per
1090 442 1181 475 quos
1201 429 1334 462 veritas
1356 428 1440 460 sciri
1469 434 1589 472 potest
1615 427 1659 459 de
1685 427 1769 466 vita,
1792 426 1949 459 sciencia
1969 431 2005 458 et
2023 425 2190 458 facundia
2211 436 2295 457 nec-

433 509 504 529 non
531 497 716 541 proposito
738 504 773 529 et
799 509 862 541 spe
891 497 1104 541 proficiendi
1132 503 1166 528 et
1193 496 1285 535 aliis,
1308 507 1377 539 quc
1399 500 1484 526 sunt
1508 494 1544 525 in
1567 493 1698 526 talibus
1720 493 1894 537 requisita
1915 503 1979 524 seu
2005 491 2236 536 requirenda,
2260 498 2295 524 et

432 575 541 607 super
563 564 751 608 premissis
766 563 961 608 diligenter
982 563 1178 607 inquirere,
1197 569 1230 594 et
1248 561 1491 606 inquisicione
1513 560 1565 592 sic
1586 560 1689 600 facta,
1704 559 1790 604 quid
1813 559 1938 591 deceat
1954 565 1989 591 et
2005 558 2092 602 quid
2114 557 2291 602 expediat,

434 629 527 661 bona
548 629 619 662 fide
640 630 724 662 dare
746 629 830 662 licet
849 629 1062 662 cancellario
1083 629 1139 661 vel
1161 640 1293 673 negare
1316 627 1516 660 secundum
1538 626 1803 659 conscienciam
1826 637 1926 658 suam
1948 624 2084 670 petenti
2105 624 2290 657 licenciam

434 695 659 739 postulatam,
683 702 790 740 prout
804 696 904 739 juxta
931 695 1155 727 honestatem
1178 701 1212 726 et
1236 693 1531 726 circumstancias
1552 692 1730 725 facultatis
1750 692 1849 724 illius
1870 704 1909 724 ac
1932 691 2043 724 studii
2064 697 2099 723 et
2120 702 2293 735 persona-

433 773 509 793 rum
532 761 601 794 sibi
622 762 736 794 visum
759 762 867 794 fuerit
888 761 1070 805 expedire.

519 830 592 870 viij.
618 829 704 860 Item
727 828 824 872 quod
850 839 913 872 per
934 827 1186 860 cancellarium
1209 826 1296 859 eccl.
1326 826 1437 858 Paris.
1461 832 1519 858 aut
1542 837 1605 870 per
1626 837 1730 858 suum
1749 824 2076 858 subcancellarium
2098 824 2189 863 vice,
2212 823 2292 856 loco

432 901 466 926 et
500 894 644 926 nomine
674 894 789 938 ipsius
820 893 1022 926 cancellarii
1059 893 1095 925 in
1130 893 1286 937 singulis
1317 899 1471 937 quatuor
1502 892 1831 936 prenominatarum
1866 890 2096 924 facultatibus
2131 890 2293 923 Parisius

431 960 608 992 licenciati
636 960 769 992 ibidem
791 972 808 992 a
830 966 970 992 rectore
997 966 1029 992 et
1058 959 1101 992 ab
1123 959 1292 991 omnibus
1318 959 1515 998 officiariis,
1546 958 1730 1003 magistris
1761 957 1974 1003 regentibus
2002 964 2038 990 et
2066 969 2138 990 non
2166 968 2292 1001 regen-

432 1026 538 1067 tibus,
562 1039 579 1058 a
600 1026 787 1058 bacalariis
808 1033 842 1058 et
862 1025 1064 1058 scolaribus
1086 1025 1255 1058 omnihus
1279 1032 1313 1058 et
1336 1025 1493 1070 singulis
1514 1025 1606 1057 alme
1632 1025 1755 1057 matris
1777 1031 1901 1057 nostre
1923 1023 2178 1057 Universitatis
2199 1023 2292 1055 Pari-

430 1093 562 1124 siensis
588 1104 652 1136 pro
678 1092 876 1124 licenciatis
897 1091 1075 1124 habentur
1098 1099 1131 1124 et
1152 1091 1277 1124 haberi
1298 1098 1580 1132 consueverunt,
1606 1098 1639 1123 ct
1660 1091 1704 1123 ad
1729 1102 1857 1123 omnes
1879 1097 1980 1123 actus
2002 1089 2230 1134 magistrales
2252 1101 2291 1122 ac

429 1159 697 1203 magisterium²
719 1158 762 1190 de
784 1170 864 1199 usu,
888 1158 971 1191 stilo
1000 1165 1034 1191 et
1060 1158 1325 1191 consuetudine
1355 1158 1465 1191 studii
1497 1158 1714 1191 parisiensis
1740 1157 1776 1189 in
1805 1157 1864 1190 illa
1886 1156 2066 1197 facultate,
2092 1156 2129 1188 in
2150 1168 2218 1201 qua
2239 1155 2291 1189 sic

428 1231 465 1257 ut
493 1225 671 1269 prefertur
699 1224 877 1257 licenciati
906 1232 1001 1263 sunt,
1025 1225 1130 1270 primi
1160 1232 1194 1258 et
1223 1226 1327 1258 etiam
1351 1231 1548 1270 sequentes
1577 1224 1692 1257 libere
1721 1224 1960 1257 admittuntur
1981 1230 2017 1256 et
2042 1223 2181 1256 admitti
2208 1234 2291 1256 con-

429 1298 624 1323 sueverunt
645 1291 752 1323 solito
774 1303 874 1324 more
895 1292 1005 1324 studii
1027 1292 1105 1324 sine
1126 1292 1412 1324 contradictione
1434 1303 1661 1336 quacunque.

514 1360 562 1391 ix.
588 1359 674 1390 Item
698 1357 794 1402 quod
820 1358 863 1390 de
885 1358 955 1391 hiis
976 1358 1145 1391 omnibus
1167 1365 1201 1391 et
1222 1358 1378 1406 singulis
1400 1358 1651 1398 cancellarius,
1678 1358 1738 1402 qui
1766 1369 1861 1390 nunc
1888 1363 1944 1390 est
1968 1363 2003 1389 et
2023 1357 2080 1389 sui
2102 1356 2291 1401 predeces-

426 1435 528 1456 sores
555 1424 615 1468 qui
643 1425 788 1456 suerunt
815 1436 879 1469 pro
906 1431 1080 1469 tempore,
1103 1425 1206 1457 etiam
1235 1425 1414 1458 licenciati
1443 1437 1507 1470 per
1529 1436 1591 1457 eos
1621 1431 1706 1457 sunt
1731 1431 1766 1457 et
1789 1425 1937 1456 fuerunt
1956 1423 1999 1456 ab
2021 1435 2107 1463 uno,
2130 1422 2287 1464 duobus,

425 1490 554 1531 tribus,
576 1503 608 1531 x,
631 1502 687 1531 xx,
710 1503 789 1531 xxx,
812 1491 859 1532 xl,
882 1491 904 1531 l,
928 1491 962 1523 lx
982 1492 1086 1524 annis
1110 1498 1145 1524 et
1169 1504 1186 1524 a
1209 1498 1304 1524 tanto
1327 1499 1489 1536 tempore
1515 1498 1617 1524 antea
1644 1491 1741 1536 quod
1768 1491 1812 1523 de
1838 1490 1938 1523 illius
1966 1490 2075 1522 inicio
2102 1489 2289 1522 hominum

426 1557 596 1589 memoria
623 1569 694 1589 non
721 1557 854 1598 existit,
884 1558 920 1589 in
948 1558 1067 1602 quieta
1098 1559 1334 1603 possessione
1365 1565 1399 1591 et
1430 1558 1588 1603 pacifica,
1617 1558 1763 1602 dempto
1793 1557 2053 1602 impedimento
2083 1568 2198 1601 nuper
2226 1568 2290 1601 per

425 1623 636 1667 magistrum
663 1623 866 1667 Philippum
895 1624 1057 1657 Parentis
1078 1631 1241 1669 tempore
1263 1625 1417 1657 rectorie
1439 1626 1525 1657 sue³
1548 1631 1582 1657 et
1611 1623 1809 1657 nonnullos
1835 1623 2029 1656 officiarios
2050 1629 2085 1656 et
2112 1634 2288 1668 personas

426 1690 579 1733 privatas
605 1689 783 1722 facultatis
810 1690 945 1722 arcium
973 1691 1160 1735 ipsamque
1182 1691 1384 1724 facultatem
1411 1692 1545 1724 arcium
1573 1691 1725 1736 prestito
1751 1697 1875 1723 contra
1901 1702 2028 1723 omnes
2055 1696 2090 1722 et
2119 1689 2288 1734 singulos

426 1755 492 1788 hoc
523 1767 615 1788 anno
646 1756 807 1800 presenti
841 1757 877 1788 in
907 1757 1068 1789 examine
1099 1757 1303 1790 cancellarii
1333 1758 1420 1790 cccl.
1460 1758 1589 1799 Paris,
1621 1758 1718 1803 quod
1748 1757 1948 1802 vulgariter
1979 1768 2127 1789 examen
2157 1757 2287 1789 Nostre

425 1822 576 1854 Domine
606 1822 818 1866 appellatur,
850 1824 1070 1856 examinatos
1100 1831 1135 1856 et
1166 1824 1376 1857 licenciatos
1412 1825 1557 1857 nomine
1592 1825 1709 1870 ipsius
1739 1824 1946 1857 cancellarii
1981 1823 2090 1856 solito
2121 1834 2220 1856 more
2250 1823 2287 1856 in

420 1888 585 1920 facultate
612 1888 784 1932 predicta,
814 1901 905 1933 quos
934 1890 1085 1934 predicti
1113 1891 1284 1935 magister
1306 1891 1494 1936 Philippus
1523 1892 1686 1924 Parentis
1715 1898 1877 1936 tempore
1906 1890 2060 1923 rectoria
2088 1901 2167 1931 sue,
2196 1901 2287 1922 non-

422 1954 510 1986 nulli
532 1954 693 1987 ossiciarii
714 1968 753 1988 ac
775 1968 930 2000 persone
953 1957 1087 2001 private
1109 1957 1287 1990 facultatis
1313 1959 1447 1990 arcium
1470 1959 1620 2003 ipsaque
1642 1958 1792 1991 facultas
1815 1958 1965 1995 arcium,
1989 1969 2032 1989 ne
2053 1957 2097 1989 ad
2118 1957 2287 2001 magiste-

421 2021 511 2053 rium
544 2021 579 2052 in
611 2021 748 2054 artibus
779 2034 878 2055 more
909 2023 1016 2055 solito
1049 2023 1143 2056 ultro
1175 2025 1414 2068 procederent
1444 2025 1501 2058 vel
1535 2025 1826 2066 admitterentur,
1857 2030 1982 2057 contra
2014 2023 2219 2056 cancellarii
2251 2029 2287 2056 et

419 2087 631 2119 cancellarie
659 2088 746 2120 eccl.
771 2089 882 2121 Paris.
906 2089 1108 2134 privilegia,
1132 2102 1233 2131 usus,
1262 2091 1449 2124 libertates
1477 2099 1511 2124 et
1542 2091 1830 2124 consuetudines
1861 2091 2037 2124 hactenus
2066 2090 2285 2123 inconcusse

420 2160 454 2186 et
474 2153 587 2186 libere
609 2153 830 2195 observatas,
856 2162 991 2188 temere
1019 2163 1053 2189 et
1082 2164 1205 2190 contra
1233 2170 1356 2190 eorum
1389 2158 1641 2203 sollempniter
1667 2165 1701 2191 et
1731 2158 1877 2203 publice
1907 2157 2057 2202 prestita
2082 2158 2285 2201 juramenta

418 2219 696 2264 impediverunt,
725 2221 761 2253 in
791 2222 907 2266 ipsius
935 2223 1140 2256 cancellarii
1167 2230 1202 2256 et
1228 2225 1442 2257 cancellarie
1464 2225 1553 2258 eccl.
1577 2226 1676 2258 Paris
1697 2237 1736 2258 ac
1762 2224 2035 2257 licenciatorum
2058 2223 2110 2256 sic
2131 2222 2285 2267 impedi-

420 2292 535 2317 torum
566 2298 674 2330 grave
706 2288 945 2332 prejudicium
977 2296 1011 2321 et
1041 2301 1247 2334 gravamen,
1280 2292 1434 2324 rectorie
1464 2292 1719 2325 Universitatis
1750 2298 1785 2324 et
1814 2290 1993 2324 facultatis
2023 2290 2151 2322 artium
2182 2301 2285 2322 reve—

421 2351 540 2383 rencia
561 2352 670 2385 salva.

507 2429 542 2450 x.
568 2419 655 2450 Item
677 2419 773 2463 quod
794 2421 837 2452 de
859 2422 1048 2465 premissis
1070 2422 1239 2456 omnihus
1256 2431 1311 2456 est
1332 2424 1369 2456 in
1391 2424 1513 2457 studio
1531 2431 1565 2457 et
1581 2425 1723 2457 civitate
1746 2424 1858 2457 Paris.
1878 2423 2021 2468 publiea
2037 2434 2107 2455 vox
2127 2422 2280 2455 etfama.

506 2485 557 2526 xj.
583 2485 668 2516 Item
691 2486 787 2529 quod
809 2487 1045 2520 cancellarius
1067 2489 1154 2521 eccl.
1178 2490 1289 2522 Paris.
1313 2491 1459 2523 racione
1487 2503 1552 2524 sue
1578 2491 1794 2524 cancellarie
1822 2497 1878 2523 est
1903 2489 2115 2522 auctoritate
2136 2494 2282 2533 aposto-

418 2549 484 2582 lica
506 2550 769 2595 privilegiatus,
797 2554 893 2597 quod
925 2566 995 2586 non
1026 2555 1142 2587 solum
1170 2556 1377 2600 petentibus
1401 2557 1589 2590 licenciam
1612 2558 1648 2590 in
1668 2557 1836 2590 facultate
1858 2556 2043 2601 theologie
2065 2562 2100 2588 et
2119 2555 2163 2588 ad
2183 2554 2280 2588 illam

417 2615 649 2649 obtinendam
672 2629 770 2650 more
791 2619 898 2652 solito
921 2622 1137 2664 presentatis
1159 2622 1243 2654 dare
1272 2630 1391 2667 potest
1411 2624 1467 2656 vel
1494 2624 1690 2669 denegare,
1715 2631 1752 2657 ut
1773 2623 1975 2668 predictum
1999 2629 2067 2663 est,
2089 2621 2277 2654 licenciam

418 2682 649 2726 postulatam,
669 2684 733 2715 sed
759 2684 868 2717 eciam
891 2697 963 2718 non
983 2687 1190 2730 petentibus
1212 2695 1247 2720 et
1274 2701 1347 2721 non
1373 2690 1591 2733 presentatis
1617 2690 1790 2735 precipue
1816 2689 2037 2734 religiosis&
2061 2688 2091 2721 si
2112 2688 2155 2720 ad
2181 2687 2278 2720 illam

418 2747 649 2781 obtinendam
671 2749 765 2782 bona
786 2750 856 2783 fide
877 2751 947 2783 sibi
968 2752 1004 2784 in
1025 2754 1253 2786 consciencia
1275 2766 1338 2787 sua
1359 2756 1402 2787 ad
1424 2755 1491 2788 hoc
1511 2756 1645 2801 ydonei
1666 2757 1869 2790 videantur.

503 2816 567 2856 xij.
594 2816 680 2847 Item
703 2816 799 2860 quod
826 2816 1062 2851 licenciandis
1084 2819 1120 2851 in
1141 2819 1339 2865 theologie,
1362 2821 1589 2854 decretorum
1620 2829 1655 2855 et
1682 2823 1861 2855 medicine
1886 2821 2117 2855 facultatibus
2138 2819 2279 2853 cancel-

415 2879 526 2913 larius
559 2881 646 2914 eccl.
683 2883 794 2915 Paris.
827 2884 887 2927 qui
923 2891 976 2916 est
1010 2896 1073 2929 pro
1109 2892 1270 2930 tempore
1306 2888 1446 2920 mittere
1483 2890 1673 2922 consuevit
1709 2889 1825 2934 pridie
1860 2889 2093 2921 licenciarum
2128 2898 2273 2920 suarum
