2488 3386
236 318 331 354 1385]
653 330 698 352 AB
733 329 838 351 Anao
874 328 1004 350 MCCCL
1038 328 1170 356 USQUE
1206 329 1252 349 An
1290 329 1553 350 BENEDlCTUM
1591 330 1678 351 x111.
2031 321 2096 353 403

234 404 314 437 istis
335 404 497 436 articulis
518 403 722 436 examinare
743 414 807 435 seu
830 401 1024 434 examinari
1046 402 1162 434 facere
1184 413 1262 433 cum
1286 401 1577 446 interrogatoriis
1598 414 1661 446 per
1682 415 1736 435 me
1753 403 1845 435 datis
1866 411 1901 436 et
1921 404 2007 437 alias
2031 405 2096 437 rite

233 482 272 503 ac
295 470 518 515 pertinenter
539 470 632 502 sicut
647 470 728 514 jura
746 468 883 508 volunt,
908 468 1045 500 litteras
1067 468 1184 507 etiam,
1208 467 1460 507 instrumenta,
1480 468 1677 512 scripturas
1695 476 1729 501 et
1749 469 1815 502 alia
1838 470 2095 514 probacionum

234 548 381 581 genera,
405 548 493 581 quas
515 542 547 568 et
570 547 638 580 que
660 535 830 568 dominus
851 546 953 567 meus
975 534 1031 567 vel
1053 546 1121 578 ego
1143 540 1202 566 aut
1222 533 1315 566 alius
1336 534 1452 578 ipsius
1474 534 1610 566 domini
1632 535 1701 566 mei
1731 543 1941 579 procurator
1961 543 1995 569 et
2016 549 2096 581 pro-

233 603 413 636 curatorio
431 603 577 635 nomine
594 602 796 647 producere
814 601 969 634 voluerit
990 601 1026 633 in
1047 600 1111 633 hac
1129 612 1235 633 causa
1254 612 1317 644 pro
1339 600 1547 632 intencione
1565 612 1628 632 sua
1645 601 1826 634 fundanda
1843 609 1877 634 et
1898 603 2095 647 probanda,

233 681 352 702 coram
374 668 478 702 vobis
500 669 662 713 recipere
685 675 719 700 et
746 674 868 700 sancte
899 667 978 700 sedi
1005 667 1204 712 apostolice
1234 667 1370 699 referre
1393 667 1494 710 juxta
1520 667 1667 699 formam
1691 674 1725 699 et
1746 674 1906 700 tenorem
1929 670 2097 702 commis—

234 736 349 768 sionis
369 735 580 780 apostolice,
598 735 730 768 virtute
752 735 856 777 cujus
878 734 1076 778 proceditis
1097 734 1133 765 in
1155 733 1219 766 hac
1240 745 1359 766 causa.

322 803 441 834 Primo
464 802 565 846 ponit
585 809 621 834 et
646 801 798 846 probare
820 801 975 833 intendit
1000 800 1097 845 quod
1125 800 1295 833 dominus
1315 799 1553 833 cancellarius
1574 807 1609 833 et
1635 801 1846 833 cancellaria
1868 801 1955 834 eccl.
1984 802 2095 834 Paris.

235 875 320 902 sunt
356 875 390 901 et
417 869 564 901 suerunt
593 880 610 901 a
641 875 761 901 sancta
789 868 877 901 sede
907 867 1105 912 apostolica
1133 873 1167 900 et
1197 866 1385 899 nonnullis
1416 866 1544 912 legatis
1572 867 1733 911 ejusdem
1762 867 1893 912 prediti
1928 875 1962 900 et
1987 869 2097 901 dotati

235 935 356 968 multis
377 935 665 974 auctoritatibus,
688 934 942 979 potestatibus,
964 933 1193 966 libertatibus
1213 940 1248 966 et
1275 933 1491 978 privilegiis,
1514 933 1640 966 usibus
1662 934 1771 966 eciam
1802 941 1836 967 et
1863 935 2097 967 consuetudi-

234 1002 355 1043 nibus,
377 1001 511 1046 quibus
532 1001 769 1034 cancellarius
790 1001 988 1033 modernus
1015 1007 1048 1033 et
1076 1000 1132 1033 sui
1162 1000 1442 1044 predecessores
1464 1000 1669 1032 cancellarii
1696 1001 1851 1033 ecclesie
1881 1001 2098 1034 Parisiensis

236 1081 298 1114 pro
321 1075 419 1113 parte
442 1069 497 1101 usi
519 1075 603 1101 sunt
624 1068 750 1107 libere,
770 1068 892 1112 quiete
914 1074 948 1100 et
969 1067 1129 1112 pacifice,
1149 1066 1391 1100 Universitate
1414 1073 1448 1099 et
1468 1073 1608 1099 rectore
1631 1067 1741 1100 studii
1762 1068 1875 1100 Paris.
1898 1068 2098 1101 scientibus

234 1142 269 1168 et
298 1136 391 1168 scire
412 1135 620 1168 volentibus
650 1141 684 1168 et
713 1147 786 1167 non
813 1133 1146 1167 contradicentibus
1176 1133 1219 1166 ab
1250 1145 1335 1173 uno,
1363 1133 1520 1174 duobus,
1544 1133 1671 1174 tribus,
1701 1146 1733 1173 x,
1760 1146 1816 1175 xx,
1843 1147 1922 1174 xxx,
1949 1135 1996 1176 xl,
2024 1135 2033 1167 l
2065 1142 2099 1168 et.

234 1202 268 1234 lx
289 1202 405 1242 annis,
430 1209 464 1234 et
484 1214 500 1234 a
523 1209 619 1235 tanto
649 1208 810 1246 tempore
838 1208 952 1241 antea,
977 1201 1073 1245 quod
1096 1201 1139 1233 de
1166 1200 1264 1232 illius
1286 1200 1460 1244 temporis
1486 1200 1595 1233 inicio
1622 1201 1793 1234 memoria
1818 1201 2002 1234 hominum
2026 1214 2097 1234 non

235 1269 367 1301 existit.

321 1336 472 1377 ij.11e1n
496 1335 592 1379 quod
614 1347 741 1367 omnes
762 1341 797 1367 et
817 1334 954 1379 singuli
975 1335 1138 1379 magistri
1167 1335 1277 1367 studii
1306 1334 1432 1374 Paris,
1456 1334 1531 1366 sive
1555 1340 1672 1366 rector
1693 1334 1739 1366 sit
1765 1341 1824 1367 aut
1849 1335 1957 1367 suerit
1983 1335 2098 1380 ipsius

235 1402 357 1434 matris
384 1408 507 1434 nostre
530 1402 784 1434 Universitatis
813 1401 940 1440 Paris,
971 1401 1007 1433 in
1034 1401 1231 1446 theologie,
1255 1401 1496 1437 decretorum,
1527 1401 1706 1433 medicine
1734 1408 1769 1433 et
1798 1402 1924 1434 artium
1954 1402 2100 1434 faculta-

234 1472 332 1505 tibus
353 1472 532 1505 licenciati
554 1472 752 1517 (ex[c]eptis
774 1472 847 1505 illis
869 1472 1050 1505 dumtaxat
1077 1473 1137 1517 qui
1167 1472 1261 1516 apud
1292 1473 1453 1505 Sanctam
1477 1472 1698 1505 Genovesam
1729 1472 1765 1504 in
1790 1472 1928 1505 artibus
1959 1473 2098 1517 precise

235 1546 270 1572 et
290 1540 326 1571 in
346 1539 443 1572 nulla
465 1539 612 1571 aliarum
636 1539 876 1584 predictarum
899 1539 1103 1572 facultatum
1136 1539 1295 1571 Parisius
1323 1540 1423 1571 suere
1454 1539 1633 1571 licenciati
1663 1539 1806 1583 publice
1828 1546 1861 1572 et
1888 1540 2099 1583 solenniter)

234 1613 397 1651 tempore
419 1606 570 1639 licencie
593 1618 717 1638 eorum
734 1607 950 1650 juraverunt
973 1607 1069 1650 jura,
1094 1606 1295 1650 privilegia,
1318 1605 1517 1646 libertates,
1542 1617 1630 1638 usus
1656 1613 1691 1638 et
1711 1606 1996 1639 consuetudines
2018 1619 2100 1639 can-

234 1672 371 1705 cellarii
393 1679 427 1705 et
448 1672 661 1705 cancellarie
684 1672 839 1705 ecclesie
861 1673 972 1705 Paris.
996 1684 1141 1705 servare
1172 1684 1236 1717 pro
1258 1672 1397 1705 viribus
1428 1672 1568 1712 illesos,
1590 1672 1712 1705 illesas
1738 1679 1773 1705 et
1797 1673 1913 1714 illesa,
1941 1685 2006 1705 nec
2028 1673 2100 1706 illis

234 1746 294 1772 aut
319 1739 425 1772 alicui
451 1739 595 1772 illorum
618 1740 798 1772 contraire
828 1751 892 1784 per
913 1751 951 1772 se
972 1739 1030 1772 vel
1057 1751 1120 1784 per
1141 1739 1262 1777 alium,
1286 1739 1431 1783 publice
1452 1739 1508 1772 vel
1537 1739 1690 1780 occulte,
1714 1740 1817 1772 tacite
1838 1740 1894 1772 vel
1915 1752 2098 1785 expresse,

235 1812 294 1839 aut
315 1806 402 1839 alias
424 1806 553 1850 quovis
574 1806 697 1845 modo,
719 1806 762 1838 ad
784 1818 1037 1851 quemcunque
1060 1812 1190 1838 statum
1212 1806 1437 1838 devenerint.

322 1874 374 1915 iij.
400 1874 487 1905 ltcrn
511 1873 607 1917 quod
635 1872 851 1905 cancellario
882 1872 972 1905 eccl.
1003 1873 1131 1913 Paris,
1161 1872 1222 1917 qui
1252 1879 1307 1905 est
1334 1879 1368 1904 et
1398 1873 1458 1917 qui
1489 1873 1557 1905 erit
1589 1884 1653 1917 pro
1681 1879 1859 1917 tempore,
1880 1872 2103 1906 exhibebunt

236 1939 481 1972 reverenciam
504 1946 538 1971 et
559 1938 733 1972 honorem
756 1939 935 1980 similiter,
958 1939 1002 1972 ad
1023 1951 1278 1984 quemcunque
1301 1946 1430 1971 statum
1453 1939 1678 1972 devenerint.

323 2007 388 2048 iiij.
415 2007 502 2038 ltem
525 2006 622 2050 quod
643 2005 749 2038 fidele
775 2006 1022 2039 testimonium
1050 2005 1294 2050 perhibebunt
1322 2006 1366 2038 de
1397 2005 1611 2039 bachalariis
1637 2006 1885 2047 licenciandis,
1908 2007 1951 2039 ad
1977 2019 2101 2051 quem-

234 2085 377 2118 cunque
399 2079 529 2105 statum
552 2072 777 2112 devenerint,
801 2073 1124 2117 quocienscunque
1154 2085 1171 2105 a
1202 2072 1417 2105 cancellario
1444 2073 1531 2105 eccl.
1564 2073 1675 2106 Paris,
1699 2073 1760 2117 qui
1782 2080 1837 2106 est
1856 2073 1913 2106 vel
1941 2073 2002 2117 qui
2034 2074 2103 2106 erit

235 2151 300 2184 pro
322 2145 484 2184 tempore
506 2139 641 2171 suerint
661 2139 839 2183 requisiti.

323 2218 356 2239 v.
382 2207 470 2238 lteln
493 2205 590 2250 quod
612 2217 722 2249 super
745 2205 815 2238 hiis
837 2205 998 2238 articulis
1020 2212 1054 2238 et
1075 2218 1199 2238 eorum
1222 2205 1386 2250 quolibet
1406 2213 1461 2238 est
1485 2206 1627 2250 publica
1649 2219 1716 2239 vox
1738 2213 1772 2238 et
1792 2207 1881 2239 sama
1903 2207 1938 2238 in
1960 2207 2101 2239 civitate

235 2279 270 2305 et
291 2273 411 2305 studio
434 2273 546 2305 Paris.

322 2342 371 2382 vj.
398 2341 485 2372 Item
515 2340 612 2384 quod
642 2340 736 2372 inter
766 2340 969 2385 privilegia,
999 2339 1243 2380 auctoritateS,
1274 2346 1470 2384 potestates
1504 2352 1567 2372 seu
1598 2340 1784 2372 libertates
1814 2353 1830 2372 a
1864 2347 1985 2373 sancta
2016 2341 2102 2373 sede

238 2406 436 2451 apostolica
457 2407 526 2451 ipsi
547 2407 762 2439 cancellario
784 2406 872 2439 eccl.
897 2406 1008 2438 Paris.
1032 2406 1176 2438 racione
1199 2418 1263 2438 sue
1284 2406 1497 2438 cancellarie
1524 2418 1699 2439 concessa
1727 2419 1791 2439 seu
1812 2419 2019 2447 concessas,
2047 2414 2101 2439 est

237 2472 307 2505 sibi
328 2473 522 2505 auctoritas
544 2480 578 2505 et
607 2480 767 2518 potestas
789 2473 988 2506 bacalarios
1015 2473 1057 2505 ad
1087 2472 1155 2505 hoc
1182 2479 1284 2517 aptos
1315 2479 1350 2505 et
1378 2473 1541 2517 ydoneos
1572 2473 1607 2505 in
1639 2473 1835 2518 theologie,
1858 2474 2098 2514 decretorum,

238 2540 416 2572 medicine
438 2547 471 2572 et
493 2540 620 2572 artium
642 2539 872 2572 facultatibus
894 2540 1122 2572 licenciandi.

323 2608 385 2648 vij.
411 2608 498 2639 Item
522 2614 710 2651 postquam
733 2606 914 2647 bacalarii,
938 2607 1145 2651 quicunque
1166 2607 1298 2639 suerint
1320 2606 1385 2647 illi,
1410 2618 1473 2650 pro
1496 2606 1691 2639 obtinenda
1714 2607 1862 2639 licencia
1885 2607 1920 2638 in
1943 2619 2101 2651 quacun-

236 2684 306 2717 que
327 2672 531 2705 facultatum
562 2673 818 2717 predictarum,
849 2680 882 2706 et
911 2673 1081 2718 precipue
1110 2673 1146 2705 in
1173 2673 1357 2718 theologie
1385 2679 1417 2705 et
1446 2673 1673 2705 decretorum
1704 2673 1944 2713 facultatibus,
1968 2674 2101 2705 suerint

237 2739 453 2771 cancellario
484 2740 695 2784 presentati,
724 2740 860 2772 licitum
890 2747 945 2773 est
976 2740 1191 2772 cancellario
1218 2747 1252 2772 et
1278 2739 1476 2784 apostolica
1501 2740 1711 2772 auctoritate
1733 2740 1981 2779 concessum¹,
2004 2740 2099 2783 quod

238 2817 276 2838 se
294 2806 411 2850 possit
427 2806 620 2838 informare
638 2807 760 2850 spacio
778 2807 884 2839 trium
907 2807 1084 2839 mensium
1105 2813 1171 2839 tam
1192 2818 1255 2851 per
1271 2818 1398 2838 omnes
1421 2807 1613 2850 magistros
1634 2806 1731 2838 illius
1749 2806 1925 2838 facultatis
1943 2806 2100 2837 l'arisius

238 2879 442 2916 presentes,
465 2873 501 2904 in
523 2884 590 2916 qua
622 2879 747 2917 petunt
776 2873 959 2905 licenciari
981 2873 1037 2906 vel
1068 2885 1132 2917 pro
1164 2873 1254 2918 ipsis
1286 2873 1418 2917 petitur
1446 2879 1484 2905 ut
1511 2872 1760 2912 licencientur,
1790 2884 1893 2916 quam
1923 2884 1986 2915 per
2011 2872 2100 2904 alios
