2488 3386
174 351 270 387 1384]
588 364 634 386 ΑΒ
668 364 774 387 Anno
808 364 942 387 ncch
975 364 1108 392 USQUE
1143 365 1190 386 An
1226 365 1488 387 BENEDICTUM
1522 366 1612 389 x111.
1968 357 2031 390 331

171 437 252 461 missa
266 441 306 460 est.
320 438 411 461 abbati
426 438 451 461 S.
469 438 618 469 Maglorii³‚
638 438 721 469 priori
742 439 769 462 S.
785 438 865 469 Eligii
886 441 912 462 et
935 438 1101 462 thesaurario
1125 438 1244 469 capellae
1264 438 1362 469 regiae.
1385 439 1521 462 Arrestum
1543 439 1710 467 Parlamenti,
1727 448 1778 470 qno
1800 440 1969 463 corroborata
1994 444 2033 464 ost

171 481 255 505 amica
269 482 412 506 transactio
425 482 551 513 partium,
565 482 618 506 vid.
633 482 703 506 infra
718 483 751 505 ad
767 491 807 506 an.
826 483 895 510 1386,
912 483 1023 506 n⁰1523.

265 566 287 589 1.
305 566 428 589 Summus
448 565 565 597 pontifex
581 568 688 589 enarrat
704 566 820 589 breviter
833 566 976 597 querelam,
993 565 1068 589 nobis
1081 566 1137 596 jam
1152 569 1250 595 notam,
1268 566 1360 588 Jacohi
1376 566 1468 589 Divitis
1485 569 1575 589 contra
1590 566 1771 589 inhibitionem
1788 567 1878 590 decani
1899 568 2031 591 facultatis

170 613 195 632 et
210 610 313 640 collegii
330 610 493 633 decretorum
509 610 592 633 Paris.
615 610 678 638 (vid.
700 610 831 641 imprimis
851 614 880 633 n0
900 611 978 639 1488).
992 624 1021 627 —
1040 611 1062 634 2.
1082 610 1144 633 Scil.
1161 610 1250 633 Clausi
1273 610 1401 633 Brunelli.
1414 624 1444 627 —
1459 611 1481 633 3.
1500 610 1572 633 Tunc
1587 611 1713 641 temporis
1730 611 1859 634 Richardo
1875 611 2031 637 Guernonis.

170 654 201 677 de
214 662 264 685 quo
281 662 362 685 snpra
377 663 404 685 p.
420 655 474 682 227,
490 657 543 677 not.
560 654 597 677 14.

175 781 315 818 1490.
343 790 468 816 Clemens
485 791 537 816 VII
548 790 670 816 ilenrico
687 790 853 825 Carpentini
864 789 880 823 ⁸,
897 789 1006 815 decano
1022 789 1161 815 ecclesiae
1176 791 1203 815 S.
1219 788 1352 815 Marcelli
1364 798 1454 825 prope
1467 790 1607 824 Parisios,
1623 799 1696 824 mag.
1713 791 1741 816 in
1757 787 1867 825 medic„
1881 792 2029 827 permittit,

259 843 289 865 ut
313 848 402 874 usque
417 838 457 864 ad
477 838 699 874 quinquennium
716 847 734 863 a
750 838 822 864 data
841 838 1038 874 praesentium
1054 837 1274 874 computandum
1292 838 1320 863 in
1334 837 1477 872 facultate
1497 838 1570 864 med.
1588 838 1688 873 legere,
1712 847 1817 874 regere,
1839 840 1990 876 disputare
2006 844 2032 866 et

258 887 333 913 alios
349 896 540 923 quoscumque
555 891 637 912 actus
653 888 681 912 in
697 887 797 912 eadem
813 886 956 921 facultate
968 895 1022 922 per
1037 887 1190 921 magistros
1210 886 1238 912 in
1259 886 1401 912 medicina
1421 887 1487 920 fieri
1501 891 1649 912 consuetos
1666 896 1796 913 exercere
1810 888 1898 914 libere
1914 892 1940 914 et
1955 889 2032 915 licite

260 936 362 969 valeat,
387 945 442 962 non
458 936 590 962 obstante
613 936 689 971 quod
713 937 741 961 in
764 936 980 971 presbyteratus
1001 935 1100 961 ordine
1122 936 1292 961 constitutus
1314 936 1361 961 sit.
1385 936 1448 961 Dat.
1467 936 1545 969 apud
1565 936 1699 962 Castrum
1719 945 1829 962 novum
1846 938 2031 964 Avinionens.

258 986 334 1012 dioc.
352 986 408 1019 viiij
425 985 481 1011 kal.
498 985 683 1019 Septembris,
698 993 776 1010 anno
790 987 876 1011 sexto.
897 996 908 1007 «ι
927 985 1090 1011 Litcrarum
1106 985 1222 1010 scientia
1239 995 1263 1009 υ.

1169 1069 1243 1098 1384,
1259 1069 1367 1101 Augusti
1377 1069 1421 1098 24,
1437 1069 1506 1101 apud
1518 1069 1634 1095 Castrum
1650 1070 1745 1096 Morum.

263 1123 326 1154 Reg.
344 1123 401 1146 Vnt.
418 1123 498 1146 Aven.
515 1122 654 1145 Clementis
670 1122 724 1152 VII,
741 1123 792 1146 vol.
809 1122 916 1150 XXXIV,
935 1123 952 1145 s.
969 1123 1022 1145 5116.

265 1207 287 1230 1.
301 1206 402 1229 Decnno
419 1206 445 1229 S.
462 1206 579 1229 Marcelli
595 1206 628 1228 ab
645 1214 687 1229 an.
702 1206 772 1235 1383,
788 1205 847 1228 Maii
864 1207 893 1228 28
906 1206 978 1236 (Reg.
996 1206 1075 1228 Aven.
1092 1205 1174 1228 clem.
1188 1205 1242 1234 Vll,
1260 1206 1310 1228 vol.
1326 1206 1412 1233 XXIX,
1431 1207 1447 1228 s.
1464 1206 1528 1234 294).

176 1373 297 1410 1491
308 1401 316 1409 .
339 1391 354 1407 «ι
370 1382 479 1408 Littera
505 1382 702 1408 Universitatis
714 1381 894 1417 publicanda
907 1390 960 1417 per
977 1381 1218 1415 congregationes
1237 1389 1380 1406 sermones
1396 1384 1423 1406 et
1440 1380 1535 1406 scolas
1558 1385 1656 1406 contra
1677 1381 1785 1407 abusus
1802 1386 1828 1408 et
1845 1384 2031 1418 pecuniarum

259 1430 438 1466 corruptelas
455 1431 482 1455 in
497 1431 637 1464 gradibus
652 1439 703 1456 seu
719 1430 842 1456 licentiis
858 1429 1033 1456 abiciendos.
1052 1439 1067 1454 >›

1371 1479 1445 1507 7384,
1463 1478 1578 1505 Octobris
1594 1480 1618 1508 6,
1635 1480 1747 1506 Parisiis.

260 1564 451 1597 Universis
473 1570 663 1608 presentes
684 1563 822 1596 litteras
843 1562 1064 1607 inspecturis
1085 1562 1303 1594 universitas
1325 1562 1580 1606 magistrorum
1604 1570 1636 1595 et
1658 1563 1849 1596 scolarium
1874 1565 2033 1598 Parisius

169 1630 405 1671 studentium,
433 1630 585 1663 salutem
612 1630 648 1662 in
679 1630 846 1662 Domino.
877 1631 922 1663 Ut
951 1629 1129 1661 abusuum
1158 1628 1398 1673 corruptelam
1429 1628 1472 1660 (le
1507 1629 1626 1661 modio
1654 1636 1829 1671 nostrum,
1860 1639 2029 1675 quantum

170 1708 379 1741 possumus,
407 1697 642 1741 extirpemus,
669 1708 735 1729 nos
766 1696 802 1728 in
829 1696 1115 1741 congregatione
1146 1701 1268 1727 nostra
1299 1695 1460 1739 generali
1491 1696 1584 1740 apud
1615 1696 1647 1728 S.
1677 1697 1894 1729 Maturinum
1917 1711 2033 1743 nuper

168 1764 257 1796 sacta
285 1770 319 1796 et
348 1775 412 1808 per
435 1763 680 1796 venerabilem
712 1770 744 1795 et
776 1763 970 1795 discretum
1000 1762 1115 1795 virum
1148 1762 1359 1806 magistrum
1389 1761 1587 1794 Johanncm
1620 1763 1663 1794 ‹lc
1690 1764 1879 1796 Marsono¹
1908 1773 2030 1798 nostre

169 1830 424 1863 Universitatis
447 1830 581 1874 prefate
603 1836 687 1862 tunc
716 1836 891 1862 rectorem
922 1829 1135 1862 solemniter
1160 1828 1352 1869 celebrata,
1376 1840 1417 1860 cx
1439 1829 1620 1861 communi
1647 1836 1679 1862 ct
1701 1831 1873 1863 concordi
1895 1832 2033 1865 delibe-

168 1897 306 1929 ratione
337 1897 507 1941 quasdam
539 1896 720 1929 clausulas
747 1896 1020 1941 privilegiorum
1053 1901 1259 1928 nostrorum
1290 1907 1354 1939 pro
1381 1895 1576 1927 animarum
1603 1896 1717 1928 salute
1746 1903 1778 1929 et
1809 1898 2030 1932 studentium

167 1963 332 1996 libertate
354 1963 600 1996 ordinavimus
630 1962 878 2007 publicandas„
902 1969 936 1995 et
957 1974 1017 1995 eas
1038 1973 1131 1994 anno
1153 1961 1316 2006 quolibet
1342 1961 1492 2006 pllirieS‚
1515 1962 1666 1994 maxime
1692 1963 1785 1995 circa
1813 1964 2030 2010 principium

168 2029 356 2069 ordinarii,
386 2030 422 2061 in
452 2029 588 2062 nostris
615 2029 965 2074 congregationibus
990 2035 1058 2061 tam
1095 2027 1329 2073 generalibus
1357 2040 1461 2072 quam
1496 2028 1731 2073 specialibus,
1760 2042 1798 2062 ac
1829 2031 1932 2063 ctiam
1968 2045 2032 2076 per

167 2096 286 2129 scolas
307 2096 343 2128 in
365 2096 554 2141 principiis
578 2102 613 2128 et
639 2095 858 2128 lectionibus
880 2096 1134 2140 magistrorum
1161 2101 1195 2126 et
1222 2094 1523 2127 bachcllariorum
1546 2107 1687 2127 necnon
1710 2096 1813 2128 etiam
1836 2097 1871 2128 in
1893 2109 2030 2131 sermo-

168 2162 289 2203 nibus,
316 2163 487 2207 precipue
516 2163 659 2207 quando
686 2162 746 2195 fiet
770 2162 915 2195 collatio
937 2162 1089 2194 rectoris
1110 2161 1152 2193 ad
1174 2160 1323 2201 clerum7
1350 2160 1494 2205 publico
1522 2161 1696 2206 legendas
1723 2162 1963 2201 (lecrevimus,
1985 2177 2029 2198 ne

167 2229 248 2273 quis
271 2230 439 2262 decetero
460 2236 608 2274 propter
627 2241 746 2261 carum
770 2229 1022 2273 ignorantiam,
1041 2240 1140 2260 suam
1161 2227 1275 2260 valeat
1296 2227 1471 2259 maliciam
1493 2239 1677 2260 excusare.

256 2295 435 2329 Omnibus
462 2307 550 2340 ergo
579 2302 701 2328 notum
728 2295 774 2328 sit
799 2295 895 2339 quod
926 2295 961 2327 in
990 2294 1183 2339 privilegio
1205 2293 1388 2338 Gregorii,
1412 2294 1509 2338 quod
1530 2294 1656 2338 incipit
1678 2306 1685 2326 ε
1708 2295 1846 2329 Parem·
1864 2298 2030 2331 scientia-

167 2363 280 2403 rum',
300 2363 380 2395 talis
400 2362 560 2395 clausula
582 2362 788 2395 continetur
807 2374 813 2394 :
834 2376 849 2393 «
868 2363 940 2394 Nec
962 2360 1199 2394 cancellarius
1220 2372 1238 2392 a
1259 2360 1489 2392 licentiandis
1511 2360 1694 2405 magistris
1710 2362 1954 2405 juramentum
1974 2365 2030 2398 vel

167 2428 423 2468 obedientiam,
447 2440 511 2461 seu
542 2428 643 2461 aliam
670 2429 790 2473 exiget
817 2428 1032 2465 cautionem,
1066 2439 1131 2459 nec
1161 2426 1307 2470 aliquod
1340 2426 1621 2458 emolumentum
1654 2438 1718 2459 seu
1750 2429 2028 2472 promissionem

168 2495 317 2540 recipiet
334 2507 398 2540 pro
416 2495 560 2527 licentia
577 2495 823 2535 concedenda,
837 2496 1044 2539 juramento
1062 2493 1231 2538 superius
1249 2493 1330 2525 (lato
1347 2499 1552 2525 contentus.
1574 2507 1588 2522 n
1608 2494 1669 2525 Est
1687 2500 1803 2526 autem
1821 2495 2029 2540 hujusmodi

161 2562 419 2606 juramentum,
443 2576 458 2592 t<
477 2562 574 2606 quod
596 2562 640 2594 dc
661 2561 876 2594 bachelariis
898 2561 1005 2593 fidele
1027 2560 1270 2593 testimonium
1296 2558 1557 2603 perhibebunt³
1576 2574 1604 2592 η.

256 2629 343 2661 ltem
374 2628 410 2661 in
440 2628 632 2674 privilegio
658 2630 789 2662 Servus
816 2628 953 2661 crucis*
982 2627 1134 2659 habetur
1162 2625 1321 2658 clausula
1352 2625 1534 2670 generalis
1563 2627 1659 2670 quod
1687 2642 1702 2657 «
1731 2627 1853 2660 nullus
1883 2629 2027 2674 incipiat

166 2694 371 2727 licentiatus
392 2707 410 2727 a
431 2695 646 2728 cancellario
670 2695 727 2728 vel
748 2695 791 2727 ab
812 2694 881 2727 alio
904 2694 982 2727 data
1004 2694 1036 2725 ei
1060 2693 1222 2738 pecunia,
1246 2692 1302 2725 vel
1333 2692 1403 2724 fido
1437 2692 1598 2736 prestita5
1622 2693 1679 2725 vel
1701 2693 1767 2726 alia
1788 2696 2028 2728 conventione

166 2760 285 2793 habita
303 2775 331 2793 ».
355 2762 398 2794 Et
419 2761 455 2793 in
477 2761 547 2794 fine
569 2762 731 2806 ejusdem
755 2761 936 2806 privilegii
963 2773 1053 2805 pena
1079 2758 1462 2792 exeonununicationis
1488 2758 1556 2790 late
1581 2760 1759 2791 sententio
1782 2766 2029 2805 transgresso-

167 2826 268 2859 ribus
290 2827 564 2860 contumacibus
594 2828 793 2872 imponitur
814 2827 881 2860 sub
903 2827 967 2860 hac
992 2828 1104 2859 forma
1131 2838 1137 2858 :
1162 2840 1177 2856 «
1207 2827 1248 2858 Ut
1269 2832 1384 2857 :uitem
1408 2825 1473 2857 ista
1496 2824 1754 2857 inviolabiliter
1775 2826 2026 2866 observentur,

167 2905 293 2926 omnes
315 2894 375 2938 qui
403 2895 663 2927 contumaciter
683 2901 807 2927 contra
828 2894 893 2927 hec
920 2900 1049 2926 statuta
1079 2899 1200 2925 nostra
1227 2892 1351 2924 venirc
1380 2891 1679 2935 presumpserint,
1711 2891 1779 2924 nisi
1810 2892 1899 2925 infra
1925 2894 2029 2937 quin-
