2488 3386
475 314 518 348 98
1050 323 1368 345 CHARTULARJUM
1404 321 1594 343 UNtvans.
1632 320 1763 343 PAnls.
2239 305 2337 342 [1363

481 413 620 449 1271.
642 421 881 457 Archiepiscopus
897 425 924 447 et
939 421 1097 457 capitulum
1113 421 1240 456 Lngdun.
1259 420 1299 446 ad
1319 420 1461 446 Urbanum
1483 420 1566 455 Vpro
1581 418 1687 444 Iacobo
1702 418 1738 444 de
1757 419 1879 453 Mor-eye,
1901 417 1966 443 Ord.
1984 417 2101 450 praed„
2119 420 2150 443 ut
2163 417 2204 443 ad
2219 419 2337 444 Senten-

562 471 620 496 tias
634 470 770 505 legendas
783 470 906 496 Parisiis
920 470 1026 496 aestivo
1042 474 1165 506 tempore
1180 469 1360 496 admittatur.
1944 502 1959 508 ..

1734 503 1810 532 7363,
1826 502 1956 528 Febr-uam
1967 503 1992 532 3.
2008 502 2053 528 26.

566 576 779 609 Beatissime
800 582 900 621 pater
925 582 959 608 et
984 576 1128 608 domine
1149 574 1461 614 metuendissime,
1485 572 1685 606 humillima
1706 572 2061 605 recommendatione
2082 572 2271 618 premissa,
2294 573 2337 606 ad

477 649 597 676 vestre
619 642 816 675 sanctitatis
838 642 999 675 notitiam
1021 641 1234 674 deducimus
1256 652 1320 685 per
1341 646 1543 685 presentes,
1565 639 1663 683 quod
1686 638 1885 683 antiquitus
1900 639 2002 683 juxta
2022 639 2214 672 canonicas
2235 651 2338 672 sanc-

476 709 594 742 tiones
615 709 651 741 in
671 715 790 741 vestra
808 708 959 740 ecclesia
982 707 1222 752 Lugdunensi
1243 707 1286 739 ab
1307 706 1535 738 institutione
1552 705 1702 738 Ordinis
1723 704 1993 738 Predicatorum
2016 717 2110 738 unus
2130 705 2240 739 frater
2253 706 2339 751 ydo-

477 787 567 808 neus
589 775 674 807 dieti
695 774 844 808 Ordinis
864 774 908 806 ad
928 774 995 806 hoc
1017 786 1080 818 per
1101 773 1255 806 eundem
1277 772 1451 806 Ordinem
1474 771 1666 817 deputatus
1687 771 1878 804 consuevit
1896 771 2020 817 legere
2042 783 2177 805 sacram
2199 771 2338 806 theolo—

476 841 569 886 giam
592 841 628 873 in
649 840 729 874 loco
750 840 953 873 honorabili
975 846 1010 873 et
1030 839 1172 872 solenni
1193 838 1385 880 cathc[d]ra
1402 838 1591 878 ordinatis,
1610 837 1653 871 ad
1675 838 1778 882 cujus
1798 837 1971 871 lecturam
1989 844 2086 871 totus
2105 838 2226 872 clerus
2242 839 2337 873 dicte

475 907 629 940 ecclesie
647 914 681 940 et
694 906 795 951 quasi
812 907 922 939 totius
938 906 1092 939 civitatis
1109 912 1228 938 vestre
1245 904 1513 937 indifferenter¹
1532 904 1684 937 veniunt
1700 910 1735 937 et
1750 910 2022 938 consueverunt
2037 905 2228 938 interesse.
2245 906 2334 940 Cum

475 980 605 1014 autem,
629 979 727 1018 pater
748 972 989 1013 sanctissime,
1012 972 1210 1017 religiosus
1230 971 1285 1004 vir
1305 971 1414 1004 frater
1432 970 1589 1004 Jacobus
1611 970 1656 1004 de
1676 972 1825 1016 Moreyo
1846 971 1933 1004 dicti
1953 971 2116 1012 Ordinis,
2132 972 2188 1006 vir
2207 984 2337 1018 magne

475 1040 625 1073 scientie
647 1046 681 1072 et
707 1038 923 1079 devotionis,
946 1044 1095 1082 propter
1118 1038 1235 1082 ipsius
1263 1037 1453 1082 probitatis
1473 1037 1645 1071 virtutum
1674 1044 1710 1070 et
1737 1037 1902 1070 doctrine
1926 1038 2066 1080 merita,
2087 1038 2220 1071 nedum
2241 1039 2337 1084 apud

474 1118 541 1138 nos
562 1106 753 1145 dumtaxat,
777 1104 841 1137 sed
862 1104 967 1136 etiam
989 1104 1083 1149 apud
1107 1116 1248 1136 omnem
1266 1104 1374 1136 alium
1396 1103 1531 1136 clerum
1555 1110 1589 1136 et
1611 1098 1784 1148 populum
1806 1104 1968 1149 predicte
1988 1105 2142 1139 civitatis
2163 1105 2337 1151 multipli-

473 1172 561 1204 eiter
577 1170 861 1212 commendatus,
879 1170 1034 1202 officium
1057 1170 1253 1203 lectoratus
1274 1169 1484 1215 hujusmodi
1507 1182 1571 1215 per
1590 1169 1699 1216 longa
1722 1177 1883 1216 tempora
1903 1171 1947 1204 ad
1968 1171 2120 1205 salutem
2140 1171 2336 1206 honorem-

472 1249 541 1282 que
562 1237 752 1269 maximum
770 1242 803 1269 et
825 1237 1023 1281 profectum
1041 1236 1128 1268 cleri
1151 1236 1303 1281 predicti
1325 1236 1469 1269 duxerit
1489 1236 1732 1269 exercendum
1749 1243 1785 1270 et
1803 1237 1920 1270 adhuc
1941 1245 2106 1272 exerceat
2126 1238 2335 1284 diligenter,

470 1304 621 1349 ipseque
642 1304 745 1347 cujus
767 1302 917 1335 scientia
938 1309 1093 1335 vestram
1116 1302 1295 1336 illuminat
1314 1303 1493 1336 civitatem
1515 1309 1584 1336 tam
1610 1303 1746 1336 lectura
1768 1315 1873 1349 quam
1901 1304 2211 1349 predicationibus
2240 1305 2337 1339 salu-

470 1369 610 1410 bribus,
634 1369 784 1402 multum
812 1375 936 1414 gratus
963 1375 997 1401 et
1023 1369 1122 1402 utilis
1145 1376 1262 1402 vestre
1291 1368 1460 1417 ecclesie,
1488 1382 1570 1415 ymo
1597 1370 1828 1403 necessarius
1856 1371 1998 1413 existat,
2022 1371 2160 1417 totique
2182 1371 2280 1406 clero
2301 1379 2338 1406 et

471 1436 605 1481 populo
633 1435 850 1480 supradictis
878 1447 884 1467 :
915 1442 1107 1480 eapropter
1129 1442 1167 1468 ut
1195 1435 1291 1468 idem
1317 1436 1427 1469 frater
1446 1436 1604 1469 Jacobus
1630 1436 1725 1470 dicte
1744 1444 1865 1470 vestre
1891 1437 2046 1471 ecclesie
2072 1438 2336 1472 honorabiliori

470 1502 574 1535 titulo
596 1502 831 1547 imposterum
854 1501 968 1534 valeat
995 1501 1194 1543 deservire,
1222 1502 1338 1534 eidem
1368 1502 1548 1535 sanctitati
1578 1502 1764 1536 humiliter
1783 1503 2031 1549 supplicamus
2052 1505 2222 1550 quatinus
2249 1517 2336 1539 con-

471 1568 702 1613 templatione
724 1568 818 1600 dicte
839 1574 959 1601 vestre
981 1568 1135 1601 ecclesie
1157 1575 1191 1601 et
1212 1580 1449 1613 personarum
1471 1569 1650 1614 ejusdem,
1672 1570 1874 1603 concedere
1896 1570 2098 1616 dignemini
2118 1572 2214 1605 dicto
2234 1572 2335 1606 fratri

469 1634 603 1668 Jacobo
624 1634 804 1666 licentiam
827 1633 973 1679 legendi
1004 1635 1163 1667 Parisius
1186 1635 1390 1668 Sententias
1411 1635 1582 1668 estivales
1611 1636 1648 1668 in
1674 1636 1784 1669 scolis
1813 1637 1962 1670 fratrum
1983 1637 2070 1671 dicti
2090 1638 2240 1672 Ordinis
2266 1638 2334 1672 hoc

471 1713 563 1734 anno
580 1700 637 1733 vel
658 1700 741 1739 alio,
760 1706 867 1745 prout
883 1700 1024 1733 duxerit
1040 1700 1263 1746 eligendum,
1282 1702 1425 1735 statutis
1442 1708 1477 1735 et
1492 1702 1784 1736 ordinationibus
1800 1704 2057 1749 magistrorum
2074 1705 2333 1739 Parisiensium

465 1768 671 1811 juramento
692 1766 831 1799 vallatis
859 1766 895 1798 in
921 1767 1139 1799 contrarium
1162 1767 1269 1800 editis
1291 1780 1363 1800 non
1385 1768 1615 1802 obstantibus
1637 1766 1930 1815 quibuscunque,
1954 1770 2201 1816 dispensando
2223 1783 2335 1817 super

471 1833 597 1866 eodem
612 1834 818 1878 juramento
842 1833 886 1865 de
906 1833 1019 1877 gratia
1041 1833 1202 1878 speciali,
1220 1846 1360 1879 nosque
1382 1841 1417 1868 et
1436 1835 1548 1880 ipsam
1573 1835 1762 1869 ecclesiam
1784 1833 1828 1869 de
1845 1843 1965 1870 vestra
1984 1836 2209 1883 benignitate
2229 1838 2333 1872 solita

470 1899 501 1932 si
522 1899 639 1944 placet
657 1898 836 1931 honorare
857 1911 896 1931 ac
912 1905 993 1932 vota
1013 1906 1135 1932 nostra
1157 1907 1192 1932 et
1211 1901 1375 1933 cordium
1397 1901 1579 1935 desideria
1614 1902 1733 1947 quoad
1753 1902 1821 1936 hoe
1842 1903 2129 1937 misericorditer
2149 1904 2332 1938 exaudire.

470 1965 646 1998 Dominus
667 1977 731 2010 per
754 1965 810 1998 sui
830 1966 979 2010 gratiam
1002 1966 1265 1999 sanctissimam
1287 1979 1477 2012 personam
1500 1975 1657 2002 vestram
1678 1969 1897 2002 ineolumem
1921 1982 2139 2005 conservare
2163 1971 2353 2017 dignetur-

469 2031 637 2077 longevis
666 2031 892 2076 temporibus
921 2032 1091 2076 regimini
1118 2033 1272 2066 ecclesie
1300 2045 1365 2067 sue
1393 2041 1527 2067 sancte.
1556 2035 1736 2080 Scriptum
1767 2036 1803 2068 in
1829 2036 1923 2069 dicta
1953 2037 2107 2070 ecclesia
2128 2044 2248 2071 vestra
2275 2037 2334 2071 die

470 2098 572 2130 tertia
596 2097 795 2131 Februarii.
818 2118 861 2122 —
882 2098 957 2130 Fiat
982 2099 1025 2131 de
1047 2098 1191 2132 lieentia
1212 2100 1375 2145 magistri
1396 2101 1614 2146 generalis².
1639 2103 1678 2134 B.
1695 2123 1740 2127 —
1761 2103 1888 2136 Datum
1908 2103 2089 2137 Avinione
2110 2110 2236 2149 quarto
2262 2103 2332 2138 kal.

470 2164 601 2205 Martii,
621 2176 715 2196 anno
736 2164 864 2208 primo.

560 2229 721 2262 Humiles
743 2236 777 2262 et
803 2230 923 2263 devoti
951 2238 1113 2265 oratores
1133 2233 1245 2266 vestri
1271 2233 1538 2276 G[uillelmus]’¹
1560 2235 1871 2281 archiepiscopus,
1898 2237 2057 2270 decanus
2079 2243 2114 2270 et
2137 2237 2333 2283 capitulum

472 2296 750 2341 Lugdunenses.

564 2381 625 2411 Reg.
642 2380 699 2403 Vat.
717 2380 809 2411 Suppl.
826 2381 926 2404 Urbani
947 2382 976 2409 V,
993 2390 1035 2405 an.
1055 2383 1076 2411 1,
1096 2391 1122 2414 p.
1144 2385 1166 2410 3,
1185 2385 1230 2408 sol.
1248 2385 1303 2408 32¹².
1327 2399 1353 2403 —
1378 2386 1470 2409 Exstat
1493 2386 1519 2409 in
1545 2387 1609 2419 Reg.
1625 2387 1681 2410 Vat.
1700 2388 1781 2412 Aven.
1797 2387 1861 2411 Urb.
1875 2388 1903 2416 V,
1918 2388 1970 2411 vol.
1984 2388 2027 2417 VI,
2045 2388 2090 2413 t'ol.
2107 2388 2161 2419 391,
2177 2388 2227 2412 sub
2243 2389 2335 2412 eudem

470 2424 595 2455 temporis
611 2427 671 2446 nota
686 2424 838 2447 mandatum
857 2429 943 2456 apost.
961 2426 994 2449 ad
1010 2426 1178 2456 (Grimerium
1194 2429 1330 2458 Boniracii)
1347 2431 1455 2453 cancell.
1472 2431 1567 2460 Paris.y
1588 2431 1613 2454 in
1630 2440 1681 2463 quo
1696 2431 1780 2455 eidem
1795 2431 1905 2463 insuper
1923 2432 2078 2464 injungitur,
2095 2435 2124 2456 ut
2137 2432 2245 2462 Jucobo,
2260 2432 2334 2456 lectis

471 2468 619 2496 Sententiis,
648 2468 670 2491 si
696 2469 815 2491 eumdem
844 2469 966 2493 idoneum
993 2472 1128 2502 repererit,
1154 2473 1299 2503 magisterii
1318 2474 1443 2497 honorem
1463 2478 1488 2498 et
1509 2475 1619 2499 docendi
1640 2475 1774 2499 licentiam
1799 2477 1926 2500 conserat.
1944 2485 1955 2500 ι
1971 2476 2026 2500 Viri
2041 2485 2115 2500 sacre
2129 2477 2249 2500 lectionis
2264 2485 2288 2501 ».
2306 2490 2334 2495 -

471 2513 518 2535 An.
535 2512 604 2540 1368,
622 2513 705 2535 sactus
723 2515 762 2535 est
779 2521 793 2535 a
815 2513 973 2543 provinciali
994 2515 1120 2539 Franciae
1139 2516 1280 2547 inquisitor
1300 2518 1374 2549 regni
1395 2519 1529 2548 Franciae,
1546 2523 1572 2542 et
1586 2528 1629 2543 an.
1654 2520 1724 2550 1379,
1741 2520 1800 2544 Dec.
1817 2521 1840 2549 3,
1863 2529 1879 2543 a
1898 2521 2030 2544 Clemente
2045 2521 2091 2544 VII
2110 2521 2280 2544 confirmatus
2295 2524 2337 2545 est

472 2557 544 2588 (Reg.
565 2557 622 2579 Vat.
648 2556 728 2579 Clem.
749 2557 803 2586 VII,
821 2561 848 2579 n⁰
870 2558 923 2587 292,
940 2559 985 2581 sol.
1007 2560 1057 2588 49),
1075 2560 1138 2583 Post
1152 2561 1303 2584 electionem
1324 2563 1455 2594 Radulphi
1472 2563 1503 2586 de
1519 2563 1658 2587 Bonavilla
1674 2564 1714 2593 (de
1730 2573 1781 2596 quo
1800 2564 1879 2594 infra)
1894 2565 1921 2588 in
1936 2565 2017 2596 episc.
2040 2565 2180 2589 Vasionen.
2195 2566 2248 2595 (an.
2264 2565 2341 2595 1386,Δ

471 2600 558 2623 Martii
573 2601 610 2630 28)
629 2602 711 2623 sactus
727 2604 767 2623 est
786 2609 855 2632 mag.
875 2602 1006 2625 scolarum
1025 2604 1118 2634 palatii
1138 2608 1224 2635 apost.
1241 2606 1377 2636 Avenion.,
1392 2610 1417 2630 et
1436 2607 1474 2630 sie
1490 2616 1532 2631 an.
1555 2609 1624 2637 1387,
1641 2609 1737 2638 Martii,
1755 2609 1781 2632 in
1796 2609 1876 2633 Arch.
1895 2610 1953 2633 Vat.
1968 2609 2073 2634 Introit
2087 2613 2113 2634 et
2126 2609 2204 2634 Exit.
2221 2610 2260 2639 (ηο
2278 2609 2333 2639 362,

471 2645 488 2667 f.
507 2645 545 2673 94)
567 2644 689 2667 occurrit.
715 2645 802 2675 Usque
818 2646 850 2668 ad
869 2649 987 2675 mortem,
1008 2647 1025 2670 i.
1040 2656 1061 2670 e.
1078 2649 1111 2671 ad
1135 2657 1231 2672 annum
1248 2651 1307 2673 1394
1323 2651 1371 2674 hoc
1393 2651 1476 2675 officio
1495 2653 1599 2676 functus
1615 2656 1663 2683 cst,
1679 2653 1725 2677 sed
1746 2654 1818 2677 deest
1833 2654 1904 2685 apud
1920 2653 2137 2683 Quetif-Echard,
2154 2654 2257 2684 script.
2274 2656 2335 2683 eto..

470 2688 490 2717 Ι,
504 2696 531 2719 p.
546 2696 598 2714 xx1.

563 2759 585 2782 1.
605 2759 658 2782 Vox
674 2758 700 2781 in
716 2767 765 2782 ma.
778 2759 888 2783 obscure
904 2761 1012 2792 scripta.
1029 2776 1056 2779 —
1072 2763 1094 2786 2.
1112 2763 1224 2787 Simonis
1241 2765 1350 2796 Lingon.
1367 2780 1394 2783 —
1411 2768 1433 2790 3.
1454 2767 1611 2791 Guillelmus
1627 2768 1658 2791 de
1673 2768 1771 2800 Thury,
1790 2777 1832 2792 an.
1851 2769 1921 2799 1356,
1937 2769 2077 2800 episcopus
2091 2768 2333 2800 Augustodunens„

470 2811 528 2826 cum
548 2803 641 2826 suisset
655 2803 769 2826 decanus
785 2804 847 2827 eccl.
866 2805 987 2835 Lugdun.
1004 2807 1075 2837 (Reg.
1100 2808 1179 2831 Aven.
1197 2809 1284 2832 Innoc.
1304 2810 1344 2838 VI,
1369 2811 1421 2835 vol.
1438 2812 1492 2840 XII,
1511 2813 1528 2835 s.
1548 2813 1596 2843 31),
1617 2820 1659 2836 an.
1675 2813 1746 2843 1358,
1765 2813 1832 2844 Aug.
1848 2814 1887 2842 25,
1907 2813 2061 2845 Raymundo
2082 2813 2181 2844 Saquet
2201 2812 2332 2843 defuncto,

473 2848 556 2870 sactus
574 2846 730 2878 archiepiSC.
746 2848 830 2879 Lugd.
845 2848 928 2877 (ihid.,
943 2850 994 2874 vol.
1011 2851 1099 2879 XVIII,
1117 2853 1134 2875 s.
1151 2853 1232 2881 32012).

596 2892 633 2916 13.
