2488 3386
185 337 280 374 1361]
603 349 650 371 AB
684 348 792 370 ΛΝΝΟ
826 347 956 370 Μοεοῐ,
986 348 1119 375 USQUE
1155 348 1203 370 An
1238 348 1502 370 nsusntc'rum
1538 348 1628 369 xm.
2005 340 2047 372 73

188 465 328 503 1254.
357 474 530 500 Universitas
550 474 643 499 Paris.
661 473 790 507 explicat
801 472 981 509 privilegium
1002 472 1216 508 quinquennale
1237 472 1419 498 scholaribus
1435 473 1463 497 in
1487 472 1630 506 theologia
1650 473 1831 498 studentibus
1846 474 1969 499 Parisiis
1985 483 2049 499 con-

273 532 382 549 cessum
398 526 535 558 quantum
551 522 590 547 ad
602 522 814 558 perceptionem
831 521 1031 556 beneficiorum
1046 530 1161 547 suorum
1177 521 1317 547 redditus.

1405 606 1476 634 1361,
1492 606 1582 637 aprilis
1596 606 1621 634 6,
1637 605 1749 634 Parisiis,

276 692 317 723 In
347 690 492 722 nomine
528 689 685 726 Domini,
720 701 835 722 amen.
868 689 1043 722 Noverint
1072 689 1233 721 universi
1269 688 1336 720 hoc
1374 700 1526 733 presens
1557 688 1741 733 publicum
1772 688 2049 721 instrumentum

188 756 401 801 inspecturi,
428 756 554 800 eisque
583 762 701 800 pateat
726 755 926 795 evidenter,
956 755 1052 799 quod
1081 767 1174 787 anno
1205 755 1367 799 ejusdem
1399 754 1543 786 Domini
1573 754 1767 787 millesimo
1797 755 2052 787 trecentesimo

190 822 416 868 sexagesimo
440 822 570 867 primo,
593 821 650 854 die
682 828 780 854 sexta
808 822 945 854 mensis
972 821 1122 866 Aprilis,
1144 821 1343 853 indictione
1368 827 1491 865 quarta
1513 820 1663 860 decima,
1694 820 1922 865 pontificatus
1950 833 2053 854 sanc-

190 889 320 922 tissimi
348 889 384 921 in
405 888 550 922 Christo
577 888 688 933 patris
712 894 744 921 et
768 888 905 920 domini
934 887 1071 920 domini
1096 887 1299 920 Innocentii
1327 887 1446 919 divina
1475 887 1700 931 providentia
1727 899 1816 931 pape
1840 887 1931 919 sexti
1961 900 2054 920 anno

191 967 301 996 nono,
325 955 361 987 in
383 955 487 999 plena
509 955 793 999 congregatione
814 954 977 999 generali
998 954 1253 998 magistrorum
1277 960 1430 998 quatuor
1450 953 1655 985 facultatum
1681 953 1935 986 Universitatis
1958 954 2055 986 Pari-

192 1022 337 1062 siensis,
360 1021 455 1066 apud
477 1021 644 1054 Sanctum
667 1021 909 1053 Mathurinum
933 1021 1093 1053 Parisius
1114 1027 1320 1053 vocatorum
1345 1026 1379 1052 et
1401 1026 1719 1064 congregatorum,
1738 1026 1776 1052 ut
1796 1020 1908 1052 moris
1931 1027 1996 1061 est,
2021 1021 2055 1052 in

193 1088 301 1133 pleno
329 1087 486 1132 capitulo
517 1087 603 1120 dicti
638 1087 722 1125 loci,
754 1087 790 1119 in
821 1094 983 1120 nostrum
1016 1087 1238 1119 notariorum
1272 1086 1499 1131 publicorum
1531 1086 1844 1130 infrascriptorum
1877 1087 2057 1131 presentia

194 1154 435 1200 personaliter
454 1154 654 1194 constituti,
678 1154 825 1186 disereti
853 1154 935 1194 viri,
963 1154 1074 1186 frater
1102 1153 1316 1186 Franssicus
1340 1153 1384 1185 de
1405 1152 1491 1193 Alst,
1514 1153 1731 1185 canonicus¹
1757 1153 1876 1185 Sancti
1901 1153 2060 1186 Victoris

193 1220 421 1261 parisiensis,
439 1232 478 1252 ac
496 1220 667 1264 magister
688 1221 815 1252 Petrus
837 1220 881 1252 de
901 1219 1125 1264 Lupi-Saltu,
1143 1226 1268 1252 cantor
1285 1219 1439 1251 ecclesie
1459 1218 1699 1259 sicliniensis,
1718 1219 1960 1251 Tornacensis
1982 1219 2060 1251 dio-

194 1287 302 1328 cesis,
330 1286 391 1331 qui
417 1286 551 1318 ibidem
572 1293 745 1319 venerant
772 1286 814 1318 ad
838 1286 1083 1318 excusandum
1106 1286 1292 1318 dominum
1314 1285 1477 1317 abbatem
1503 1285 1621 1317 Sancti
1644 1285 1802 1318 Victoris
1824 1286 2061 1318 Parisiensis²

195 1354 237 1387 ad
259 1353 387 1386 dictam
405 1353 725 1397 congregationem
744 1353 898 1392 evocati3
915 1359 950 1385 et
970 1352 1143 1397 magister
1159 1353 1287 1384 Petrus
1305 1352 1349 1384 de
1366 1351 1549 1390 Alvernia,
1569 1351 1727 1384 decanus
1746 1352 1864 1384 Sancti
1886 1352 2060 1393 Marcelli,

192 1421 292 1465 juxta
314 1419 486 1459 Parisius,
512 1425 726 1451 executores
747 1431 817 1451 una
838 1431 917 1451 cum
941 1419 1088 1451 domino
1111 1418 1329 1451 cancellario
1352 1418 1507 1450 ecclesie
1529 1418 1760 1455 Parisiensis,
1785 1430 1864 1450 cum
1888 1418 2061 1457 clausula,

199 1501 214 1517 «
241 1492 419 1530 quatenus
442 1496 507 1518 vos
529 1485 587 1518 vel
610 1485 695 1526 duo,
717 1490 780 1518 etc.
806 1499 835 1525 )›,
860 1484 1042 1529 privilegii
1070 1484 1374 1529 quinquennalis³
1399 1484 1583 1528 magistris
1608 1491 1641 1516 et
1667 1484 1881 1525 scolaribus,
1905 1485 2064 1517 Parisius

198 1553 234 1585 in
257 1551 423 1585 facultate
449 1551 633 1596 theologie
661 1551 907 1592 studentibus,
930 1563 947 1583 a
976 1551 1062 1583 sede
1086 1551 1283 1596 apostolica
1307 1551 1493 1590 concessi,
1522 1551 1581 1595 qui
1608 1551 1751 1595 quidem
1779 1550 1889 1583 abbas
1910 1558 1942 1583 et
1967 1551 2065 1583 deca-

198 1630 267 1651 nus
283 1618 327 1651 ad
344 1618 472 1650 dictam
491 1618 811 1662 congregationem
830 1618 971 1650 fuerant
988 1618 1124 1651 evocati
1146 1617 1190 1650 ad
1206 1618 1426 1650 audiendum
1444 1618 1707 1650 correctionem
1726 1624 1759 1650 et
1777 1618 2063 1650 emendationem

200 1696 437 1730 processuum
459 1696 498 1716 ac
522 1684 734 1725 litterarum,
757 1696 775 1716 a
802 1684 897 1716 dicto
920 1684 1112 1729 privilegio
1137 1684 1430 1724 emanandarum,
1460 1691 1493 1716 et
1517 1684 1604 1716 alias
1631 1696 1694 1728 per
1722 1684 1849 1716 dictam
1881 1684 2068 1716 Universi-

198 1758 302 1784 tatem
328 1763 439 1796 super
461 1750 528 1783 hoc
555 1751 759 1783 ordinatum
781 1751 824 1783 ad
845 1751 982 1783 abusus
1010 1751 1229 1784 evitandum.
1253 1750 1394 1794 Quibus
1416 1751 1468 1783 eis
1495 1751 1670 1795 expositis
1701 1763 1765 1795 per
1790 1751 1923 1783 dictum
1953 1757 2068 1783 recto-

199 1830 288 1859 rem,
310 1817 491 1862 petitaque
515 1818 757 1862 responsione
782 1829 893 1862 super
916 1818 1069 1858 eisdem,
1095 1818 1367 1862 responderunt
1391 1818 1427 1849 in
1449 1817 1544 1850 hunc
1573 1817 1733 1855 modum,
1756 1824 1790 1850 et
1811 1817 1926 1861 primo
1951 1817 2068 1849 dictus

197 1885 306 1917 frater
333 1884 546 1916 Franssicus
574 1896 612 1916 ac
646 1884 817 1928 magister
841 1885 969 1916 Petrus
1000 1884 1044 1916 de
1075 1884 1299 1929 Lupi—Saltu,
1326 1884 1422 1929 quod
1458 1883 1619 1916 sciebant
1653 1873 1694 1916 et·
1713 1883 1909 1916 credebant
1940 1884 2066 1916 dictam

199 1950 478 1983 Universitatem
510 1956 577 1982 tam
612 1956 734 1982 sancte
764 1962 803 1982 ac
829 1951 928 1994 juste
960 1950 1197 1991 deliberasse,
1230 1951 1327 1995 quod
1362 1950 1559 1982 deliberata
1590 1957 1622 1982 et
1654 1951 1815 1982 ordinata
1846 1962 1910 1994 per
1940 1951 2067 1982 dictam

201 2016 480 2049 Universitatem
504 2016 556 2048 eis
579 2015 780 2060 placebant,
804 2023 839 2049 et,
858 2016 918 2048 illa
943 2017 1053 2061 parati
1076 2023 1177 2049 erant
1197 2017 1382 2049 custodire
1406 2029 1470 2061 pro
1492 2028 1618 2061 posse;
1643 2023 1675 2049 et
1700 2016 1797 2061 quod
1819 2016 1936 2049 dictus
1959 2016 2069 2048 abbas

201 2094 327 2114 omnes
349 2081 485 2114 abusus
507 2088 542 2115 et
565 2081 742 2115 abusores
765 2082 874 2115 vellet
894 2083 1073 2127 extirpare
1098 2089 1132 2115 et
1160 2083 1305 2124 evitare,
1333 2090 1502 2127 quantum
1534 2090 1669 2127 posset.
1693 2084 1819 2115 Postea
1842 2095 1927 2115 vero
1951 2083 2069 2115 dictus

202 2148 374 2193 magister
400 2149 541 2188 Petrus,
573 2148 732 2181 decanus
762 2149 880 2181 Sancti
914 2149 1090 2190 Marcelli,
1120 2161 1230 2194 super
1257 2150 1337 2182 istis
1368 2149 1494 2182 eodem
1527 2149 1634 2181 modo
1663 2149 1865 2194 respondit,
1888 2149 1978 2181 sicut
2010 2149 2069 2181 alii

202 2214 373 2260 predicti,
399 2221 430 2247 et
454 2214 551 2259 quod
573 2214 707 2247 bonum
729 2226 953 2247 assessorem
976 2215 1130 2248 habebat
1155 2222 1189 2248 et
1214 2217 1366 2260 justum,
1392 2222 1424 2247 ut
1449 2215 1519 2248 sibi
1540 2215 1742 2256 videbatur,
1768 2215 1938 2248 videlicet
1958 2215 2070 2260 magi-

203 2287 315 2314 strum
347 2281 553 2314 Guidonem
587 2280 705 2322 Fabri,
730 2281 791 2325 qui
822 2293 886 2326 pro
917 2281 1010 2314 bona
1038 2294 1193 2326 persona
1220 2282 1263 2314 ab
1293 2281 1463 2314 omnibus
1495 2282 1738 2326 reputabatur.
1768 2282 1956 2315 Ordinatio
1982 2294 2069 2314 vero

203 2347 458 2380 Universitatis
480 2354 534 2380 est
556 2347 637 2388 ista,
660 2347 756 2392 quod
778 2347 838 2380 illa
862 2347 1022 2380 clausula
1045 2360 1114 2392 que
1136 2348 1283 2392 ponitur
1303 2348 1339 2380 in
1362 2347 1597 2393 processibus
1617 2360 1623 2380 :
1647 2362 1662 2379 a
1687 2348 1815 2381 Citetis
1841 2360 1967 2380 omnes
1987 2348 2069 2380 illos

204 2419 237 2446 et
258 2413 351 2453 illas,
378 2427 394 2443 »
426 2413 571 2446 tollatur
593 2420 627 2446 et
656 2421 808 2458 ponatur
833 2421 954 2446 certus
981 2427 1155 2447 numerus
1178 2427 1429 2459 personarum,
1451 2414 1512 2458 qui
1534 2426 1606 2446 non
1629 2415 1857 2447 transcendat
1880 2426 2067 2446 numerum

203 2486 283 2512 octo
308 2491 557 2524 personarum,
575 2487 610 2513 et
633 2480 886 2513 nominentur‘
911 2493 1079 2525 persone.
1098 2502 1141 2505 —
1158 2482 1258 2522 ltcm,
1278 2481 1374 2525 quod
1392 2481 1556 2513 volentes
1580 2481 1630 2513 uti
1652 2481 1844 2525 privilegio
1869 2481 2071 2525 quinquen-

204 2545 275 2578 nali
296 2553 527 2590 compareant
542 2558 620 2578 cum
645 2546 771 2578 cedula
794 2547 956 2591 magistri
977 2547 1046 2587 sui,
1065 2547 1101 2579 in
1124 2548 1306 2592 presentia
1327 2547 1505 2579 facultatis
1528 2547 1710 2592 theologie
1733 2559 1795 2579 scu
1820 2548 2069 2591 deputatorum

205 2611 247 2644 ab
272 2611 410 2653 eadem,
437 2612 479 2644 ad
510 2612 611 2657 ipsos
639 2613 904 2645 informandum
928 2613 972 2645 de
994 2613 1198 2646 scolaritate
1221 2625 1301 2653 sua,
1327 2614 1387 2658 qui
1407 2613 1595 2656 jurabunt,
1618 2625 1656 2645 sc
1678 2625 1749 2644 non
1772 2613 1822 2645 uti
1846 2613 1941 2645 dicto
1963 2613 2072 2657 privi-

206 2677 315 2722 legio,
339 2678 410 2710 nisi
432 2690 496 2723 per
516 2679 677 2723 quinque
701 2691 816 2712 annos
838 2679 1020 2720 duntaxat,
1040 2680 1075 2712 in
1097 2680 1218 2712 studio
1240 2680 1436 2712 residendo
1462 2687 1496 2712 et
1519 2680 1554 2711 in
1577 2679 1668 2712 dicta
1691 2679 1856 2711 facultate
1879 2678 2071 2712 studendo.

206 2750 241 2776 et
260 2743 376 2776 solum
399 2744 435 2776 in
457 2744 590 2777 debitis
611 2745 871 2777 beneficiorum
895 2757 1057 2787 suorum,
1077 2746 1276 2778 secundum
1300 2747 1448 2778 sormam
1472 2746 1558 2778 dicti
1581 2745 1774 2790 privilegii.
1792 2766 1835 2768 —
1852 2746 1954 2783 Item,
1977 2744 2073 2788 quod

206 2809 430 2854 comparebit
449 2817 547 2843 actor
571 2811 684 2856 prima
707 2811 778 2852 die,
810 2824 928 2844 coram
948 2812 1086 2856 judice,
1114 2819 1237 2845 contra
1263 2824 1362 2844 reum
1388 2812 1546 2852 citatum,
1574 2818 1607 2843 et
1629 2823 1701 2843 non
1727 2823 1790 2855 per
1813 2817 2009 2843 caventem.
2035 2811 2073 2841 1⁴11

207 2875 375 2908 decetero
401 2883 548 2909 utentur
567 2878 679 2910 forma
706 2878 887 2910 citationis
911 2878 955 2910 de
977 2890 1070 2911 novo
1099 2879 1279 2918 ordinate;
1309 2885 1340 2911 et
1365 2878 1462 2922 quod
1488 2889 1614 2909 omnes
1644 2888 1851 2921 processus,
1875 2875 2072 2908 secundum

330 2936 378 2953 Η*
397 2935 492 2958 Chare.
516 2935 592 2959 Um'r.
612 2935 706 2959 Paris.
725 2936 770 2958 ΠΙ.
1921 2933 1950 2955 10
