2488 3386
456 320 518 352 110
1024 330 1351 352 GHARTULARIUM
1387 330 1577 351 umvsns.
1615 329 1743 351 PARls.
2220 317 2320 354 [1364

452 409 578 436 essent
598 403 908 444 excommunicati,
927 415 1007 436 cum
1030 415 1092 448 par
1107 403 1165 436 vel
1187 404 1299 448 major
1315 403 1512 448 prohibitio
1529 403 1576 436 sit
1596 402 1777 435 audiendo
1797 402 2011 435 medicinam
2029 403 2123 435 sicut
2142 402 2317 448 legendo;

450 469 550 513 quod
572 469 694 502 nullus
712 469 859 502 diceret.
879 471 1033 514 Insuper
1050 470 1229 510 dixerunt⁷
1249 470 1346 514 quod
1366 469 1453 502 alias
1476 476 1546 502 tota
1566 469 1716 502 facultas
1733 480 1858 501 eorum
1880 468 2099 501 unanimiter
2114 468 2182 502 hoc
2199 469 2318 502 decre—

449 542 563 568 verat.
587 536 627 568 In
648 535 713 568 hac
732 542 848 568 autem
871 536 1156 581 congregatione
1182 542 1217 569 et
1241 535 1504 568 deliberatione
1529 536 1676 567 fuerunt
1700 546 1830 580 magne
1851 534 2085 568 discretionis
2106 541 2142 568 et
2166 535 2320 568 circum-

449 602 654 646 spectionis
676 602 755 642 viri,
778 602 941 647 magistri
970 602 1164 643 Hebertus,
1190 602 1348 634 decanus
1376 601 1619 646 supradictus⁷
1641 601 1825 634 Johannes
1848 601 1892 634 de
1918 602 2114 646 Fresneyo,
2135 595 2318 635 Johan'nes

448 668 560 709 Galli,
588 668 744 701 Thomas
767 668 811 701 de
833 668 974 709 Mallo¹‚
1000 675 1124 701 cantor
1145 668 1375 709 Parisiensis5
1394 667 1550 700 Thomas
1572 668 1616 700 de
1641 667 1773 709 Chesa,
1793 667 1958 713 magistri
1979 674 2014 701 et
2034 668 2203 701 doctores
2224 668 2318 701 dicte

451 734 643 775 facultatis7
666 734 899 779 presentibus
919 735 962 767 ad
982 734 1048 767 hec
1065 734 1335 768 venerabilibus
1357 741 1392 767 et
1412 734 1580 767 discretis
1600 734 1702 775 viris,
1720 734 1905 779 magistris
1925 736 2031 768 Petro
2052 735 2096 767 de
2117 734 2316 771 Montibus„

452 801 660 845 supradicto
683 801 819 833 decano
845 801 882 833 in
913 801 1101 842 medicina,
1135 801 1293 834 Roberto
1324 801 1368 833 de
1395 801 1597 845 Almagnia‚
1627 801 1801 845 magistro
1831 801 1868 833 in
1899 801 2092 843 medicina,
2121 801 2318 835 Guillelmo

448 852 612 911 Anglicij
632 867 815 900 licentiato
837 867 874 899 in
894 867 1084 908 medicina,
1104 879 1255 912 quorum
1279 867 1397 900 dictus
1418 867 1752 912 magisterPetrus,
1772 867 1918 900 nomine
1938 867 2118 901 facultatis
2139 868 2318 901 medicine

448 939 487 966 >et
507 945 571 977 pro
593 945 645 974 ea,
670 933 773 978 petiit
792 946 809 966 a
831 945 900 974 me,
924 934 1062 966 notario
1084 933 1230 978 publico
1252 933 1482 978 infrascripto
1500 940 1534 966 et
1555 933 1716 978 presenti
1738 933 1886 975 ibidem,
1905 946 2015 966 unum
2038 934 2316 967 instrumentum

449 999 542 1032 fieri.
2160 991 2162 993 Ι

539 1066 774 1098 Postmodum
796 1066 970 1111 predictis
991 1066 1174 1112 magistris
1195 1072 1229 1099 et
1250 1065 1462 1098 doctoribus
1482 1065 1610 1099 levatis
1632 1073 1666 1099 et
1693 1066 1910 1100 exeuntibus
1933 1067 2067 1100 dictum
2090 1073 2316 1113 parqu'etum,

450 1132 636 1176 predictus
652 1133 825 1177 magister
842 1132 1023 1165 Hebertus
1040 1133 1197 1166 decanus
1215 1133 1308 1165 dicte
1329 1133 1508 1166 facultatis
1530 1133 1759 1166 decretorum
1781 1134 1824 1166 ad
1846 1140 2051 1178 requestam
2072 1134 2316 1179 predictorum

450 1199 576 1231 decani
598 1199 634 1231 in
655 1199 834 1231 medicina
855 1205 890 1231 et
909 1199 1074 1244 magistri
1095 1198 1244 1232 Roberti
1268 1199 1421 1244 predicti
1443 1199 1594 1244 protulit
1614 1206 1650 1232 et
1669 1199 1759 1233 dixit
1779 1199 2077 1233 deliberationem
2106 1201 2316 1246 predictam,

448 1265 617 1298 videlicet
638 1265 736 1309 quod
756 1265 962 1298 licentiatus
983 1266 1019 1298 in
1038 1266 1229 1307 medicina,
1253 1272 1377 1310 postea
1399 1266 1514 1299 sactus
1536 1266 1721 1307 sacerdos,
1745 1273 1865 1311 potest
1893 1267 2055 1312 incipere
2082 1267 2119 1300 in
2140 1267 2318 1301 medicina

449 1337 484 1363 et
505 1331 684 1364 doctorari
706 1343 744 1364 ac
765 1332 882 1364 facere
904 1332 1023 1364 omnia
1049 1344 1118 1376 que
1145 1332 1188 1365 ad
1218 1332 1319 1364 illum
1347 1339 1462 1365 actum
1495 1333 1678 1377 pertinent
1708 1345 1773 1377 pro
1801 1333 1860 1366 illa
1891 1333 1963 1374 die,
1989 1346 2063 1366 non
2089 1333 2318 1368 obstantibus

448 1398 605 1438 statutis,
628 1401 735 1442 prout
761 1398 931 1443 superius
953 1405 1008 1431 est
1036 1410 1260 1443 expressum.
1290 1399 1405 1443 Super
1427 1411 1497 1443 quo
1520 1399 1673 1444 predicti
1694 1399 1859 1444 magistri
1880 1400 1917 1432 in
1937 1400 2115 1433 medicina
2137 1401 2320 1446 petierunt

447 1476 466 1496 a
494 1476 550 1496 me
577 1464 717 1496 notario
746 1464 953 1509 subscripto
982 1464 1081 1509 publ.
1113 1465 1392 1498 instrumentum
1421 1465 1511 1498 fieri.
1540 1467 1626 1498 Acta
1657 1466 1804 1499 suerunt
1832 1466 1899 1499 hec
1929 1467 2090 1500 Parisius
2120 1467 2188 1500 sub
2209 1479 2316 1508 anno,

449 1530 522 1571 die,
548 1529 641 1571 loco7
666 1542 804 1571 mense,
827 1530 1027 1563 indictione
1055 1538 1090 1563 et
1117 1531 1327 1576 pontificatu
1349 1531 1535 1576 predictis⁷
1559 1532 1793 1577 presentibus
1817 1532 1935 1577 quoad
1963 1533 2262 1567 deliberationem
2283 1541 2319 1567 et

449 1596 686 1641 prolationem
710 1597 920 1630 servandam
951 1597 1104 1642 predicti
1132 1598 1295 1642 magistri
1326 1597 1473 1631 Heberti
1495 1599 1621 1631 decani
1648 1598 1827 1632 facultatis
1848 1599 2076 1632 decretorum
2099 1601 2318 1645 proferentis

448 1662 576 1695 iterato
598 1662 897 1696 deliberationem
920 1664 1082 1708 predicte
1103 1664 1280 1697 facultatis
1302 1665 1409 1697 modo
1432 1672 1465 1698 et
1486 1666 1612 1706 forma,
1632 1665 1766 1710 quibus
1786 1666 1993 1699 immediate
2014 1673 2070 1700 est
2089 1679 2315 1712 expressum,

447 1728 720 1762 venerabilibus
746 1736 781 1762 et
808 1730 977 1763 discretis
1006 1730 1094 1763 viris
1122 1742 1215 1775 mag.
1242 1731 1405 1764 Johanne
1434 1732 1600 1773 Gastelli⁷
1624 1744 1718 1777 mag.
1741 1732 1778 1770 in
1802 1732 1954 1774 artibus7
1977 1733 2141 1766 Johanne
2165 1733 2210 1767 de
2230 1733 2340 1767 Dul:

448 1795 541 1840 leyo,
566 1795 705 1828 scolare
727 1796 853 1837 Paris,
880 1797 1041 1829 Laudun.
1067 1803 1100 1829 et
1121 1797 1286 1830 Ambian.
1310 1798 1419 1839 dioc„
1442 1798 1597 1831 testibus
1625 1799 1668 1831 ad
1697 1799 1875 1844 premissa
1894 1799 2031 1833 vocatis
2056 1800 2264 1845 specialiter
2283 1807 2319 1834 et
2347 1815 2349 1817 ·

448 1861 598 1906 rogatis.

540 1929 583 1960 Et
608 1940 676 1973 ego
698 1928 918 1962 Guillelmus
939 1929 1132 1971 Lamberti7
1156 1930 1311 1963 clericus
1332 1930 1545 1976 Rothomag.
1569 1932 1680 1973 dioc„
1702 1931 1871 1977 publicus
1901 1932 2079 1978 imperiali
2106 1933 2317 1966 auctoritate

451 1994 626 2036 notarius7
647 2000 711 2028 etc.

545 2079 621 2102 Arch.
638 2082 692 2102 nat.
706 2079 790 2103 Paris.
805 2080 864 2103 MM.
881 2081 934 2109 266,
948 2089 974 2111 p.
991 2081 1044 2104 166.
1061 2095 1085 2098 —
1106 2082 1242 2110 Jourdain,
1259 2086 1288 2104 n⁰
1300 2083 1354 2112 693,
1369 2083 1414 2105 sed
1427 2091 1557 2106 mancum.

543 2151 566 2173 1.
583 2150 603 2173 Ι.
620 2158 642 2173 e.
659 2150 691 2173 de
708 2151 821 2174 Maalou.

456 2249 577 2286 1291
589 2278 596 2286 .
625 2259 736 2284 Urbano
758 2259 937 2295 Vsupplicat
956 2260 1107 2295 Amedeus,
1126 2270 1217 2287 comes
1235 2262 1413 2297 Sabandiae,
1435 2271 1487 2298 pro
1502 2265 1596 2297 fratre
1615 2263 1744 2289 Iohanne
1762 2264 1893 2298 Romani,
1915 2263 1980 2290 ord.
1999 2264 2116 2290 Eremit.
2136 2265 2161 2291 S.
2176 2265 2261 2299 Aug„
2279 2263 2319 2290 ad

543 2308 681 2333 Oxoniam
698 2307 852 2336 destinato.
868 2312 897 2334 1ιί
913 2313 1012 2334 contra
1025 2310 1245 2345 prohibitionem
1260 2311 1405 2345 generalis
1422 2312 1450 2337 in
1467 2312 1665 2338 vacationibus
1683 2312 1806 2338 Parisiis
1823 2313 1986 2338 Sententias
2001 2312 2094 2348 legere
2106 2314 2209 2349 possit.

1760 2388 1834 2418 1364,
1849 2388 1982 2415 Februarii
1995 2389 2032 2414 17.

543 2457 728 2502 Supplicat
743 2459 921 2491 sanctitati
938 2466 1058 2492 vestre
1080 2460 1232 2493 devotus
1249 2461 1347 2494 filius
1363 2469 1485 2495 vester
1500 2463 1685 2495 Amedeus
1706 2475 1829 2495 6011165
1847 2462 2037 2502 Sabaudie,
2056 2463 2226 2507 quatinus
2247 2462 2318 2495 sibi

451 2523 488 2555 in
516 2535 706 2568 personam
734 2524 855 2557 dilecti
882 2526 951 2566 sui,
973 2526 1093 2559 fratris
1122 2527 1296 2560 Johannis
1325 2529 1475 2561 Romani
1503 2529 1590 2562 Ord.
1619 2529 1698 2562 frat.
1732 2530 1903 2562 Heremit.
1931 2530 1966 2562 S.
1995 2530 2104 2574 Aug„
2131 2529 2317 2574 provincie

453 2590 601 2622 Francie
623 2597 658 2622 et
684 2598 884 2624 conventus
914 2591 1140 2638 Rothomag„
1169 2594 1362 2638 specialem
1389 2595 1537 2640 gratiam
1569 2596 1755 2637 facientes,
1783 2608 1863 2628 cum
1891 2608 1934 2628 ex
1961 2596 2175 2628 diffinitione
2201 2595 2317 2628 ultimi

451 2655 608 2700 Capituli
625 2656 807 2701 generalis
825 2657 908 2690 dieti
927 2658 1033 2690 Ord.¹
1053 2659 1245 2703 deputatus
1265 2661 1375 2693 fuerit
1394 2661 1488 2694 idem
1510 2662 1620 2695 frater
1635 2662 1679 2694 ad
1699 2662 1895 2707 legendum
1912 2662 2117 2695 Sententias
2133 2662 2170 2694 in
2185 2661 2317 2707 Anglia

451 2721 488 2753 in
511 2722 753 2755 Universitate
782 2723 979 2757 Exoniensi
1000 2725 1085 2768 (sic),
1111 2732 1146 2758 et
1165 2725 1260 2758 idem
1281 2727 1390 2759 frater
1410 2728 1615 2772 nequiverit
1634 2740 1714 2761 cum
1733 2728 1883 2761 sanitate
1904 2728 1962 2761 sui
1982 2728 2146 2773 corporis
2166 2728 2204 2760 in
2224 2728 2317 2762 dicta

451 2794 545 2820 terra
567 2789 794 2831 commorari,
817 2802 936 2834 ymmo
958 2790 1002 2823 de
1022 2791 1176 2824 consilio
1199 2793 1434 2835 medicorum,
1460 2806 1524 2838 pro
1547 2794 1633 2827 dicti
1660 2794 1717 2827 sui
1737 2794 1903 2839 corporis
1924 2794 2075 2827 sanitate
2102 2793 2146 2827 ab
2166 2793 2317 2827 infirmi*-

452 2860 522 2887 tate
543 2866 648 2899 quam
676 2854 811 2888 ibidem
839 2856 1040 2901 patiebatur
1061 2859 1308 2903 recuperanda
1335 2866 1370 2892 et
1397 2861 1586 2902 servanda2
1614 2861 1818 2906 oportuerit
1844 2872 1925 2894 eum
1952 2861 1997 2894 ad
2025 2867 2146 2906 partes
2174 2860 2318 2894 Franci-
