2488 3386
445 321 488 353 48
1023 327 1340 349 CHARTULARIUM
1376 326 1561 348 UNIVERS.
1599 326 1726 347 Panis.
2214 311 2311 348 [1357

446 416 544 444 num,
577 403 637 448 qui
667 402 843 435 haberent
877 407 1089 447 potestatem
1121 399 1338 433 terminandi
1372 399 1498 432 decani
1531 399 1669 444 brigam
1700 410 1763 431 seu
1795 398 2028 439 discordiam,
2057 403 2093 430 et
2120 397 2312 430 ordinandi

447 482 556 515 snper
576 469 650 509 illa,
672 481 745 502 non
771 468 999 501 obstantibus
1026 467 1168 500 statutis
1189 466 1246 499 vel
1272 465 1615 506 consuetudinibus,
1646 466 1676 498 si
1703 477 1771 510 qua
1798 464 1856 498 vel
1884 477 1953 510 que
1982 470 2108 497 essent
2134 463 2313 497 contraria

445 536 502 570 vel
523 536 701 569 contrarie
723 547 869 580 quoquo
892 535 1011 575 modo,
1040 534 1125 578 [qui]
1151 533 1329 566 electores
1351 539 1502 577 possent
1525 532 1663 577 eligere
1684 532 1859 564 decanum
1882 531 1949 564 ista
1969 531 2060 572 vice,
2089 537 2124 563 et
2144 530 2312 563 ordinare

444 603 489 635 de
512 603 619 635 modo
641 602 802 646 eligendi
823 602 940 646 ipsum
963 601 999 633 in
1030 601 1202 640 futurum,
1226 606 1259 632 et
1281 599 1386 632 etiam
1409 599 1453 632 de
1474 599 1582 631 modo
1609 598 1769 643 eligendi
1796 598 2059 631 examinatores
2084 597 2121 630 in
2147 597 2311 642 ejusdem

444 669 624 708 facultate,
647 669 746 701 sineL
767 667 834 700 hoc
856 667 953 712 quod
975 667 1068 699 dicta
1094 673 1223 699 statuta
1249 665 1307 699 vel
1334 665 1562 698 consuetudo
1592 665 1735 710 possint
1762 665 1799 697 in
1824 671 2009 710 posterum
2037 670 2161 697 contra
2186 675 2310 696 eorum

444 735 709 768 ordinationem
731 734 893 779 allegari,
917 734 947 766 si
970 740 1005 766 et
1024 733 1061 765 in
1083 739 1252 777 quantum
1275 738 1398 765 contra
1419 731 1499 764 illas
1520 731 1577 764 vel
1599 731 1659 764 illa
1680 731 1903 765 ordinarent.

533 801 588 834 Ad
613 801 710 845 quod
736 800 976 833 ordinandum
1009 806 1042 832 et
1069 799 1272 831 faciendum
1302 799 1447 831 suerunt
1472 798 1628 830 ordinati
1658 804 1693 830 et
1718 797 1824 830 electi
1847 797 2077 831 venerabiles
2103 804 2138 830 et
2165 797 2313 830 discreti

442 868 511 901 viri
532 867 694 912 magistri
717 866 901 899 Ebrardus
923 866 967 898 de
988 865 1115 899 Conti⁵
1133 871 1168 897 et
1187 864 1387 898 Guibertus
1409 864 1453 897 de
1475 864 1634 905 Celseto,
1657 864 1821 909 magistri
1837 864 1874 896 in
1895 863 2020 896 eadem
2041 863 2208 896 facultate
2228 870 2314 896 tunc

443 940 626 979 regentes,
654 933 915 978 protestatione
944 939 1062 964 tamen
1093 931 1194 976 prius
1223 931 1312 963 facta
1343 937 1379 963 et
1407 931 1565 963 admissa
1595 942 1612 963 a
1646 929 1810 975 partibus
1845 929 2053 975 utrobique,
2082 930 2180 975 quod
2220 930 2314 963 dicta

442 999 572 1032 electio
594 1000 747 1032 duorum
769 999 966 1031 electorum
985 997 1123 1030 ratione
1140 997 1301 1042 paritatis
1322 1009 1395 1029 non
1417 996 1661 1041 prejudicaret
1680 996 1787 1029 alicui
1809 997 1962 1041 partium
1985 996 2230 1041 predictarum
2246 1008 2313 1030 nec

442 1066 548 1099 alicui
569 1067 630 1110 jus
657 1071 826 1110 quereret
847 1064 905 1097 vel
935 1064 1115 1109 quesitum
1142 1069 1377 1096 conservaret
1402 1063 1531 1108 quovis
1558 1063 1679 1095 modo.
1703 1064 1746 1095 Et
1771 1063 1850 1095 data
1875 1063 1942 1096 suit
1967 1063 2020 1095 eis
2041 1069 2202 1108 potestas
2222 1069 2314 1096 trac—-

441 1132 539 1165 tandi
561 1138 594 1164 et
622 1131 814 1164 ordinandi
842 1130 885 1163 de
914 1130 1096 1162 discordia
1123 1129 1199 1162 sive
1230 1129 1334 1174 briga
1359 1129 1592 1174 supradictis,
1621 1129 1715 1162 sicut
1742 1129 1913 1174 superius
1941 1135 1997 1162 est
2022 1141 2255 1174 expressum3
2278 1136 2314 1163 et

442 1198 687 1243 promiserunt
708 1208 834 1229 omnes
851 1203 886 1229 et
906 1195 1044 1241 singuli
1066 1196 1228 1241 magistri
1248 1202 1444 1228 memorate
1461 1195 1639 1228 facultatis
1663 1202 1746 1228 tunc
1768 1202 1973 1240 presentes,
1991 1207 2145 1240 quorum
2167 1196 2312 1229 nomina

442 1264 594 1296 inferius
615 1269 700 1296 sunt
719 1263 864 1308 scripta,
888 1274 952 1307 per
973 1274 1098 1294 eorum
1115 1263 1319 1306 juramenta
1341 1261 1412 1294 fide
1433 1261 1541 1294 michi
1565 1261 1712 1306 publico
1734 1262 1876 1294 notario
1898 1262 2128 1307 infrascripto
2150 1262 2312 1308 legitime

441 1330 628 1375 stipulanti
662 1341 726 1375 per
760 1341 823 1362 eos
862 1341 973 1373 super
1004 1328 1072 1361 hoc
1099 1328 1226 1361 tradita
1257 1328 1451 1373 corporali,
1483 1328 1613 1361 dictam
1644 1328 1911 1361 ordinationem
1943 1328 2122 1362 dictorum
2158 1329 2313 1362 duorum

440 1396 695 1441 magistrorum
718 1407 829 1440 super
850 1395 1040 1440 premissis
1060 1395 1258 1427 faciendam
1277 1401 1413 1435 tenere,
1432 1394 1631 1439 adimplere
1653 1395 1809 1439 integre,
1828 1394 1980 1428 firmiter
2000 1401 2035 1428 et
2054 1394 2313 1428 inviolabiliter

441 1469 617 1507 perpetuo
648 1461 842 1495 observare
869 1462 948 1494 sine
976 1461 1219 1506 oppositione,
1251 1461 1552 1500 contradictione,
1583 1461 1812 1506 expositione
1839 1467 1874 1494 et
1902 1461 2130 1495 cavillatione
2160 1461 2313 1507 quibus-

440 1540 595 1573 cunque.

532 1596 573 1627 Et
593 1606 661 1640 ego
683 1594 881 1627 Gervasius
906 1593 1116 1635 Christiani,
1138 1600 1217 1627 actu
1239 1606 1373 1638 regens
1395 1594 1431 1626 in
1454 1594 1577 1627 eadem
1601 1594 1787 1635 facultate,
1809 1594 1973 1627 notarius
1995 1594 2179 1639 publicus,
2201 1605 2312 1640 super

441 1661 631 1706 premissis
666 1661 864 1705 requisitus
893 1660 1052 1705 quidem,
1075 1660 1112 1693 in
1139 1672 1245 1693 manu
1272 1660 1496 1693 venerabilis
1524 1667 1559 1693 et
1594 1660 1743 1693 discreti
1770 1660 1838 1694 viri
1864 1661 2030 1705 magistri
2060 1660 2237 1694 Johannis
2267 1660 2311 1694 de

441 1728 620 1761 Couciaco
642 1734 726 1760 tunc
753 1727 934 1772 presentis
963 1733 998 1759 et
1025 1726 1180 1759 officium
1210 1727 1337 1760 decani
1366 1727 1461 1760 dicte
1486 1727 1666 1760 facultatis
1692 1733 1860 1772 tanquam
1888 1727 2071 1772 antiquior
2093 1727 2309 1769 exercentis,

440 1800 577 1834 tenere,
604 1793 802 1838 adimplere
828 1800 861 1825 et
891 1793 994 1825 etiam
1026 1793 1234 1834 observare,
1266 1800 1373 1838 prout
1401 1794 1585 1838 superiuS,
1616 1794 1780 1838 promisi.
1815 1794 1931 1839 Super
1960 1782 2093 1839 quibus
2120 1794 2311 1839 premissis

441 1859 610 1893 omnibus
632 1866 667 1892 et
687 1859 844 1904 singulis
865 1871 883 1892 a
905 1871 959 1892 me
981 1859 1126 1904 publico
1148 1860 1287 1892 notario
1305 1860 1536 1904 infrascripto
1554 1860 1738 1905 publicum
1757 1860 1906 1905 petitum
1928 1860 1996 1893 fuit
2015 1860 2308 1894 instrumentum.

441 1927 528 1959 Acta
548 1927 695 1959 fuerunt
709 1925 775 1958 hec
796 1926 969 1965 Parisius,
993 1926 1087 1959 sicut
1107 1933 1140 1959 et
1162 1926 1223 1958 ubi
1243 1938 1364 1971 supra,
1384 1926 1618 1971 presentibus
1639 1927 1683 1959 ad
1704 1926 1770 1960 hec
1791 1926 2064 1960 venerabilibus
2085 1933 2121 1960 et
2140 1927 2311 1960 discretis

441 1992 530 2026 viris
551 1992 735 2037 magistris
755 1992 917 2025 Johanne
939 1992 982 2024 de
1008 1992 1200 2033 Couciaco,
1223 1993 1335 2025 Adam
1364 1993 1408 2025 de
1435 1993 1672 2033 Francovilla,
1703 1993 1959 2026 Bartholomeo
1990 1993 2180 2035 Bonnefi‘,
2203 1994 2309 2027 Petro
2353 1990 2357 1993 ’

442 2059 533 2103 Lupi
555 2058 598 2091 de
622 2058 822 2099 Montibus,
848 2058 1030 2091 Johanne⁷
1056 2059 1099 2091 de
1125 2059 1376 2096 Autisiodoro,
1403 2059 1590 2100 Ebra[r]do
1616 2060 1660 2092 de
1688 2060 1795 2093 Conti
1823 2060 2001 2105 predicto,
2028 2066 2063 2093 et
2089 2059 2238 2093 Nicolao
2265 2059 2309 2093 de

442 2125 662 2166 Savoneriis,
690 2124 844 2157 testibus
872 2125 915 2157 ad
946 2125 1122 2170 premissa
1148 2126 1285 2158 vocatis
1316 2126 1524 2170 specialiter
1549 2133 1582 2159 et
1610 2127 1761 2172 rogatis,
1790 2138 1860 2159 una
1890 2138 1970 2159 cum
1998 2126 2182 2171 magistris
2206 2126 2309 2160 Guil-

441 2190 550 2224 lelmo
574 2190 741 2228 Osberi⁸,
766 2191 954 2223 Dominico
983 2191 1026 2223 de
1053 2191 1257 2229 Clavaxio⁰,
1282 2192 1444 2225 Arnoldo
1467 2193 1510 2225 de
1536 2192 1695 2238 Capella,
1717 2192 1881 2226 Johanne
1910 2193 1954 2226 de
1976 2193 2105 2226 Sancto
2122 2193 2306 2234 Trudone,

442 2258 596 2302 Hugone
617 2257 849 2298 Tenouilleti,
872 2257 1074 2290 Guillermo
1097 2258 1140 2290 de
1162 2259 1314 2291 Boseo¹⁰
1336 2265 1371 2291 et
1391 2259 1533 2292 Matheo
1556 2259 1731 2292 Ricoul¹¹.

530 2324 608 2368 Ego
646 2323 844 2357 Gervasius
879 2323 1088 2364 Christiani,
1125 2324 1281 2358 clericus
1319 2326 1531 2370 Bajocensis
1567 2326 1726 2359 diocesis
1765 2326 1984 2366 antedictus,
2020 2325 2118 2358 Sacri
2157 2325 2308 2358 Romani

441 2390 587 2433 Imperii
609 2389 818 2422 auctoritate
839 2389 1007 2434 publicus
1028 2391 1203 2431 notarius,
1222 2392 1412 2436 premissis
1435 2392 1605 2425 omnibus
1627 2399 1661 2425 et
1682 2392 1839 2437 singulis
1860 2392 1944 2425 dum
1967 2391 2019 2425 sic
2039 2397 2248 2437 agerentur,
2270 2397 2310 2424 ut

441 2456 634 2500 prefertur,
656 2468 725 2488 una
747 2468 824 2488 cum
844 2457 897 2488 eis
919 2457 1179 2501 prenominatis
1196 2458 1350 2490 testibus
1372 2470 1525 2502 presens
1546 2459 1597 2491 sui
1618 2471 1732 2503 eaque
1754 2459 1806 2492 sic
1827 2458 1906 2491 fieri
1925 2458 2000 2492 vidi
2021 2464 2057 2491 et
2075 2457 2196 2491 audivi
2217 2464 2253 2490 et
2269 2457 2307 2490 in

439 2521 530 2554 hanc
558 2522 708 2554 formam
740 2521 917 2566 publicam
950 2523 1090 2568 redegi,
1118 2523 1271 2568 aliisque
1302 2525 1460 2569 negotiis
1487 2532 1684 2570 occupatus
1709 2537 1773 2570 per
1798 2524 1907 2557 alium
1934 2523 2045 2558 scribi
2071 2524 2153 2564 feci,
2175 2523 2306 2569 hicque

441 2599 574 2620 nomen
599 2599 717 2620 meum
744 2588 873 2632 scripsi
896 2600 934 2620 ac
962 2589 1066 2621 etiam
1088 2589 1232 2634 signum
1260 2602 1377 2622 meum
1407 2591 1443 2623 in
1471 2591 1718 2623 testimonium
1747 2591 2010 2636 premissorum
2035 2589 2119 2622 huic
2144 2589 2306 2634 presenti

441 2653 587 2698 publico
608 2654 850 2686 instrumento
871 2655 1024 2699 apposui
1046 2663 1272 2696 consuetum,
1292 2663 1496 2701 rogatus...

532 2742 609 2765 Arch.
626 2745 679 2765 nat.
695 2742 779 2766 Paris.
797 2743 856 2765 MM.
876 2743 929 2771 266,
947 2752 974 2774 p.
993 2744 1046 2766 163.

534 2822 555 2844 1.
575 2822 594 2844 Ι.
612 2829 634 2844 e.
660 2822 803 2845 secundum
825 2822 993 2846 indictionem
1018 2823 1161 2852 Rodanum,
1185 2833 1250 2855 quae
1272 2825 1301 2847 24
1320 2826 1452 2856 Septemb.
1470 2826 1623 2857 incipiebat,
1644 2835 1695 2849 non
1717 2826 1747 2849 ‘25
1770 2826 1890 2849 Decemb.
1909 2826 1950 2849 vel
1967 2825 1979 2848 1
2000 2825 2129 2854 Januarii,
2148 2828 2176 2848 ut
2197 2823 2304 2847 indictio

439 2865 568 2891 Romana.
584 2873 650 2896 quae
665 2874 712 2896 per
729 2869 812 2889 totum
830 2874 873 2890 an.
895 2867 955 2890 1357
970 2870 1026 2890 erat
1044 2867 1153 2891 decima.
1171 2868 1314 2892 Indictione
1329 2869 1434 2893 Bcdnna
1454 2870 1596 2893 utebantur
1611 2870 1636 2893 in
1656 2870 1729 2893 curia
1751 2870 1844 2898 Paris..
1863 2873 1889 2893 et
1902 2869 1929 2892 in
1946 2870 2016 2892 Actis
2034 2869 2114 2900 capit.
2137 2868 2221 2892 Paris.
2244 2868 2301 2896 (LL.
