2508 3372
489 308 585 329 XXXII
1264 305 1557 328 INTRODUCTIO.

489 383 517 408 et
536 382 606 408 olim
626 382 822 416 prosequitur,
839 389 929 415 quam
945 381 1088 408 verissime
1112 381 1276 410 scriberem.
1298 389 1358 407 non
1380 381 1461 414 quod
1484 380 1574 406 michi
1596 381 1647 406 aut
1668 379 1822 412 ingenium
1844 380 1895 405 aut
1916 379 2011 413 maj01·
2031 379 2182 412 rariorque
2196 379 2258 405 aliis
2278 379 2346 405 insit

490 440 634 470 facundia,
648 441 696 466 sed
711 440 791 473 quod
804 440 859 465 hiis
871 439 944 465 dum
957 441 1113 472 agerentur
1129 446 1202 473 pene
1217 447 1329 472 semper
1343 438 1472 467 interfui,
1493 440 1527 464 ut
1546 445 1606 463 non
1622 437 1720 463 audita
1736 438 1853 463 tantum
1871 437 1919 463 sed
1934 437 1991 463 visa
2010 437 2132 463 scribere
2147 437 2236 463 michi
2250 437 2344 467 liceat.

489 497 550 522 aliis
564 498 637 524 forte
652 506 710 524 non
733 497 782 523 ita.
806 498 894 523 Batus
915 505 1034 530 quoque
1053 505 1129 526 sum,
1145 497 1175 522 in
1191 497 1246 523 hoc
1261 505 1309 523 me
1324 497 1391 523 fidei
1405 504 1437 522 ac
1456 496 1509 529 ipsi
1524 495 1717 524 Universitati.
1733 495 1780 521 cui
1804 496 1902 520 totum
1925 502 1973 520 me
1994 494 2094 523 debeo.
2117 502 2178 520 non
2201 494 2346 521 inutiliter

489 555 618 588 obsequi,
632 555 653 581 si
669 563 784 581 causam
800 555 875 581 hanc
890 555 921 580 in
936 562 964 581 se
978 554 1138 580 maximam
1153 556 1181 581 et
1195 561 1292 580 coram
1309 554 1364 579 illis
1378 554 1493 579 duobus
1507 553 1613 579 mundi
1630 552 1793 578 luminibus
1807 552 1842 578 ab
1857 552 2058 578 eruditissimis
2072 552 2138 578 viris
2152 552 2301 585 agitatam,
2317 554 2345 579 et

489 620 546 646 que
556 613 618 646 jam
633 614 695 639 toto
710 613 890 639 circonsonat
902 612 981 641 orbe,
995 612 1201 645 indescriptam
1214 612 1291 638 abire
1307 619 1495 645 nequaquam
1511 611 1678 644 permisero.
1696 610 1757 636 Non
1772 611 1806 636 ut
1821 610 1899 643 apud
1914 610 1984 636 alios
1997 610 2057 636 ulla
2077 610 2124 636 hic
2145 618 2226 636 arma
2240 612 2345 636 sonant

490 678 551 699 nec.
568 672 602 696 ut
617 670 688 696 lirici
703 671 788 696 verbo
803 672 879 699 utar.
898 680 911 694 «
927 670 1001 696 lituo
1023 670 1093 696 tube
1114 670 1276 703 permixtus
1298 669 1409 695 sonitus
1431 667 1546 702 strepit¹
1565 678 1590 698 ν,
1608 668 1688 694 nulla
1710 668 1758 694 hic
1778 667 1914 694 menium
1928 668 2119 701 oppugnatio.
2135 675 2195 694 non
2209 668 2346 694 arietibus
2365 675 2369 678 ·

488 728 592 754 obrute
607 730 711 758 turres,
727 735 786 754 non
809 728 889 754 mille
910 728 1012 754 mortis
1036 728 1190 761 generibus
1214 729 1300 753 strata
1324 727 1409 752 humi
1433 734 1561 760 corpora.
1579 726 1680 752 Fateor
1696 726 1748 752 hee
1762 725 1859 759 primo
1873 727 1990 759 aspectu
2005 725 2150 752 horrenda
2167 725 2259 759 magis
2275 733 2343 755 esse,

487 785 592 812 idcirco
607 786 702 812 forsan
717 786 769 819 qui
784 786 893 819 majora
909 786 961 812 hec
971 785 1082 819 judicet
1097 785 1239 818 scribique
1254 784 1400 818 digniora:
1417 786 1459 810 ast
1474 784 1620 817 profunde
1634 785 1662 810 et
1684 783 1719 810 de
1740 783 1875 817 proximo
1892 783 1914 809 si
1930 783 2080 813 intuearis,
2096 783 2211 817 gravius
2228 783 2275 810 hic
2288 783 2343 810 ali-

487 843 559 877 quid
574 843 679 869 visibus
698 844 755 869 tuis
774 845 914 873 occurret,
929 844 1040 877 quanto
1055 843 1178 869 atrocior
1192 843 1409 876 immaniorquc
1426 843 1467 868 est
1482 842 1590 868 invasio
1605 841 1753 874 religionis
1773 848 1863 875 quam
1879 841 2010 871 urbium,
2027 842 2055 867 et
2075 841 2199 868 deterior
2212 841 2268 868 vite
2283 841 2343 875 spi-

487 901 599 927 ritualis
615 909 704 935 quam
719 901 884 934 temporalis
902 901 1020 934 ereptio.
1038 901 1174 926 Nostrum
1189 901 1244 926 hoc
1259 900 1370 926 bellum
1384 900 1508 926 exterius
1523 900 1712 926 incruentum
1725 900 1777 928 est,
1792 899 1840 925 sed
1853 899 1975 925 interius
1987 899 2161 925 discriminis
2173 907 2205 926 ac
2217 899 2344 926 vulneris

486 959 627 985 multum.
645 959 703 985 Hiis
722 959 799 985 bono
814 959 903 992 igitur
918 958 1017 985 animo
1032 958 1250 984 sublimioribus
1265 957 1388 990 ingeniis
1403 957 1477 983 bella
1491 959 1526 983 ut
1541 957 1667 983 scribant
1685 957 1799 990 linquo,
1816 956 1906 983 michi
1927 957 1974 983 cui
1995 964 2048 983 nec
2070 957 2179 990 ingenii
2200 964 2253 991 par
2271 964 2343 984 vena

485 1018 526 1043 est
542 1024 594 1042 nec
608 1016 733 1042 exercitii
748 1016 945 1046 tantumdem,
962 1016 1027 1041 satis
1039 1017 1080 1042 est
1095 1016 1175 1041 hunc
1191 1015 1257 1041 fidei
1271 1015 1527 1048 Universitatisque
1543 1014 1734 1048 triumphum
1750 1014 1962 1048 qualicumque
1976 1014 2041 1041 stilo
2056 1014 2086 1040 in
2101 1016 2238 1048 apertum
2253 1015 2342 1041 dedu-

485 1081 556 1104 cere,
573 1074 612 1099 ita
627 1075 661 1099 ut
676 1074 801 1107 hystorie
816 1074 897 1099 nulla
913 1074 947 1099 sit
959 1073 1085 1099 violatio.
1100 1073 1238 1106 Quamvis
1252 1073 1283 1098 in
1298 1072 1480 1098 orationibus
1495 1080 1527 1099 ea
1542 1080 1600 1106 que
1614 1073 1689 1099 dicta
1712 1074 1781 1099 sunt
1804 1074 1855 1098 aut
1878 1080 1932 1106 pro
1946 1072 2067 1099 materia
2088 1072 2145 1099 dici
2168 1074 2341 1106 potuerunt.

485 1132 555 1157 meis
567 1132 718 1158 edisseram
733 1131 836 1161 verbis.
850 1131 992 1164 quoniam
1007 1131 1171 1157 alienorum
1187 1138 1239 1157 nec
1254 1130 1415 1157 recordatio
1434 1130 1523 1156 facilis
1538 1138 1591 1157 nec
1611 1130 1705 1157 brevis
1726 1132 1797 1156 esset
1818 1130 1961 1164 repetitio.
1978 1130 2010 1156 Id
2028 1138 2095 1157 vero
2110 1130 2191 1164 quod
2210 1130 2342 1164 specula-

484 1189 572 1215 tivam
587 1189 681 1222 tangit
702 1189 807 1218 solum,
823 1190 857 1214 ut
874 1189 963 1222 vulgo
983 1188 1101 1218 dicitur,
1123 1188 1153 1214 in
1174 1188 1298 1214 transitu
1320 1188 1418 1222 eloqui
1443 1188 1627 1222 propositum
1643 1190 1694 1218 est,
1711 1196 1744 1215 eo
1764 1189 1844 1222 quod
1868 1190 1999 1215 tractatus
2014 1189 2068 1215 hac
2089 1196 2176 1222 super
2197 1196 2228 1215 re
2247 1188 2344 1215 editus

483 1246 550 1275 estss,
565 1248 630 1276 etc.,
644 1248 673 1272 et
687 1246 711 1272 ei
727 1246 923 1272 Universitatis
937 1246 1065 1279 sigillum
1080 1246 1111 1272 in
1125 1246 1342 1279 approbationis
1358 1247 1459 1272 notam
1475 1254 1654 1280 appensum;
1672 1246 1725 1280 qui
1739 1247 1879 1272 tractatus
1900 1246 2033 1280 loquitur
2048 1245 2244 1281 sen[ten]tiose
2257 1246 2342 1280 equi-

481 1304 548 1330 dem
563 1306 651 1337 atque
666 1304 777 1337 copiose
792 1304 997 1336 theologorum
1012 1311 1044 1330 ac
1059 1303 1240 1337 prelatorum
1262 1303 1293 1329 in
1315 1303 1559 1330 determinatione
1573 1304 1641 1330 fidei
1657 1305 1840 1338 potestatem.
1857 1304 2114 1330 rationabilitatem
2135 1304 2256 1338 insuper
2274 1311 2341 1331 sen-

481 1420 591 1445 Thome
603 1419 748 1445 autentica
763 1427 821 1446 esse
835 1421 994 1448 censeatur,
1011 1426 1085 1452 opus
1099 1419 1179 1445 haud
1192 1419 1280 1446 dubie
1294 1409 1460 1453 preclarum
1475 1422 1504 1446 et
1520 1420 1634 1453 magnis
1648 1419 1757 1453 ingenii
1773 1420 1882 1446 viribus
1898 1427 1931 1446 ex
1946 1420 2123 1453 scriptorum
2145 1420 2342 1454 penetralibus

481 1479 611 1504 erutum.

568 1535 735 1561 Reclamant
750 1537 879 1561 attamen
894 1537 922 1561 et
937 1535 972 1560 ab
987 1535 1103 1569 incepto
1118 1535 1233 1568 magnis
1248 1543 1380 1562 revocare
1392 1535 1508 1561 vocibus
1522 1535 1701 1561 obnituntur
1716 1535 1785 1561 hinc
1800 1536 1925 1569 professe
1939 1535 2091 1569 discipline
2106 1535 2226 1561 alterius
2245 1535 2340 1562 inter-

481 1593 623 1618 mittenda
637 1593 797 1626 occupatio,
811 1593 880 1619 hinc
897 1593 1106 1623 inexcercitata,
1124 1593 1204 1619 rudis
1218 1600 1250 1619 ac
1263 1593 1389 1619 invalida
1411 1593 1554 1619 scribendi
1576 1593 1728 1623 industria,
1745 1593 1815 1619 hinc
1829 1595 1976 1627 postremo
1991 1593 2183 1620 conflandum
2199 1593 2290 1620 michi
2304 1593 2341 1620 ab

480 1649 659 1676 adversariis⁴
674 1650 840 1677 immortale
854 1650 966 1680 odium,
981 1651 1168 1684 reprehensio
1183 1652 1282 1677 autem
1298 1651 1334 1676 ab
1349 1651 1411 1677 aliis
1425 1652 1513 1684 atque
1533 1651 1635 1677 irrisio.
1653 1651 1732 1677 Inter
1747 1651 1799 1677 hec
1813 1651 1995 1685 aliquamdiu
2012 1651 2166 1677 fluctuavit
2184 1651 2215 1677 in
2230 1651 2341 1678 diversa

480 1708 606 1736 animus,
629 1708 702 1733 dum
726 1708 843 1741 publico
866 1708 985 1734 tandem
1007 1708 1088 1742 operi
1110 1708 1264 1742 proprium
1286 1708 1378 1737 cessit,
1396 1709 1544 1742 Lyamque
1568 1710 1655 1742 partu
1676 1709 1831 1735 fecundam
1851 1709 1888 1734 ad
1909 1710 2027 1742 tempus
2043 1709 2097 1743 ipsi
2119 1709 2208 1735 sterili
2223 1709 2339 1738 Rachel,

480 1773 662 1799 quamquam
678 1766 730 1791 hec
744 1765 792 1791 illa
807 1766 954 1792 venustior
974 1766 1174 1800 placidiorque
1195 1768 1275 1796 esset,
1290 1766 1455 1799 preposuit&
1472 1766 1512 1792 ita
1535 1767 1634 1793 tamen
1656 1768 1690 1793 ut
1713 1766 1806 1800 ipsam
1830 1767 1935 1793 Rachel
1957 1766 2005 1792 hie
2018 1766 2170 1793 interdum
2183 1766 2339 1793 admissam

480 1823 605 1856 aspicias.
622 1824 709 1849 Porro
724 1831 785 1849 rem
801 1825 866 1857 apte
881 1824 983 1850 dixisse
997 1824 1126 1857 suspicor
1142 1824 1173 1853 si,
1189 1826 1223 1850 ut
1244 1826 1321 1857 gesta
1343 1826 1394 1854 est,
1411 1832 1585 1857 expressero,
1600 1832 1696 1858 neque
1711 1824 1791 1851 enim
1806 1825 1902 1850 multa
1921 1824 1969 1850 hic
1987 1824 2157 1858 eloquencie
2171 1825 2248 1850 fama
2263 1832 2339 1858 que-

480 1880 564 1910 ritur,
578 1881 666 1906 modo
682 1881 827 1914 intelligar
847 1881 912 1907 satis
929 1883 979 1907 est.
995 1882 1164 1908 Accuratius
1180 1889 1245 1908 vero
1260 1883 1349 1916 atque
1363 1882 1495 1908 ornatius
1510 1882 1643 1916 quisquis
1655 1890 1719 1908 eam
1734 1882 1862 1916 expolire
1876 1882 2001 1908 voluerit
2015 1882 2103 1909 habet
2119 1882 2186 1917 (sol.
2204 1881 2266 1917 195)
2278 1890 2340 1909 nou

480 1946 603 1972 parvum
617 1939 746 1967 initium,
763 1939 879 1965 fidelem
895 1940 1021 1973 hystorie
1036 1940 1195 1966 veritatem.
1214 1940 1323 1966 Odium
1345 1948 1422 1969 vero.
1438 1940 1519 1974 quod
1533 1940 1636 1966 veritas
1657 1940 1768 1973 optima
1792 1941 1886 1966 mater
1904 1948 1920 1966 a
1936 1940 2119 1974 nequissimis
2137 1940 2270 1974 patribus
2288 1942 2340 1967 aut

479 1997 590 2030 peperit
605 1998 656 2022 aut
670 1997 771 2030 pariet,
787 1999 819 2022 ut
834 1999 934 2030 potero
947 2005 1091 2031 spernam.
1106 1998 1141 2023 Et
1153 1998 1295 2031 quoniam
1310 1998 1417 2024 invidie
1432 1998 1479 2024 hic
1493 1998 1573 2024 locus
1592 2005 1653 2024 non
1673 1999 1715 2024 est
1729 2006 1782 2024 nec
1798 1998 1855 2024 tale
1869 1998 1981 2032 aliquid
1997 1998 2028 2024 in
2045 1998 2123 2032 quod
2138 1999 2228 2032 figere
2239 1999 2340 2025 dentes

480 2054 568 2080 ΙίνοΓ6
583 2054 728 2087 dignetur,
743 2055 827 2080 sicuti
842 2055 1041 2088 quorumdam
1056 2056 1223 2089 applausus.
1238 2056 1276 2082 sic
1293 2056 1419 2082 aliorum
1434 2056 1653 2082 subsanationes
1668 2063 1744 2090 equo
1760 2056 1781 2082 si
1798 2056 1906 2090 possim
1924 2056 2024 2082 animo
2037 2056 2176 2086 tolerabo,
2193 2064 2338 2089 magnum

481 2112 589 2138 habens
603 2112 634 2137 in
649 2113 703 2138 hoc
717 2112 822 2138 ducem
838 2112 986 2138 Christum
1000 2113 1130 2143 Jhesnm,
1146 2114 1196 2147 qui
1210 2121 1295 2147 opem
1312 2115 1346 2139 ut
1361 2114 1433 2140 ferat
1445 2121 1562 2140 causam
1578 2121 1660 2140 suam
1676 2113 1774 2147 agenti
1787 2121 1819 2140 ac
1833 2114 1977 2147 loquenti,
1994 2114 2094 2147 suplex
2109 2121 2219 2148 precor.
2235 2114 2270 2140 Et
2284 2114 2339 2141 hae

481 2177 529 2203 spe
544 2170 612 2195 fisus
625 2170 803 2203 inexplorato
818 2170 897 2203 prius
910 2171 983 2196 mari
998 2179 1045 2197 me
1059 2171 1221 2197 committo.

568 2227 729 2253 Parisiensis
741 2228 828 2253 studii
842 2228 1014 2254 Universitas
1029 2230 1062 2254 ut
1074 2229 1186 2262 origine
1199 2229 1277 2262 prior
1290 2229 1327 2255 sic
1343 2229 1432 2262 gloria
1447 2231 1475 2256 et
1490 2229 1632 2263 dignitate
1646 2230 1746 2256 ceteris
1758 2229 1935 2256 eminentior
1947 2237 2060 2263 semper
2072 2230 2137 2255 fuit.
2154 2230 2223 2263 Ejus
2236 2231 2337 2256 ortum

480 2285 600 2319 quidam
616 2293 631 2311 e
645 2286 735 2311 Roma
750 2286 882 2315 trahunt,
900 2286 946 2311 alii
970 2286 1005 2312 ab
1024 2286 1154 2315 Athenis.
1171 2295 1203 2313 ex
1227 2287 1340 2321 Egypto
1353 2286 1436 2322 [alii⁷,
1454 2288 1591 2314 nonnulli
1613 2295 1679 2314 vero
1700 2288 1861 2314 traducunt
1883 2295 1947 2314 eam
1971 2295 1987 2314 a
2011 2288 2169 2321 prophetis,
2193 2288 2298 2321 reliqui
2322 2295 2337 2314 e

574 2409 596 2432 1.
615 2409 727 2436 Horam..
745 2409 802 2438 Od.,
818 2410 838 2432 1.
856 2417 873 2437 ι,
892 2410 930 2433 23.

574 2454 595 2476 2.
615 2454 633 2476 A
651 2454 739 2476 Pmuo
757 2461 791 2476 nr.
807 2455 934 2477 Axrruco
950 2454 1120 2485 compositus.
1137 2455 1194 2478 Vid.
1211 2455 1280 2478 infra
1293 2460 1321 2478 n⁰
1339 2457 1406 2480 1565.

573 2498 595 2520 3.
615 2497 670 2520 vid.
686 2497 754 2520 infra
769 2498 877 2521 n01559.

574 2543 596 2565 ¹4.
615 2542 700 2564 Primo
717 2550 721 2564 :
739 2551 751 2562 «
768 2542 877 2564 adversa
891 2546 964 2573 parte
976 2552 998 2566 ι».
1012 2544 1107 2566 Auctor
1122 2543 1199 2566 uliam
1216 2544 1373 2567 locutionem
1388 2548 1480 2576 postea
1495 2545 1629 2576 praetulit.

573 2588 595 2608 5.
614 2586 662 2608 Per
679 2585 750 2608 Linni
766 2586 954 2617 designabatur
969 2587 1022 2610 vita
1039 2587 1131 2615 activa,
1148 2596 1195 2618 per
1211 2588 1305 2611 Rachel
1321 2589 1374 2612 vita
1385 2589 1598 2620 contemplativa.
1614 2589 1672 2612 Vid.
1690 2589 1715 2613 S.
1729 2590 1850 2618 Tamus,
1861 2589 1989 2618 Summa,
2006 2589 2062 2613 Sec.
2078 2597 2138 2616 sec„
2155 2597 2199 2620 qu.
2211 2589 2264 2617 179,
2278 2597 2302 2613 a.
2314 2589 2338 2612 2.

573 2631 594 2652 6.
616 2630 642 2652 In
659 2630 793 2660 margine:
810 2640 822 2651 α
838 2631 991 2653 metuendus
1008 2631 1086 2654 michi
1100 2632 1206 2655 minime
1219 2642 1241 2659 n,
1258 2633 1408 2656 charactere
1424 2633 1534 2657 minuto.

575 2682 595 2697 J.
614 2674 751 2705 Nunquam
767 2674 832 2697 alias
851 2675 1013 2698 Fniversitas
1030 2676 1111 2699 Paris.
1129 2680 1181 2699 tam
1198 2685 1276 2708 saepe
1291 2678 1399 2708 antiqua
1414 2678 1596 2709 singularique
1613 2678 1735 2709 opinione
1751 2678 1863 2709 gloriata
1879 2681 1931 2707 est;
1947 2678 1999 2702 vid.
2019 2677 2150 2709 imprimis
2168 2686 2194 2709 p.
2211 2678 2264 2705 306,
2282 2678 2336 2709 320,

480 2719 535 2742 399.
550 2718 666 2741 Prudens
682 2721 808 2741 tractatus
826 2722 916 2741 auctor
932 2727 1062 2742 rumorem
1082 2723 1180 2743 tanturn
1195 2723 1283 2750 refert,
1298 2725 1326 2744 ut
1341 2722 1385 2749 ait,
1397 2730 1447 2745 non
1461 2722 1595 2753 imponere
1611 2725 1729 2746 conatur.
1746 2722 1841 2746 Omnes
1861 2726 1947 2745 tamen
1964 2725 2024 2745 tunc
2044 2722 2162 2745 sciebant
2182 2722 2240 2753 quis
2256 2723 2336 2745 Roma

480 2762 594 2785 Parisios
610 2762 725 2785 studium
740 2763 927 2790 transtulisset.
945 2763 1001 2787 scil.
1018 2764 1127 2787 Carolus
1142 2765 1265 2796 Magnus;
1284 2766 1342 2796 quis
1357 2766 1463 2789 Athenis
1482 2767 1591 2790 Romam
1607 2766 1683 2790 nobis
1701 2766 1786 2798 aperit
1800 2767 1886 2790 Suum
1899 2774 1934 2790 DE
1948 2766 2079 2790 CRAMAUD
2095 2774 2100 2789 ·.
2117 2776 2129 2787 «
2145 2766 2230 2789 Julius
2247 2766 2336 2794 Cesar,

482 2817 494 2828 α
511 2807 598 2838 quand
614 2807 632 2829 il
650 2809 693 2829 eut
708 2808 797 2829 amene'
810 2810 874 2830 cette
890 2807 1037 2831 Universite
1053 2809 1189 2832 d'Athbnes
1207 2811 1220 2832 a
1236 2810 1321 2837 Rome.
1340 2810 1359 2833 il
1377 2810 1429 2834 s’en
1445 2811 1526 2834 tenoit
1541 2811 1625 2834 moult
1638 2812 1703 2842 pare
1718 2814 1743 2834 et
1754 2811 1837 2834 moult
1854 2811 1996 2834 volontiers
2012 2811 2144 2834 ensuivoit
2157 2811 2214 2834 leur
2229 2810 2336 2834 conseil-

480 2861 492 2872 «
511 2852 543 2874 Le
559 2859 606 2882 roy
621 2851 820 2882 Charlemagne‚
839 2851 882 2882 qui
898 2852 922 2874 la
938 2860 1028 2874 amena
1042 2853 1072 2875 de
1091 2853 1169 2876 Rome
1185 2855 1199 2875 a
1215 2854 1297 2882 Parisy
1315 2862 1345 2877 ne
1360 2855 1385 2877 la
1398 2855 1543 2886 reputoit-il
1561 2863 1609 2886 pus
1625 2856 1678 2878 l’un
1695 2856 1740 2878 des
1758 2855 1818 2886 plus
1834 2855 1933 2886 grands
1946 2855 2043 2886 joyaux
2060 2855 2091 2878 de
2107 2863 2153 2878 son
2169 2856 2311 2886 royaume?
2323 2864 2336 2876 n
