2488 3386
207 323 303 360 1381]
974 337 1020 358 DE
1058 336 1298 358 scnisnm're.
2005 322 2068 355 583

203 417 238 444 et
265 410 309 443 de
336 410 410 443 illis
433 410 538 444 etiam
566 410 782 456 providendi
809 422 847 442 ac
875 410 1073 442 inducendi
1154 409 1390 442 concedimus
1418 414 1542 441 tenore
1573 407 1793 452 presentium
1822 406 2067 439 facultatem...

203 478 329 510 Datum
352 477 531 510 Avinione
552 477 612 522 viij
635 477 684 510 id.
706 476 818 517 Junii‚
841 489 935 509 anno
958 476 1076 509 tertio.

295 575 357 606 Reg.
374 575 431 599 Vnt.
448 576 528 599 Aven.
541 575 682 599 Clementis
695 575 750 603 VH,
767 574 819 597 vol.
838 574 902 601 XXI,
922 574 966 597 fol.
987 574 1040 597 161.

207 737 346 773 1639.
371 754 386 771 ⁴<
403 746 481 771 Mota
500 745 558 779 fuit
577 753 667 780 nuper
689 744 799 780 questio
816 745 844 770 in
870 744 1057 770 Universilate
1075 744 1169 769 Paris.
1187 747 1235 769 xv*
1255 743 1301 769 die
1321 742 1407 777 lunii,
1427 746 1519 768 utrum
1535 746 1631 769 stante
1651 744 1850 778 controversia,
1870 753 1923 779 que
1938 752 2010 768 nunc
2027 746 2069 768 est

291 795 319 820 in
335 794 456 820 ecclesia
476 794 529 820 Dei
547 793 582 820 de
595 797 717 829 papatu,
741 793 895 819 hereticum
915 793 953 818 sit
977 802 1027 818 seu
1049 793 1253 826 scismaticum,
1277 791 1403 827 aliquem
1425 791 1576 817 electorum
1601 801 1706 826 negare
1730 801 1792 818 esse
1814 801 1932 828 papam.
1955 793 1989 818 Et
2013 792 2069 818 suit

290 851 376 877 super
390 844 445 869 hoc
458 850 564 877 magna
577 843 731 869 doctorum
746 842 896 869 altercatio
912 844 940 868 et
954 842 1148 875 congregatio.
1167 851 1182 867 »

1443 877 1512 906 1381,
1529 877 1596 903 dunis
1612 877 1648 906 15,
1664 877 1781 903 Parisiis.

294 950 331 972 Ex
345 949 474 979 Epistola
493 949 609 973 Consilii
628 950 705 980 pacis
721 949 825 972 Henrici
844 949 876 971 de
895 948 998 977 llassia,
1015 957 1072 979 cap.
1095 949 1132 978 13,
1152 948 1220 972 Bibl.
1237 951 1290 971 nat.
1307 948 1390 971 Paris.
1409 956 1458 971 ms.
1479 948 1525 971 lat.
1545 948 1629 974 14643,
1650 948 1693 971 tol.
1715 948 1780 971 230b.
1803 948 1972 971 Occasionem
1988 956 2069 979 quae-

201 994 293 1017 stionis
309 998 421 1025 quatuor
437 994 605 1017 facultatibus
621 994 809 1017 Universitatis
825 993 979 1024 praestabat
999 1001 1093 1021 sermo,
1114 1001 1190 1024 quem
1211 993 1302 1016 eodem
1321 1001 1373 1021 an.,
1394 993 1455 1016 Maii
1475 993 1514 1022 17,
1530 993 1592 1015 dum
1614 993 1689 1023 Hugo
1708 992 1818 1015 Aubriot
1835 992 2067 1020 condemnabatur,

200 1038 343 1062 Aimericus
359 1038 499 1070 episcopus
517 1038 601 1062 Paris.
618 1046 707 1061 eoram
728 1038 907 1062 Universitate
927 1037 1038 1069 aliisque
1056 1037 1115 1060 fecit
1135 1037 1254 1066 dicendo,
1272 1046 1283 1060 «
1304 1046 1353 1068 que
1371 1040 1429 1060 tous
1450 1037 1524 1060 ceulx
1543 1037 1587 1068 qui
1603 1045 1634 1059 ne
1652 1037 1767 1060 creoient
1787 1045 1836 1068 que
1859 1037 1882 1060 le
1902 1037 2020 1060 cardinal
2037 1037 2068 1060 de

200 1083 316 1107 Genevre
332 1083 459 1113 (Clement
473 1083 528 1112 Vll)
543 1083 596 1106 sust
608 1091 673 1114 vray
691 1091 759 1114 pape
773 1082 885 1106 estoient
899 1082 1004 1105 hereses
1023 1085 1048 1105 et
1063 1082 1266 1113 schismatiques
1283 1091 1304 1105 ».
1323 1082 1381 1105 Vid.
1397 1082 1498 1106 Chron.
1513 1083 1559 1105 des
1574 1085 1677 1112 quatre
1691 1081 1827 1112 premier-5·
1851 1081 1954 1110 Vanis,
1970 1090 1996 1112 p.
2013 1083 2067 1104 295.

200 1128 340 1151 Definitum
356 1131 395 1151 est
411 1137 422 1150 «
439 1136 488 1159 que
505 1136 590 1150 aucun
606 1136 637 1151 ne
650 1128 730 1150 seruit
745 1131 807 1151 tenu
823 1128 837 1150 ίι
855 1127 946 1150 herese
963 1135 994 1150 ne
1010 1128 1024 1149 a
1042 1126 1206 1157 cismatique,
1222 1126 1266 1157 qui
1280 1135 1310 1149 ne
1326 1126 1448 1150 croirroit
1462 1127 1486 1149 le
1501 1135 1569 1157 pape
1585 1127 1703 1149 Clement
1718 1129 1786 1149 estre
1804 1134 1872 1157 pape
1888 1134 1898 1148 n
1916 1126 2010 1156 (ibid.).

207 1293 347 1330 1640.
376 1302 550 1328 Universitas
568 1302 662 1328 Paris.
677 1302 801 1328 Jolzanni
816 1302 955 1337 Rousse',
973 1311 1048 1336 mag.
1066 1302 1094 1328 in
1110 1301 1206 1336 theol„
1225 1302 1364 1327 commisit
1384 1302 1456 1327 viam
1479 1301 1596 1327 Concilii
1615 1301 1759 1335 generalis
1775 1310 1870 1327 coram
1886 1310 1950 1336 rege
1968 1302 2067 1328 Carolo

290 1355 318 1377 et
331 1351 499 1387 proceribus
517 1351 596 1385 regni
610 1351 844 1387 'practicandam.
866 1352 918 1376 Ast
933 1351 1090 1376 Ludovicus
1106 1351 1166 1376 dua:
1181 1350 1389 1385 Andegavens„
1405 1359 1459 1386 per
1478 1350 1640 1376 violentiam
1656 1349 1819 1376 electionem
1843 1350 1949 1376 Urbani
1967 1360 2066 1386 repro-

291 1399 362 1425 bans
378 1404 405 1426 et
420 1400 583 1426 electionem
603 1400 751 1426 Clementis
768 1401 932 1436 approbare
945 1400 1125 1435 compellens,
1145 1400 1250 1425 dictum
1271 1400 1438 1433 magistrum
1455 1400 1482 1425 in
1500 1408 1641 1424 carcerem
1659 1399 1767 1424 includi
1776 1400 1873 1433 jussit.
1894 1400 2067 1425 Universitas

287 1452 440 1485 propterea
456 1457 474 1474 a
488 1448 657 1474 lectionibus
674 1450 802 1475 cessavit.
821 1450 867 1474 Ex
883 1458 937 1484 quo
953 1448 1013 1474 duas
1027 1448 1183 1474 Iohannem
1200 1449 1335 1482 restituit,
1354 1457 1389 1474 ea
1407 1452 1501 1473 tamen
1520 1447 1681 1473 conditione
1698 1451 1727 1473 ut
1748 1448 1880 1482 magistri
1896 1448 1923 1473 in
1939 1450 2067 1482 ficturum

291 1498 426 1524 Clementi
440 1497 640 1531 adhaererent,
657 1497 870 1533 prohibensque
888 1498 1046 1533 quominus,
1071 1497 1123 1523 sub
1138 1506 1234 1533 poena
1255 1497 1463 1531 indignationis
1479 1497 1585 1531 regiae,
1604 1496 1738 1532 deinceps
1754 1496 1900 1522 electionis
1914 1506 2011 1532 papae
2028 1497 2068 1522 wel

290 1546 408 1572 Concilii
418 1546 564 1581 generalis
579 1547 747 1572 mentionem
762 1549 900 1581 facerent.
922 1546 999 1572 Unde
1015 1546 1145 1572 nonnulli
1159 1546 1256 1571 clerici
1270 1550 1296 1571 et
1309 1546 1439 1572 doctores
1455 1555 1516 1571 cum
1532 1554 1605 1578 mag.
1623 1545 1750 1570 Jolzannc
1766 1546 1875 1571 Rousse
1891 1549 2068 1571 recesserunt

293 1596 492 1631 Urbanumque
513 1596 721 1631 quaesiverunt.
748 1597 853 1621 Eorum
879 1604 966 1631 opera
989 1599 1092 1631 postea
1116 1596 1240 1620 Parisiis
1262 1595 1364 1630 palam
1388 1594 1478 1629 fiebat
1500 1594 1578 1620 bulla
1600 1594 1708 1620 Urbani
1736 1596 1772 1620 VI
1788 1595 1827 1619 ad
1851 1595 2064 1620 Uniuersitatem

287 1645 380 1671 Paris.
399 1644 546 1679 directam,
566 1654 648 1679 quae,
668 1645 757 1670 inscio
776 1645 846 1671 duce
860 1644 1067 1679 Andegavensi,
1087 1645 1115 1670 in
1131 1644 1350 1678 congregatione
1371 1644 1567 1669 Universitatis
1583 1643 1710 1675 perlecta
1729 1647 1780 1669 est.
1800 1644 1865 1669 Cum
1885 1644 1988 1669 exinde
2007 1644 2066 1669 dux

287 1695 390 1720 rectori
405 1693 600 1728 insidiaretur,
617 1697 708 1720 rector
723 1693 796 1720 clam
816 1695 934 1720 Romam
950 1694 1075 1728 aufugit.
1091 1693 1161 1719 Inde
1176 1702 1238 1719 eum
1254 1693 1347 1719 secuti
1358 1697 1425 1719 sunt
1438 1697 1538 1719 cantor
1554 1693 1731 1718 Parisiensis
1739 1693 1759 1726 2,
1779 1692 1922 1718 lohannes
1939 1692 2063 1727 Egidii3,

325 1743 341 1748 ..
402 1742 412 1760 ,

287 1743 396 1778 “Inque
416 1763 422 1769 ’
1246 1778 1531 1807 13⁸1,.1um·1·15.1382,
1547 1777 1684 1807 renuant,
1701 1778 1815 1803 Parisiis.

292 1866 393 1890 Chron.
405 1867 445 1889 clu
455 1866 503 1890 rel.
516 1867 549 1890 cle
560 1865 758 1896 &tint-Deum,
771 1866 789 1895 l,
805 1867 843 1895 86,
857 1867 900 1894 88;
915 1867 1015 1890 Chron.
1029 1867 1075 1890 des
1086 1870 1190 1896 quatre
1200 1866 1334 1896 premiers
1348 1865 1450 1894 Valois,
1466 1874 1492 1896 p.
1509 1867 1553 1888 295
1567 1874 1606 1897 sq.
1618 1866 1683 1888 Nota
1695 1866 1725 1888 de
1738 1865 1810 1888 bulla
1819 1865 1919 1888 Urbani
1932 1865 1963 1887 VI
1980 1865 2064 1888 solum

197 1910 223 1933 in
236 1910 338 1934 Chron.
351 1912 390 1934 du
401 1910 450 1934 rel.
467 1910 607 1933 invenitur.
621 1910 671 1933 Sed
685 1910 783 1933 ibidem
797 1910 913 1941 ejusdem
930 1910 1026 1933 mentio
1043 1911 1071 1933 fit
1087 1913 1115 1933 ut
1126 1910 1263 1941 cujusdam
1274 1917 1361 1934 novae
1372 1910 1469 1936 bullae.
1482 1910 1507 1932 in
1519 1918 1570 1941 qua
1581 1910 1713 1938 Urbanus,
1728 1913 1755 1932 ut
1768 1911 1869 1933 Chi-on.
1884 1918 1950 1940 vage
1962 1909 2064 1938 scribit,

197 1962 208 1977 ι
224 1954 395 1978 Universitati
410 1954 493 1978 Paris.
508 1954 594 1985 primo
615 1955 714 1986 gratias
732 1955 829 1984 retulit,
846 1955 965 1978 doctores
981 1958 1006 1978 et
1021 1955 1162 1986 magistros
1179 1963 1286 1978 monens
1302 1958 1326 1978 et
1341 1955 1492 1983 exhortans,
1508 1958 1536 1978 ut
1556 1955 1581 1977 in
1600 1955 1725 1977 fidelitate
1742 1958 1875 1977 manentes
1892 1954 1976 1977 minas
1992 1954 2063 1985 prin-

196 1999 285 2030 cipum
300 2008 350 2022 non
366 1999 495 2029 timerent,
512 2000 557 2022 sed
575 2003 602 2022 ut
617 1999 736 2022 veritatis
753 1999 867 2022 athletae
884 1999 1021 2022 fortissimi
1038 2003 1062 2022 et
1075 2000 1200 2022 ecclesiae
1215 2007 1328 2030 sponsae
1344 1999 1441 2022 Christi
1461 2000 1588 2022 zelatores
1603 2000 1635 2022 ad
1649 1999 1704 2030 ejus
1724 1999 1844 2021 unionem
1862 2002 1886 2021 et
1902 1999 2063 2021 sedationem

194 2044 318 2066 horrendi
333 2044 482 2066 schismatis
498 2044 710 2066 constantissime
725 2044 876 2067 laborarent
892 2052 913 2067 ».
928 2044 1083 2075 Opinamur.
1099 2047 1160 2066 tuuc
1176 2044 1261 2066 solum
1278 2044 1379 2067 Urbani
1395 2044 1427 2066 Vl
1440 2044 1579 2074 epistolam
1593 2052 1634 2066 an.
1653 2044 1722 2072 1378,
1738 2044 1802 2066 Nov.
1820 2044 1857 2072 21,
1877 2043 1987 2066 Parisiis
2002 2051 2063 2073 per-

195 2089 331 2119 vulgatam
348 2097 414 2117 esse,
430 2089 461 2111 de
479 2097 530 2119 qua
545 2096 626 2119 supra
641 2093 669 2110 110
685 2089 753 2117 1615,
770 2088 814 2111 ubi
828 2088 854 2111 in
870 2092 931 2111 uota
946 2088 1111 2119 scripsimus,
1126 2089 1236 2111 latorem
1251 2088 1433 2119 epistolarum,
1449 2089 1629 2119 Raymuudum
1646 2088 1677 2111 de
1696 2088 1794 2119 Capua,
1811 2088 1869 2118 ipso
1886 2091 1959 2117 teste,
1977 2088 2062 2110 solum

195 2132 368 2155 Vintimilium
383 2133 544 2164 pervenisse,
562 2133 672 2164 indeque
687 2141 744 2155 cum
759 2133 839 2155 bullis
855 2133 968 2155 Januam
980 2136 1004 2155 et
1014 2136 1106 2164 postea
1123 2133 1204 2155 Seuas
1221 2141 1356 2155 reversum
1369 2141 1434 2157 esse,
1447 2132 1552 2155 Certum
1566 2136 1614 2160 est,
1630 2132 1768 2163 epistolam
1784 2132 1883 2155 Urbani
1900 2133 1932 2154 ad
1949 2131 2062 2155 Univer-

195 2177 299 2200 sitatem
312 2177 438 2200 directam
452 2177 586 2208 magistris
601 2177 684 2200 Paris.
701 2180 801 2208 postea,
818 2177 938 2208 quamvis
954 2177 1105 2205 truncatim,
1119 2177 1293 2208 per-notuisse,
1311 2180 1340 2199 ut.
1354 2177 1468 2208 probant
1484 2177 1564 2200 mssfi.
1578 2178 1618 2206 Et,
1635 2177 1656 2199 si
1670 2177 1819 2207 conjectura
1833 2185 1884 2198 nou
1898 2176 2062 2204 aberramus,

195 2230 245 2244 non
261 2221 407 2245 invenimus
425 2222 504 2244 aliam
518 2225 700 2252 tempestatem
717 2230 795 2253 quam
812 2222 892 2249 illam,
911 2230 961 2252 qua
976 2222 1109 2244 Johannes
1127 2222 1224 2245 Rousse
1241 2222 1349 2245 Romam
1364 2222 1476 2252 aufugit,
1493 2221 1536 2244 ubi
1550 2222 1581 2244 de
1598 2221 1645 2244 hav
1663 2221 1775 2252 epistola
1793 2221 1888 2243 certior
1905 2222 1987 2243 sactus
2005 2229 2062 2243 eam

194 2266 220 2289 in
236 2266 390 2297 apographo
403 2267 435 2289 ad
448 2266 545 2289 amicos
562 2266 676 2289 Parisios
692 2266 772 2289 misit.
790 2267 837 2289 Pm-
853 2266 901 2288 hoc
916 2266 1071 2296 explicatur,
1085 2274 1131 2288 cur
1149 2266 1174 2288 in
1189 2266 1268 2288 mssa-‘³
1283 2269 1342 2288 nota
1356 2266 1387 2289 dc
1402 2266 1530 2288 latoribus
1544 2266 1671 2296 epistolae
1687 2274 1737 2288 non
1754 2265 1885 2287 invenitur
1896 2265 1958 2293 (vid.
1971 2273 2061 2295 supra,

194 2311 212 2334 l.
228 2312 271 2340 c.),
287 2313 311 2333 et
323 2310 450 2333 sententia
466 2311 491 2333 in
509 2311 610 2334 Chron.
629 2312 667 2334 du
682 2311 731 2334 rel.
750 2311 783 2333 ad
800 2319 890 2333 verum
906 2319 1011 2333 sensum
1026 2310 1115 2333 reduci
1132 2310 1244 2338 videtur,
1257 2310 1318 2341 quia
1333 2319 1383 2332 non
1396 2314 1498 2333 constat
1513 2310 1544 2333 de
1560 2310 1611 2333 alia
1625 2310 1766 2341 posteriori
1783 2310 1855 2332 bulla
1871 2309 1971 2332 Urbani
1986 2309 2017 2331 Vl
2030 2309 2062 2331 ad

194 2355 398 2378 Universitatem
416 2355 500 2378 Paris.
519 2355 627 2378 directa.

287 2400 355 2422 Haec
370 2400 457 2422 omnia
473 2403 615 2422 evenerunt
632 2403 692 2430 post
713 2399 784 2422 Junii
806 2400 843 2424 15,
865 2402 889 2421 et
911 2399 1039 2430 quaedam
1058 2398 1237 2422 verisimiliter
1260 2399 1285 2422 in
1306 2399 1436 2430 principio
1459 2399 1519 2421 anni
1541 2399 1609 2427 1382,
1637 2399 1681 2421 sed
1702 2402 1761 2421 ante
1781 2398 1916 2428 Fcb1·uar.,
1934 2398 1994 2428 quia
2011 2398 2062 2420 dux

193 2444 373 2474 AndegavenS.
388 2447 480 2475 postea
496 2444 591 2467 absens
611 2444 668 2467 suit.
686 2444 744 2467 Yid.
763 2444 886 2467 Journal
903 2445 935 2467 de
952 2444 1023 2467 Jean
1038 2443 1062 2466 le
1075 2444 1167 2471 Fevre,
1182 2452 1231 2474 par
1247 2444 1410 2471 Moranville',
1427 2444 1444 2471 Ι,
1462 2452 1488 2474 p.
1506 2444 1543 2472 18,
1561 2444 1600 2466 20.

286 2528 309 2551 ’1.
330 2528 457 2558 Ruysche,
481 2528 525 2559 qui
545 2528 607 2551 olim
628 2531 656 2551 ut
676 2528 833 2551 Guillelmus
851 2528 881 2550 dc
898 2528 1057 2551 Salvarvilla
1074 2528 1200 2551 Clementi
1216 2528 1261 2550 VII
1279 2527 1407 2550 adhaesit.
1424 2527 1481 2550 Vid.
1503 2528 1618 2550 rotulum
1629 2535 1670 2549 an.
1689 2528 1757 2555 1379,
1775 2535 1800 2557 p.
1821 2526 1881 2554 ‘260;
1898 2526 1942 2548 293
1959 2534 2015 2556 sqq.
2032 2539 2061 2542 ——-

193 2572 215 2595 2.
232 2571 388 2595 Guillelmus
404 2573 435 2595 de
454 2573 621 2600 Salvarvilla,
639 2573 670 2595 de
686 2581 736 2604 quo
752 2582 779 2604 p.
793 2574 846 2600 ⁵290,
864 2576 916 2595 not.
933 2573 953 2600 1,
974 2573 1018 2603 qui
1034 2576 1120 2595 tamen
1142 2581 1183 2596 an.
1201 2573 1270 2601 1:382,
1287 2572 1382 2600 Martii,
1399 2571 1507 2595 Parisiis
1528 2572 1613 2594 adhuc
1634 2572 1795 2599 morabatur,
1818 2574 1909 2602 postea
1926 2573 2011 2593 tamen
2028 2570 2061 2592 ab

192 2616 299 2639 Urbano
315 2617 346 2639 Vt
369 2618 451 2639 sactus
467 2620 506 2639 est
521 2617 721 2640 archidiaconus
739 2617 866 2641 Brabant.
885 2617 911 2639 in
926 2618 987 2639 cccl.
1008 2617 1153 2640 Leodiensi.
1168 2630 1198 2634 —
1213 2618 1234 2640 3.
1252 2617 1383 2639 Johannes
1398 2616 1493 2647 Egidii,
1511 2616 1614 2638 natione
1632 2617 1808 2644 Nol-mannus,
1823 2615 1929 2637 minime
1946 2623 2015 2645 mag.
2034 2614 2059 2636 in

192 2660 272 2683 theol.
286 2660 343 2688 fuit,
358 2664 385 2683 ut
402 2661 504 2685 Chron.
521 2662 559 2684 du
572 2662 622 2684 rel.
638 2661 741 2690 asserit,
757 2661 802 2684 sed
817 2661 953 2692 utriusque
967 2661 1195 2690 110‹·101·(Ma1·sili0
1211 2661 1242 2683 de
1258 2661 1366 2691 Iughen‚
1379 2661 1447 2683 iufra
1462 2665 1491 2682 n⁰
1504 2661 1571 2688 1648,
1588 2668 1638 2682 non
1654 2660 1865 2688 contradicente),
1883 2662 1911 2681 ut
1926 2661 2037 2689 apparot
2048 2666 2060 2680 e

195 2704 354 2729 Theoderici
366 2707 399 2728 de
416 2705 495 2729 Ntem
511 2707 543 2728 de
558 2706 711 2730 schismate
726 2706 791 2730 libri
810 2710 873 2734 tres,
891 2706 931 2729 ed.
948 2706 1031 2734 Erler,
1046 2714 1072 2736 p.
1089 2706 1143 2734 281,
1160 2709 1184 2728 et
1199 2714 1211 2728 e
1228 2706 1290 2736 Reg.
1305 2705 1408 2736 Oblig.;
1423 2707 1534 2728 sortasse
1549 2705 1581 2727 ad
1599 2705 1748 2727 facultatem
1765 2705 1860 2727 decret.
1874 2702 2059 2727 Universitatis

191 2752 252 2772 tunc
274 2749 431 2780 pertinebat.
449 2750 571 2773 Urbanus
592 2750 624 2772 w
647 2758 706 2773 eum
722 2754 781 2773 ante
797 2758 839 2773 an.
861 2751 920 2772 1388
943 2750 1003 2773 fecit
1018 2750 1199 2781 praepositum
1218 2750 1280 2772 eccl.
1302 2749 1447 2779 Leodiuns„
1467 2749 1642 2780 capellanum,
1661 2749 1807 2771 auditorem
1828 2748 1878 2770 litt.
1895 2747 2058 2774 contradict„

192 2793 311 2816 nuntium
329 2793 391 2822 (vid.
405 2794 480 2816 Areh.
498 2794 565 2823 Vat.,
580 2802 645 2817 arm.
660 2796 698 2823 33,
715 2799 743 2817 n⁰
755 2795 792 2822 12,
809 2796 825 2818 f.
843 2794 898 2823 791³,
913 2795 945 2817 ad
965 2795 1027 2817 10¹¹¹¹¹
1043 2803 1084 2817 an.
1100 2794 1220 2823 Urbani),
1236 2802 1279 2816 an.
1299 2794 1366 2822 1405,
1383 2794 1443 2817 Jun.
1463 2794 1500 2822 12,
1519 2794 1552 2816 ab
1565 2793 1714 2816 Innocentio
1730 2793 1775 2815 Vll
1794 2795 1895 2815 cremus
1912 2795 1950 2814 ost
1976 2791 2057 2815 card..

191 2838 251 2862 Jun.
276 2839 305 2860 ’19
326 2838 366 2861 tit.
388 2839 435 2862 SS.
455 2838 564 2862 cosmae
588 2842 613 2862 et
637 2839 756 2862 Damian.
774 2839 871 2870 recepit
895 2839 981 2868 (At-ch.
1001 2840 1058 2862 Yat.
1080 2839 1167 2869 Oblig.
1190 2842 1218 2861 „0
1236 2840 1273 2867 57,
1290 2839 1313 2861 '12
1333 2840 1380 2868 84),
1398 2842 1423 2861 et
1444 2841 1552 2861 vocatur
1574 2838 1717 2860 cardinalis
1741 2836 1900 2860 Leodiensis.
1917 2836 1970 2858 Sub
1996 2836 2058 2858 Gre-

191 2882 265 2913 gorio
281 2883 325 2905 XII
342 2882 429 2911 etiam,
446 2891 487 2906 an.
507 2883 575 2913 1408,
593 2883 704 2914 aufugit.
721 2897 748 2900 —
760 2884 782 2906 4.
800 2883 905 2906 Minime
925 2887 1011 2906 tamen
1028 2892 1118 2906 omncs
1136 2884 1245 2906 Romam
1263 2883 1373 2914 profecti
1394 2886 1463 2911 suut,
1484 2886 1511 2905 ut
1528 2883 1630 2906 Chron.
1653 2883 1693 2906 clu
1712 2882 1761 2905 rel.
1786 2880 1927 2903 contendit.
1945 2880 2056 2907 Quidam
