2488 3386
181 329 276 366 1357]
595 340 641 362 ΑΒ
676 339 782 361 Anno
817 338 948 360 MCCCL
982 337 1112 365 USQUE
1149 337 1196 358 An
1227 337 1491 359 ni-:Nssmcruu
1528 338 1617 359 x111.
2001 329 2041 361 47

178 416 246 440 Bihl.
263 415 340 439 Univ.
357 415 440 439 Paris.
457 423 506 440 ms.
522 414 556 437 n¹¹
571 414 675 437 126-127
691 415 889 436 conservantur.
906 425 937 429 -
954 413 977 434 ³.
990 412 1038 434 Ms.
1050 410 1210 434 «Laurentio
1222 420 1245 434 ».
1261 411 1353 434 Postea
1366 418 1370 433 :
1385 420 1395 433 «
1407 411 1539 433 Darnaldo
1557 419 1578 433 ν.
1596 424 1626 428 —
1636 412 1659 434 9.
1678 411 1724 434 Ms.
1737 412 1832 434 addit«
1845 413 1879 435 du
1898 413 2007 443 Saulsuy
2021 422 2043 441 ι),

178 460 223 483 sed
239 459 293 483 vid.
309 463 363 483 not.
380 460 402 482 7.
420 473 446 476 —
462 459 499 484 10.
520 459 566 482 MS.
586 458 646 481 add.
665 466 670 480 ·.
689 466 700 480 (ι
719 456 811 488 quovis
830 466 852 479 u.
875 469 899 473 —
919 456 956 478 11.
975 456 1051 478 Seu«
1070 456 1209 485 Pougnnnt.
1227 463 1249 483 »‚
1268 454 1293 477 in
1313 454 1453 483 Chartul„
1471 455 1503 483 ll,
1521 456 1575 478 606.
1594 456 1648 478 (5:38.
1664 469 1694 472 —
1716 455 1756 478 12.
1773 456 1830 486 lpse
1854 460 1879 479 et
1901 457 2045 479 medicinae

178 512 247 535 mag.
265 506 329 527 erat.
344 503 400 526 Vid.
415 503 447 526 ad
464 511 506 526 an.
525 503 596 532 1362,
613 502 738 525 Novemb.
758 500 797 524 26.
813 501 871 524 Jam
890 500 916 523 in
936 499 1072 528 Chastia„
1088 499 1121 528 11,
1135 500 1189 522 638.

183 669 322 706 1235.
346 677 483 703 Facultas
499 676 666 710 medicinae,
684 676 804 702 suborta
817 675 867 701 lite
883 676 957 701 inter
972 676 1103 700 nationes
1121 674 1303 708 Gallicorum,
1321 674 1509 699 Picardorum
1527 678 1554 699 et
1570 675 1794 699 Normannorum
1809 674 1934 709 ejusdem
1950 675 2045 708 facul-

267 727 345 759 tatis,
363 726 399 752 de
414 725 496 752 modo
512 725 637 760 eligendi
651 725 790 751 decanum
807 728 834 750 et
849 724 1063 750 e.raminatores
1079 723 1241 757 facultatis,
1261 723 1341 757 eligit
1354 722 1425 748 duos
1442 722 1595 756 magistros
1611 722 1651 747 ad
1665 722 1870 748 stabiliendum
1887 723 2006 748 modum.

1334 799 1413 827 1357,
1429 798 1573 824 Novembris
1588 799 1632 827 25.
1649 799 1760 824 Parisiis.

268 883 307 914 In
338 881 484 914 nomine
516 880 673 913 Domini.
706 879 891 912 Presentis
924 878 1059 923 publici
1090 878 1322 911 instrumenti
1354 878 1484 910 seriem
1515 878 1735 922 inspecturis
1763 878 1902 910 cunctis
1932 885 2047 922 pateat

179 948 378 988 evidenter,
402 947 499 992 quod
520 959 614 980 anno
635 959 653 979 a
678 946 868 979 Nativitate
896 945 1059 990 ejusdem
1083 945 1226 977 Domini
1255 944 1448 977 millesimo
1471 944 1717 976 tricentesimo
1744 944 2047 988 quinquagesimo

180 1014 348 1059 septimo,
371 1013 570 1046 indictione
592 1013 781 1046 undecima
803 1012 1003 1045 secundum
1027 1023 1163 1044 morem
1187 1011 1371 1051 Francie¹,
1395 1010 1531 1043 mensis
1554 1010 1770 1043 Novembris
1797 1010 1854 1042 die
1878 1011 2047 1043 vicesima

179 1081 316 1125 quinta7
338 1080 570 1125 pontificatus
599 1079 818 1112 sanctissimi
844 1079 880 1111 in
906 1078 1052 1112 Christo
1079 1078 1191 1123 patris
1212 1090 1251 1110 ac
1272 1078 1409 1110 domini
1432 1077 1547 1110 nostri
1570 1077 1707 1109 domini
1730 1077 1906 1109 lnocentii
1928 1077 2048 1110 divina

181 1147 408 1192 providentia
429 1158 519 1191 pape
537 1146 628 1179 sexti
645 1158 738 1178 anno
760 1146 901 1190 quinto,
922 1144 1151 1178 venerabiles
1173 1151 1207 1177 et
1227 1144 1376 1177 discreti
1396 1144 1463 1177 viri
1486 1144 1649 1189 magistri
1669 1144 1847 1176 facultatis
1869 1144 2048 1176 medicine

179 1213 397 1246 Parisiensis
426 1213 543 1245 vocati
574 1224 637 1257 per
666 1212 841 1245 bidelluin
868 1213 1041 1256 juratum,
1073 1218 1112 1244 ut
1140 1211 1253 1244 moris
1284 1217 1350 1251 est,
1379 1223 1418 1243 ac
1449 1211 1554 1243 etiam
1583 1211 1795 1255 congregati
1824 1211 1984 1243 Parisius
2011 1211 2048 1242 in

180 1280 299 1313 Sancti
321 1279 491 1312 Maturini
513 1279 670 1324 capitulo
693 1279 778 1311 dicti
800 1278 870 1311 loci
892 1278 928 1310 in
949 1278 1235 1322 congregatione
1260 1277 1451 1318 facultatis,
1476 1284 1514 1310 ut
1535 1277 1716 1314 dicebant,
1738 1277 1781 1309 ad
1808 1277 2046 1309 ordinandum

179 1357 290 1391 super
310 1345 462 1390 quadam
485 1345 667 1378 discordia
689 1345 824 1377 dudum
847 1351 940 1376 mota
962 1344 998 1376 iu
1020 1344 1112 1376 dicta
1138 1343 1305 1376 facultate
1333 1344 1427 1376 inter
1453 1344 1620 1376 nationes
1647 1343 1877 1375 Picardorum
1905 1350 1937 1375 et
1960 1345 2050 1376 Nor—

181 1423 391 1445 mannorum
422 1423 465 1444 ex
497 1423 566 1444 una
595 1418 708 1456 parte,
741 1417 776 1443 et
806 1411 987 1443 nationem
1023 1410 1244 1443 Gallicorum
1285 1422 1327 1442 ex
1357 1410 1468 1442 altera
1505 1422 1616 1454 super
1648 1410 1826 1442 electione
1862 1410 1987 1442 decani
2016 1417 2051 1442 et

179 1478 462 1512 examinatorum
493 1477 656 1522 ejusdem
688 1477 903 1515 facultatis’,
939 1488 982 1509 ex
1014 1488 1056 1509 eo
1087 1476 1185 1521 quod
1216 1476 1311 1508 dicte
1346 1477 1511 1508 nationes
1546 1476 1778 1509 Picardorum
1812 1483 1846 1508 et
1876 1478 2050 1508 Norman-

180 1557 307 1578 norum
344 1544 556 1577 asserebant
595 1543 692 1588 quod
730 1543 889 1576 decanus
926 1550 959 1576 et
1000 1543 1264 1575 examinatores
1302 1543 1473 1575 antedicti
1515 1543 1694 1575 debebant
1735 1543 1812 1575 fieri
1851 1543 2049 1576 secundum

178 1612 328 1644 formam
356 1617 571 1644 statutorum
598 1610 857 1655 inscriptorum
885 1610 921 1642 in
947 1609 1041 1642 libro
1068 1609 1248 1642 facultatis
1277 1616 1474 1642 memorate
1501 1616 1535 1642 et
1557 1611 1775 1654 juratorum,
1804 1616 1840 1642 ut
1870 1609 2049 1650 dicebant,

178 1677 350 1711 videlicet
379 1677 477 1722 quod
502 1677 662 1709 decanus
690 1676 846 1709 debebat
873 1676 960 1721 eligi
987 1688 1051 1720 per
1074 1683 1228 1720 quatuor
1249 1676 1417 1720 juniores
1446 1676 1641 1720 magistros
1667 1683 1822 1720 quatuor
1849 1676 2049 1717 nationum,

180 1744 319 1777 scilicet
353 1743 591 1784 Gallicorum,
627 1743 874 1783 Picardorum,
916 1744 1205 1775 Normannorum
1237 1749 1272 1775 et
1303 1742 1556 1787 Anglicorum,
1591 1749 1780 1787 presentes
1815 1743 1872 1775 die
1901 1749 1933 1775 et
1965 1742 2051 1775 hora

180 1810 388 1855 hujusmodi
417 1809 608 1843 electionis
639 1809 870 1850 celebrande,
901 1809 932 1842 si
963 1809 1006 1841 de
1037 1816 1191 1854 quatuor
1221 1809 1327 1842 dictis
1358 1809 1567 1842 nationibus
1598 1816 1722 1842 essent
1743 1810 1930 1854 supposita
1959 1810 2050 1842 dicta

179 1876 287 1917 hora3
307 1883 342 1909 et
361 1876 392 1909 si
413 1876 472 1909 die
493 1883 527 1909 et
547 1875 635 1908 hora
656 1876 876 1920 supradictis
894 1875 930 1907 in
948 1887 1017 1908 una
1033 1875 1276 1920 predictarum
1294 1876 1478 1908 nationum
1497 1876 1727 1921 suppositum
1750 1888 1822 1908 non
1844 1876 2051 1916 haberetur,

180 1949 254 1976 tres
273 1943 333 1976 alii
355 1943 399 1975 de
421 1942 537 1976 tribus
559 1942 768 1975 nationibus
796 1942 960 1987 magistri
987 1948 1153 1987 poterant
1179 1942 1316 1987 eligere
1345 1942 1520 1974 decanum
1542 1942 1634 1987 ipsis
1662 1943 1880 1975 unanimiter
1902 1955 2052 1975 concor-

180 2009 350 2042 dantibus
370 2009 407 2041 in
428 2021 558 2050 unum3
589 2009 619 2041 si
640 2015 758 2041 autem
785 2008 830 2041 de
856 2008 996 2041 duabus
1023 2008 1232 2041 nationibus
1262 2008 1359 2041 nulla
1385 2015 1509 2041 essent
1538 2009 1719 2053 presentia
1750 2009 1937 2053 supposita
1959 2009 2051 2041 dicta

181 2075 282 2116 hora,
313 2075 478 2120 magistri
505 2081 588 2107 tunc
617 2081 808 2119 presentes
836 2074 1048 2107 ordinarent
1078 2074 1277 2107 secundum
1313 2075 1410 2119 quod
1438 2075 1491 2107 eis
1518 2075 1704 2107 videretur
1732 2075 1920 2119 expedire3
1947 2096 1990 2099 —
2017 2083 2052 2108 et

183 2142 279 2174 natio
315 2141 499 2175 Gallicana
529 2140 728 2182 asserebat,
760 2152 798 2173 se
828 2141 871 2173 de
903 2141 1168 2173 consuetudine
1199 2140 1364 2174 obtinere
1395 2141 1492 2186 quod
1527 2142 1730 2174 defficiente
1760 2143 1905 2174 natione
1935 2142 2050 2186 aliqua

181 2208 281 2253 ipsa³
303 2207 460 2240 debebat
480 2207 653 2252 supplere
680 2207 798 2240 locum
828 2207 939 2248 illius,
965 2207 1136 2252 ponendo
1165 2220 1274 2240 unum
1303 2208 1495 2240 intrantem
1518 2208 1598 2240 loco
1620 2208 1720 2240 illius
1742 2208 1785 2240 de
1807 2220 1871 2241 sua
1892 2209 2049 2241 natione.

272 2276 315 2307 Et
335 2281 506 2319 quantum
525 2274 568 2306 ad
590 2274 853 2306 examinatores
875 2273 1087 2307 asserebant
1107 2281 1142 2306 et
1162 2273 1329 2307 dicebant
1351 2274 1444 2307 dicte
1466 2275 1631 2307 nationes
1652 2275 1884 2307 Picardorum
1907 2282 1942 2307 et
1961 2277 2051 2307 Nor-

182 2352 409 2382 mannorum,
432 2340 529 2385 quod
551 2340 730 2373 electores
756 2340 1039 2373 examinatorum
1062 2340 1244 2373 debebant
1271 2341 1408 2385 eligere
1431 2347 1585 2385 quatuor
1610 2342 1804 2386 magistros
1830 2342 2051 2374 sufficientes

182 2407 226 2440 ad
247 2407 504 2440 examinandos
527 2407 687 2440 scolares
709 2406 874 2439 volentes
896 2407 1057 2451 incipere
1079 2418 1209 2439 cursus
1236 2418 1337 2448 suos,
1359 2419 1431 2439 non
1458 2407 1719 2452 distinguendo
1746 2408 1923 2448 nationes,
1947 2415 2051 2452 prout

182 2474 219 2506 in
239 2473 333 2506 libro
351 2480 564 2506 statutorum
588 2473 624 2506 in
645 2473 799 2518 quodam
822 2480 955 2506 statuto
977 2485 1088 2518 super
1108 2473 1176 2506 hoc
1198 2474 1363 2506 confecto
1387 2474 1530 2519 plenius
1552 2474 1775 2515 continetur3
1795 2481 1829 2507 et
1846 2475 1938 2506 dicta
1956 2474 2050 2506 natio

183 2540 368 2573 Gallicana
389 2539 587 2581 asserebat,
611 2540 654 2572 de
680 2540 947 2572 consuetudine
969 2552 1007 2572 se
1029 2539 1176 2581 habere,
1199 2540 1295 2584 quod
1322 2540 1394 2572 duo
1422 2541 1685 2573 examinatores
1707 2552 1851 2585 semper
1872 2540 2052 2572 debebant

184 2618 267 2639 esse
288 2607 332 2639 de
354 2618 418 2639 sua
439 2607 597 2639 natione.

273 2672 328 2706 Ob
348 2672 416 2705 hoc
437 2673 474 2705 in
491 2673 559 2705 inei
582 2672 712 2705 notarii
735 2672 870 2717 publici
894 2680 929 2705 et
950 2673 1094 2705 testium
1118 2673 1430 2717 infrascriptorum
1454 2674 1634 2718 presentia
1657 2673 1897 2718 personaliter
1917 2673 2051 2705 consti-

186 2739 250 2771 tuti
271 2739 434 2783 magistri
455 2739 635 2771 facultatis
657 2739 864 2784 supradicte
886 2739 927 2772 ad
953 2746 1163 2784 perpetuam
1186 2739 1238 2771 rei
1260 2740 1468 2772 memoriam
1496 2746 1530 2772 et
1559 2740 1870 2783 infrascriptorum
1894 2739 2050 2782 integra-

184 2805 267 2837 liter
288 2804 572 2846 ohservantium,
603 2804 722 2838 habita
751 2817 861 2850 super
887 2805 954 2838 hoc
977 2805 1239 2838 deliberatione
1267 2812 1415 2847 matura,
1438 2806 1697 2838 ordinaverunt
1718 2806 1753 2837 iu
1774 2805 1869 2837 hunc
1891 2805 2048 2841 modum,

185 2871 355 2904 videlicet
382 2871 478 2915 quod
508 2871 578 2904 duo
605 2871 769 2916 magistri
795 2871 1020 2916 eligerentur
1045 2884 1087 2904 ex
1118 2878 1216 2916 parte
1237 2871 1416 2904 facultatis
1445 2879 1638 2904 memorate
1664 2871 1719 2903 vel
1742 2871 1914 2903 dictarum
1939 2870 2050 2902 natio·
