2488 3386
188 347 284 384 1378]
958 357 1004 378 nr:
1041 356 1282 378 scnismmr.
1987 347 2049 379 557

186 445 440 479 quemcunque
461 434 774 466 citramontanum.
797 431 965 464 Orandus
990 437 1045 463 est
1065 430 1177 475 igitur
1199 431 1298 462 Deus
1322 429 1576 462 universaliter
1598 437 1629 462 et
1655 430 1890 475 singulariter
1911 437 1949 463 ut
1971 443 2052 475 pro-

186 501 314 546 spiciat
333 501 378 533 de
399 500 544 533 excelso
566 506 601 532 et
622 498 786 532 viduitati
808 497 1000 530 subveniat
1024 508 1159 541 sponse
1186 508 1263 529 sue.
1293 497 1397 529 Pater
1418 502 1452 528 et
1478 496 1714 529 dilectissime
1740 497 1898 538 domine,
1923 509 2053 530 secun-

187 567 271 600 dum
313 566 500 600 scientiam
535 572 570 598 et
607 564 836 610 prudentiam
875 563 940 596 tibi
976 563 1090 596 datam
1127 562 1193 595 hec
1223 562 1374 607 loquere
1413 568 1448 594 et
1489 562 1678 595 exhortare
1716 563 1752 595 in
1787 563 1933 596 Christo
1963 565 2050 596 Jesu

188 634 335 667 domino
370 639 509 673 nostro,
544 631 605 677 qui
635 638 669 664 te
705 630 828 664 multis
858 630 1034 675 prodesse
1059 630 1164 662 faciat
1193 636 1229 662 et
1258 640 1407 674 preesse
1438 628 1571 661 tribuat
1602 629 1646 661 ad
1674 629 1838 662 salutem.
1871 630 2051 675 Scriptum

187 700 358 734 Avinioni
380 700 437 732 die
453 699 518 744 vija
538 698 676 731 mensis
698 697 958 743 Septembi·is⁹.

279 785 348 808 Bibl.
364 787 418 808 nat.
433 784 517 808 Paris.
535 792 584 807 ms.
602 783 648 806 lat.
666 783 750 811 14644,
767 782 811 805 sol.
829 781 899 806 1751).
914 796 941 800 -
959 782 1083 809 Bulaeus,
1100 781 1141 809 IV,
1158 781 1214 805 479.

279 857 301 880 1.
320 856 412 879 Petrus
426 855 528 878 Amelii.
544 854 605 877 Fuit
618 854 681 877 olim
701 854 727 876 in
748 853 925 877 Universitate
940 852 1023 876 Paris.
1044 853 1162 875 studens.
1182 851 1240 875 Vid.
1258 851 1397 880 ChartuL,
1413 852 1443 879 11,
1461 852 1514 879 628,
1532 854 1585 875 001.
1606 851 1642 874 12.
1659 852 1736 874 Cal-d.
1756 852 1782 875 S.
1799 852 1895 875 Mariae
1913 852 1938 875 in
1956 853 2055 875 Trans-

185 901 263 924 tiber.
290 900 381 924 eodem
401 908 454 928 an„
475 900 534 923 Dec.
551 900 588 922 16.
604 913 635 916 —
652 900 674 922 2.
698 899 737 922 Ct.
763 906 844 929 supra
860 902 888 920 n⁰
909 898 977 920 1246.
996 897 1130 921 Gerardus
1151 896 1295 925 Machetus,
1315 904 1386 927 mag.
1405 899 1455 919 art.
1472 899 1497 918 et
1511 896 1602 925 theol„
1621 904 1690 919 saec.
1707 896 1826 927 sequenti
1847 897 1878 919 de
1896 897 2053 920 cancellaria

185 945 286 973 scribit,
306 954 317 968 «
336 953 402 976 quae
419 947 503 967 totum
524 943 628 975 pondus
646 942 777 974 gymnasii
801 942 933 965 scolastici
954 950 1034 973 super
1056 949 1084 964 se
1103 941 1180 972 gerit,
1201 944 1227 964 et
1248 940 1386 972 potissime
1409 943 1540 963 certamen
1563 940 1629 963 illud
1654 948 1707 963 sac.
1729 941 1809 964 theol.
1837 941 1963 964 examinis
1987 951 2008 964 11.
2024 956 2054 959 -

185 991 207 1013 3.
225 991 289 1014 Ms.:
306 999 318 1011 ι(
334 988 466 1012 canonicis
483 997 505 1012 11.
519 1002 549 1006 -
566 989 589 1011 4.
603 988 764 1015 Arnaldum;
780 987 833 1010 vid.
850 995 931 1018 supra
943 995 970 1017 p.
988 987 1042 1015 284,
1058 989 1111 1010 not.
1127 986 1150 1009 4.
1167 986 1214 1009 An.
1232 986 1301 1013 1379,
1318 985 1372 1008 Jul.
1393 985 1431 1014 11,
1450 984 1531 1016 episc.
1553 984 1733 1008 Lombariens.
1751 985 1823 1016 (Reg.
1837 986 1883 1008 Av.
1901 986 1981 1009 Clem.
1998 987 2052 1014 Vll,

185 1035 238 1058 vol.
254 1034 308 1063 XV,
325 1035 343 1058 1.
358 1033 443 1064 lamb).
460 1046 490 1051 -
506 1035 527 1056 5.
544 1032 681 1056 Nicolaum
702 1032 733 1055 de
754 1032 779 1055 S.
799 1031 950 1059 Saturnino,
974 1031 1005 1054 de
1027 1039 1078 1062 quo
1094 1039 1173 1062 saepe
1189 1038 1280 1061 supra.
1303 1029 1385 1053 Ambo
1405 1038 1416 1052 α
1432 1029 1501 1052 circa
1516 1029 1630 1052 medium
1655 1029 1753 1053 mensis
1773 1031 1839 1061 Aug.
1862 1038 1942 1061 penes
1966 1039 2053 1061 regem

185 1079 372 1111 applicuerunt
391 1087 413 1106 11,
437 1078 563 1101 scribitur
578 1077 604 1100 in
620 1080 673 1100 not.
687 1077 720 1099 ad
735 1076 857 1099 comitem
878 1076 1032 1099 Flandrens.
1056 1075 1129 1105 (Cod.
1147 1075 1286 1105 Rotomag.
1301 1074 1331 1098 Ο.
1348 1075 1385 1102 20,
1407 1075 1424 1098 f.
1440 1075 1484 1102 43;
1503 1074 1572 1103 Β111.,
1589 1075 1630 1102 lv,
1646 1083 1673 1105 p.
1690 1076 1755 1104 523).
1770 1088 1800 1092 -
1815 1076 1836 1098 6.
1855 1075 1873 1097 1.
1893 1083 1914 1098 e.
1932 1075 2053 1098 cardina-

184 1124 255 1147 libus
271 1122 475 1146 ultramontanis
490 1121 690 1145 dissidentibus.
703 1134 734 1138 —
751 1122 774 1144 7.
790 1120 922 1144 Aveuione
937 1120 1086 1143 existentes.
1103 1133 1133 1137 —
1148 1120 1172 1143 8.
1186 1120 1234 1142 Ms.
1252 1127 1257 1142 ;
1277 1128 1287 1142 «
1303 1118 1414 1150 permisi
1431 1126 1452 1142 11.
1469 1119 1526 1142 Β111.
1545 1126 1551 1141 t
1570 1127 1580 1141 (ι
1595 1119 1626 1141 de
1640 1119 1825 1150 consequentia
1844 1120 1970 1150 promissi
1984 1129 2005 1142 ».
2022 1134 2053 1137 —

184 1170 209 1192 9.
227 1168 285 1191 Bul.
302 1168 363 1191 add.
381 1176 392 1190 (ι
406 1175 447 1190 nn.
466 1167 525 1189 1378
537 1175 559 1190 11.
573 1166 715 1195 Launoius,
731 1165 801 1189 Nae.
816 1171 912 1196 yymn.
930 1165 1004 1194 hist„
1019 1173 1046 1195 p.
1059 1165 1114 1193 893,
1130 1163 1271 1195 epistolam
1285 1171 1426 1194 perperam
1442 1164 1523 1186 refert
1538 1164 1571 1186 ad
1587 1171 1628 1186 an.
1648 1164 1716 1192 1379,
1731 1164 1790 1187 Dec.
1807 1165 1829 1187 7.

190 1322 331 1358 1611.
355 1339 370 1356 ‹
386 1331 503 1356 Factum
523 1330 656 1364 magistri
670 1333 698 1355 et
712 1329 820 1354 domini
839 1327 939 1354 Jacobi
958 1327 994 1353 de
1018 1327 1114 1361 Seva⁴7
1132 1327 1249 1353 missum
1270 1326 1454 1353 Universitati
1475 1327 1570 1353 Paris.
1588 1336 1675 1363 super
1694 1327 1830 1353 electione
1851 1328 1955 1354 Urbani
1976 1329 2013 1354 VI
2024 1338 2047 1361 »‚

274 1383 301 1406 et
312 1388 366 1415 pro
382 1380 454 1415 ipso,
478 1379 530 1405 Vix
545 1382 639 1404 tamen
656 1382 720 1403 tunc
736 1377 776 1403 ad
791 1386 893 1403 manus
907 1377 1052 1403 doctorum
1065 1377 1202 1412 pervenit.

1394 1412 1469 1441 1378,
1485 1412 1768 1444 Augusti-Septembris.

277 1494 372 1526 Incipit
385 1502 391 1517 ¹.
405 1503 415 1517 «
429 1494 457 1517 In
469 1493 514 1517 Dei
530 1493 643 1522 nomine,
654 1501 740 1516 amen.
751 1492 818 1521 Quia
834 1501 987 1524 quecunque
1003 1492 1203 1523 distinguuntur
1216 1500 1238 1515 11.
1252 1492 1305 1515 Sub
1321 1491 1394 1514 rubr.
1408 1495 1436 1514 ut
1451 1500 1533 1522 supra
1549 1492 1574 1514 in
1588 1492 1656 1516 Bibl.
1669 1496 1721 1515 nat.
1733 1492 1815 1516 Paris.
1829 1501 1892 1518 mss.
1906 1494 1951 1516 lat.
1967 1494 2051 1521 12544,

185 1540 230 1563 101.
245 1539 273 1567 1;
290 1539 374 1567 14643,
397 1539 441 1562 sol.
461 1538 572 1562 170-187.
588 1538 680 1561 Exstat
701 1537 765 1561 ibid.
779 1538 847 1565 1470,
868 1537 912 1560 tol.
931 1537 1026 1560 76-102.
1043 1537 1119 1560 Arch.
1139 1537 1205 1566 Vnt„
1222 1544 1287 1560 arm.
1303 1537 1342 1565 54,
1359 1540 1388 1559 110
1404 1536 1440 1564 18,
1459 1537 1504 1560 101.
1523 1536 1601 1565 18-34,
1620 1537 1669 1559 sub
1687 1537 1793 1560 rubrica
1813 1546 1918 1567 coaeva,
1935 1539 1980 1561 sed
2000 1539 2052 1561 alia

184 1592 281 1607 manu:
298 1592 309 1607 t(
324 1584 432 1606 Factum
447 1583 538 1606 datum
554 1585 578 1605 et
600 1582 709 1605 missum
724 1582 755 1605 de
771 1583 853 1606 Roma
874 1590 921 1613 per
937 1581 1045 1610 bullam,
1067 1581 1137 1612 quod
1153 1581 1249 1604 dicitur
1265 1581 1357 1604 Jacobi
1372 1581 1439 1604 Ceue
1459 1589 1481 1604 ».
1498 1582 1636 1604 Tractatus
1660 1581 1686 1604 in
1709 1582 1757 1605 hoc
1778 1584 1839 1605 ms2⁰
1859 1583 1996 1606 absolutus
2015 1586 2054 1606 est

184 1628 272 1658 (divis.
294 1628 320 1651 in
338 1628 384 1650 118
401 1631 489 1659 partes
515 1635 573 1649 cum
594 1626 764 1658 Appendice),
781 1626 849 1649 sicut
863 1626 940 1649 etiam
958 1625 1032 1653 ibid.,
1049 1630 1078 1648 n⁰
1093 1626 1130 1654 15,
1150 1625 1193 1648 101.
1211 1625 1320 1652 126-149,
1340 1625 1390 1648 sub
1406 1625 1512 1648 rubrica
1532 1626 1584 1648 alia
1602 1634 1681 1649 manu
1697 1634 1792 1649 coaeva
1808 1634 1813 1649 ⁴.
1836 1636 1846 1649 (ι
1863 1627 1932 1650 Falsi
1949 1627 2052 1650 articuli

183 1672 322 1704 compositi
337 1680 384 1704 per
399 1671 527 1695 Jacobum
543 1672 574 1694 de
590 1672 657 1694 Seua
672 1671 762 1702 legum
779 1671 912 1694 doctorem
930 1679 953 1694 11.
969 1671 998 1693 10
1015 1670 1056 1693 1115
1073 1670 1175 1693 duobus
1191 1678 1255 1693 mss.
1276 1670 1302 1692 in
1319 1670 1438 1701 margine
1456 1674 1559 1693 exstant
1578 1671 1684 1702 glossae
1700 1675 1791 1694 contra
1806 1675 1956 1695 tractatum.
1974 1672 2050 1700 Ibid.,

183 1722 213 1740 n⁰
227 1718 266 1747 37,
284 1718 300 1740 1.
317 1716 431 1745 30b-5Gb,
449 1716 505 1739 51110
524 1716 639 1739 auctoris
658 1716 771 1738 nomine.
789 1716 975 1746 Fragmentum
992 1715 1056 1738 ibid.
1076 1719 1104 1737 n⁰
1118 1715 1156 1744 14,
1173 1715 1218 1738 fol.
1234 1714 1351 1738 164-174.
1373 1715 1437 1738 Cod.
1452 1715 1511 1738 vat.
1532 1716 1578 1740 lat.
1596 1716 1667 1745 4924,
1686 1716 1731 1739 101.
1752 1716 1830 1745 ’18-68,
1853 1716 1902 1739 suh
1923 1717 2029 1740 rubrica
2045 1725 2050 1740 '.

185 1761 343 1792 «Incipiunt
364 1761 464 1792 scripta
485 1761 554 1783 dom.
575 1760 667 1783 Jacobi
689 1760 720 1783 de
742 1760 825 1789 Senis,
848 1759 962 1782 doctoris
982 1759 1119 1790 utriusque
1139 1759 1207 1790 juris
1224 1767 1245 1788 11,
1267 1762 1316 1782 010.
1338 1759 1400 1782 Cod.
1416 1759 1606 1783 Eichstadiens.
1629 1761 1674 1783 269
1695 1761 1772 1789 (saec.
1789 1762 1841 1790 xv),
1862 1761 1918 1784 sine
1937 1761 2052 1784 auctoris

183 1805 298 1835 nomine,
320 1813 382 1837 pag.
403 1805 518 1832 204-245,
540 1813 552 1828 e
573 1812 623 1836 quo
645 1805 746 1830 Pastor.
772 1804 865 1828 Gesch.
886 1805 935 1828 der
957 1803 1069 1834 Pdpste,
1087 1804 1096 1826 I
1117 1803 1168 1834 (ed.
1191 1804 1236 1833 2¹¹),
1257 1812 1284 1834 p.
1305 1804 1360 1832 684,
1382 1805 1568 1834 fragmentum,
1590 1812 1730 1835 perperam
1753 1805 1866 1827 Johanni
1887 1805 1918 1828 de
1935 1806 2052 1836 Lignano

185 1850 341 1882 ascriptum.
361 1849 429 1873 Bibl.
446 1849 560 1872 Berolin.
581 1857 630 1872 ms.
650 1849 695 1872 lat.
720 1849 772 1877 210,
791 1849 836 1872 fol.
853 1849 951 1872 71-10'4.
969 1862 998 1866 -
1014 1849 1081 1876 Bul„
1101 1849 1142 1876 IV,
1161 1849 1278 1877 485-514,
1302 1849 1348 1871 sed
1370 1857 1500 1871 mancum.
1517 1862 1548 1866 -—-
1566 1849 1678 1872 Bulaeus
1699 1852 1839 1872 tractatum
1855 1850 1888 1872 ad
1902 1860 1914 1871 «
1928 1850 1991 1873 Julii
2010 1852 2023 1873 3
2038 1860 2050 1872 ³>

183 1903 323 1927 perperam
338 1894 478 1922 adscribit;
496 1902 556 1916 nam
574 1893 701 1924 temporis
722 1896 783 1916 nota
801 1902 852 1924 qua
875 1893 960 1924 specie
980 1893 1070 1916 finitur
1092 1896 1220 1916 tractatus
1240 1893 1266 1916 in
1284 1893 1387 1916 duobus
1404 1901 1466 1916 mss.
1491 1893 1625 1924 prioribus
1641 1902 1645 1916 2
1667 1903 1677 1916 «
1701 1894 1795 1917 Datum
1812 1894 1938 1918 Avinione
1954 1903 2021 1917 anno
2038 1905 2051 1917 a

183 1939 325 1964 Nativitate
338 1938 441 1962 Domini
458 1939 481 1962 Μ
494 1938 554 1962 CCC
565 1938 697 1966 LXXVIII,
714 1938 855 1961 indictione
871 1937 966 1969 prima,
978 1938 1020 1960 die
1034 1937 1112 1960 tertia
1125 1937 1222 1960 mensis
1237 1937 1311 1966 Julii,
1323 1938 1491 1969 pontificatus
1506 1938 1604 1961 domini
1621 1938 1704 1961 nostri
1717 1938 1815 1961 domini
1827 1939 1926 1962 Urbani
1939 1948 2007 1970 pape
2019 1940 2051 1962 VI

184 1992 225 2007 an.
240 1984 326 2015 primo
342 1992 363 2011 1),
380 1983 494 2014 pertinet
504 1983 537 2006 ud
553 1983 693 2014 epistolam
708 1983 820 2005 duorum
831 1982 1007 2005 cardinalium
1018 1982 1166 2005 castellano
1183 1982 1251 2005 arcis
1268 1983 1295 2005 S.
1309 1983 1401 2013 Angeli
1418 1982 1535 2011 missam,
1550 1982 1575 2005 in
1591 1983 1689 2006 eisdem
1702 1991 1764 2006 mss.
1777 1992 1904 2006 annexam
1917 1984 2050 2012 tractatui,

184 2029 228 2060 qui
244 2036 332 2052 mense
352 2029 470 2059 Augusto
486 2027 574 2059 potius
595 2027 756 2058 compositus
777 2030 824 2050 est.
842 2028 887 2050 An.
906 2028 965 2050 1382
982 2027 1096 2050 Jacobus
1119 2027 1225 2058 negavit
1240 2036 1267 2050 50
1283 2027 1394 2058 alicujus
1411 2027 1503 2058 scripti
1518 2036 1566 2058 pro
1586 2028 1692 2050 Urbano
1709 2028 1741 2050 VI
1760 2036 1815 2050 ess(-
1832 2032 1973 2051 auctorem.
1992 2028 2049 2051 Yid.

183 2073 308 2097 Journal
322 2074 355 2096 de
369 2073 440 2097 Jean
456 2073 479 2096 le
493 2073 585 2100 Fe’vre,
602 2080 651 2102 par
667 2072 832 2101 Moranville,
850 2080 876 2102 p.
893 2072 930 2101 31,
943 2071 987 2094 ubi
1002 2080 1013 2094 «
1031 2072 1115 2103 Juque
1130 2072 1162 2094 de
1179 2072 1244 2095 Seva
1265 2081 1287 2100 11,
1302 2080 1329 2102 p.
1348 2073 1377 2094 33
1394 2080 1399 2094 ·.
1418 2080 1429 2094 «
1449 2072 1514 2095 Seve
1531 2081 1553 2095 »-

278 2117 372 2140 Baluze
388 2117 456 2139 hunc
476 2119 617 2139 tractatum
633 2116 770 2139 confundit
784 2125 842 2139 cum
865 2124 943 2147 opere
960 2116 1088 2139 Johannis
1105 2116 1136 2139 de
1157 2116 1273 2147 Lignano
1292 2117 1333 2140 De
1351 2117 1420 2145 fletu
1438 2117 1565 2141 ecclesiae
1590 2117 1656 2145 (Vic.
1673 2124 1741 2147 pap.
1757 2119 1856 2145 Auen„
1875 2118 1894 2145 Ι,
1912 2117 1971 2139 1082
1989 2119 2047 2148 sq.),

183 2162 294 2185 dicendo
308 2170 367 2185 eum
383 2169 440 2185 esse
457 2164 559 2192 partem
581 2161 643 2184 dicti
661 2161 758 2192 operis,
775 2169 805 2184 ex
820 2161 975 2184 auctoritate
991 2161 1047 2183 msti
1070 2161 1176 2184 Colbert
1193 2161 1247 2190 815,
1264 2161 1281 2184 i.
1301 2169 1323 2184 e.
1344 2161 1411 2184 Bibl.
1429 2164 1482 2185 nat.
1500 2161 1582 2184 Paris.
1600 2170 1648 2184 ms.
1667 2161 1711 2184 lat.
1734 2162 1800 2184 1470.
1818 2163 1864 2184 Ast
1881 2161 1907 2184 in
1923 2162 1973 2184 1510
1990 2163 2051 2184 msto

184 2206 258 2238 operi
270 2206 398 2229 Johunnis
412 2206 443 2229 de
457 2206 575 2237 Lignano
590 2209 651 2236 post
665 2206 857 2236 praefationem
873 2205 929 2234 (sol.
943 2206 1025 2234 72-76)
1039 2209 1064 2228 et
1079 2208 1139 2228 ante
1154 2206 1261 2228 Factum
1277 2205 1420 2228 cardinalis
1437 2205 1525 2228 Orsini
1543 2214 1601 2228 cum
1617 2205 1726 2228 consilio
1742 2206 1870 2229 Johannis
1886 2207 1917 2229 de
1932 2207 2049 2237 Liguano

184 2251 239 2282 (sol.
255 2250 400 2279 103-*123,de
411 2258 461 2281 quo
473 2250 541 2273 infra
557 2254 585 2272 n0
602 2250 679 2279 1631),
693 2250 753 2273 sacti
769 2250 886 2272 narratio
902 2258 917 2272 a
928 2249 1027 2272 Jucobo
1039 2249 1070 2272 de
1086 2250 1150 2272 seve
1166 2250 1221 2279 (sol.
1239 2250 1333 2279 70-102)
1348 2250 1447 2273 inserta
1460 2253 1508 2273 est.
1524 2251 1555 2273 Et
1569 2250 1606 2272 sic
1622 2250 1701 2272 etiam
1714 2250 1740 2272 111
1753 2250 1830 2273 Arch.
1847 2251 1913 2278 vat„
1928 2259 1993 2274 arm.
2011 2253 2048 2279 5¹4,

185 2300 213 2318 11ο
228 2296 265 2323 18,
284 2296 328 2319 tol.
342 2295 398 2324 67¹²,
411 2298 472 2326 post
487 2295 597 2318 Fletum
614 2294 677 2319 eccl.
692 2298 798 2317 notatur
818 2294 843 2317 in
862 2294 980 2325 margine
995 2302 999 2317 z
1016 2304 1027 2315 «
1043 2294 1183 2325 subjicitur
1202 2294 1288 2325 primo
1308 2303 1384 2317 casus
1400 2295 1492 2317 ,Im-obi
1509 2294 1584 2323 Ceae,
1602 2295 1714 2317 serundo
1733 2303 1809 2317 casus
1826 2303 1889 2318 suus
1904 2295 2050 2325 (Johannis)

184 2348 243 2363 cum
259 2339 376 2370 alegaria
391 2339 469 2370 hujus
487 2348 509 2362 11.
529 2339 579 2362 Sed
593 2339 687 2362 desunt
702 2339 765 2361 solia
781 2338 925 2370 sequentia.

279 2411 301 2434 1.
318 2411 346 2434 In
365 2419 428 2434 mss.
447 2419 525 2441 saepe
548 2419 559 2433 «
579 2411 647 2433 Sena
665 2418 687 2433 1).
707 2410 738 2433 Et
754 2410 791 2432 sic
809 2410 879 2441 apud
897 2410 955 2433 Bul.
974 2413 999 2433 et
1012 2410 1149 2433 Jourdain.
1172 2410 1221 2433 Sed
1242 2410 1295 2433 vid.
1320 2410 1414 2432 Baluze
1432 2410 1451 2434 l.
1467 2418 1502 2434 c.:
1522 2410 1651 2440 Barjavel,
1670 2411 1749 2439 Bioy.
1778 2411 1922 2439 Vaucluse,
1941 2412 1973 2438 11,
1994 2412 2048 2434 405.

184 2455 298 2479 ,lacobus
312 2455 379 2478 Ceva
393 2463 439 2478 seu
454 2455 485 2478 de
501 2455 566 2478 S⁴cve
585 2454 633 2477 11111
655 2454 759 2477 auditor
772 2457 844 2477 rotae.
860 2454 909 2477 sub
925 2454 1051 2485 Gregorio
1070 2455 1111 2484 XI,
1128 2458 1153 2477 et
1168 2455 1217 2477 sub
1235 2455 1340 2477 Urbano
1359 2455 1389 2477 Yl
1406 2455 1576 2477 marescallus
1592 2454 1689 2478 euriae.
1705 2455 1762 2478 Vid.
1777 2459 1826 2477 num
1840 2455 1909 2478 1615.
1923 2456 1950 2478 lu
1970 2456 2050 2478 Fran-

185 2500 252 2523 ciam
274 2499 371 2522 missus
388 2499 421 2522 ud
442 2507 539 2530 regem,
558 2502 650 2530 captus
673 2502 698 2522 et
718 2499 744 2521 in
761 2507 864 2521 carcere
880 2499 998 2521 detentus
1015 2502 1054 2522 est
1074 2499 1138 2528 (vid.
1153 2500 1171 2522 l.
1188 2508 1220 2524 0,.
1237 2502 1261 2522 01
1280 2503 1328 2521 num
1349 2499 1414 2525 1010,
1435 2502 1488 2522 not.
1505 2500 1537 2527 3),
1555 2499 1609 2526 50(1,
1630 2502 1658 2522 ut
1679 2508 1720 2522 an.
1737 2500 1793 2522 1381
1810 2500 1987 2528 asserebatur,
2004 2508 2050 2530 per

184 2544 303 2567 homines
316 2552 450 2567 armorum
466 2544 535 2567 dom.
552 2543 654 2566 comitis
671 2543 845 2568 Gebennens..
859 2543 1039 2566 cardinalibus
1056 2543 1195 2566 Clementis
1210 2544 1253 2566 Vll
1273 2543 1362 2566 invitis
1379 2543 1464 2572 (Arcti.
1483 2544 1549 2573 Vnt„
1567 2552 1632 2567 arm.
1647 2545 1684 2571 54,
1702 2548 1729 2566 n⁰
1744 2545 1782 2571 49,
1801 2545 1819 2566 f.
1835 2544 1882 2575 15).

191 2696 331 2734 1612.
355 2706 456 2732 Plures
470 2706 602 2740 magistri
617 2710 643 2732 et
658 2706 804 2732 scholares
825 2707 1023 2732 Unam-sitatis
1041 2707 1136 2732 Paris.
1153 2707 1325 2732 comitantur
1338 2706 1502 2732 cardinales
1519 2706 1703 2732 dissidentes.

1372 2790 1447 2818 1378,
1462 2789 1699 2821 Maii-Septembris,
1715 2791 1764 2814 etc.

279 2868 385 2891 Factum
400 2871 489 2891 notatu
501 2867 609 2898 dignum
621 2871 646 2891 et
660 2868 794 2900 hucusque
809 2869 935 2899 ignotum.
948 2869 1005 2892 Vid.
1020 2877 1100 2900 snpra
1114 2878 1139 2900 p.
1154 2869 1197 2891 451
1216 2869 1314 2898 (Simon
1328 2868 1483 2899 Reginaldi),
1496 2869 1541 2890 458
1556 2868 1721 2897 (Guillelmus
1736 2868 1876 2896 Sauvalle).
1893 2868 1938 2890 459
1949 2867 2046 2896 (Simon

185 2912 311 2942 Vimont).
328 2912 354 2935 Si
373 2912 471 2941 dicunt.
486 2921 512 2935 se
529 2913 687 2935 Clementem
704 2914 748 2935 VH
766 2914 870 2937 Romae.
887 2914 1030 2944 Anagniae.
1046 2917 1105 2942 etc„
1118 2917 1219 2936 secutos
1236 2921 1303 2942 esse,
1315 2913 1472 2943 intelligitur
1487 2921 1535 2943 pro
1552 2915 1677 2942 tempore,
1695 2920 1745 2942 quo
1759 2912 1878 2934 Clemens
1890 2911 1974 2934 adhuc
1988 2919 2046 2933 car-
