2488 3386
451 337 516 370 608
1024 339 1344 363 CHARTULARIUM
1379 337 1568 359 umvsns.
1606 337 1733 359 riuus.
2214 322 2314 360 [1394

451 425 628 465 quartum,
648 418 744 463 quod
766 428 892 450 omnes
914 415 1120 448 laborantes
1141 414 1178 446 in
1198 411 1407 457 hujusmodi
1429 410 1589 452 materia,
1612 411 1688 444 sive
1709 410 1880 456 legendo,
1903 411 1981 444 sive
2002 409 2211 450 scribendo,
2234 409 2311 443 sive

453 485 685 531 predicando,
717 484 792 517 sive
815 482 1035 528 deputando,
1067 487 1127 514 aut
1151 479 1239 513 alias
1261 478 1390 523 quovis
1420 477 1526 510 modo
1548 476 1760 519 laborando,
1788 477 1862 510 sint
1888 476 1957 516 sub
1988 476 2152 521 ejusdem
2175 475 2313 508 domini

453 552 551 597 regis
576 550 724 596 speciali
752 549 849 583 salva
876 548 1013 594 gardia,
1041 547 1092 581 sic
1121 546 1218 591 quod
1248 544 1394 578 aliunde
1415 543 1461 576 ob
1483 543 1580 576 illam
1601 555 1846 577 causam-non
1876 543 2020 589 possint
2048 542 2255 587 inquietari,
2280 548 2315 576 et

453 618 550 663 quod
572 629 682 662 super
700 616 768 649 hoc
795 616 901 648 detur
925 615 1046 655 litera;
1074 614 1247 658 quintum,
1275 610 1374 656 quod
1397 622 1461 655 per
1486 610 1642 655 prefatas
1662 610 1801 643 litteras
1827 610 2003 643 concedat
2027 616 2065 642 ut
2086 608 2314 642 Universitas

453 684 613 729 predicta
643 682 723 716 aliis
751 682 900 722 studiis,
934 681 1038 714 etiam
1072 680 1323 724 cujuscunque
1354 677 1491 709 suerint
1518 676 1752 719 obediencie,
1781 676 1943 710 scribere
1971 675 2106 717 valeat,
2136 681 2314 720 quatenus

454 756 624 783 moneant
643 749 828 794 principes
850 755 885 781 et
905 747 1064 792 prelatos
1085 752 1123 778 ut
1144 756 1253 790 supra
1274 744 1318 777 ad
1342 743 1515 776 unionem
1536 749 1572 776 et
1593 755 1717 788 pacem
1739 743 1908 776 ecclesie.

543 816 683 858 Quibus
706 815 894 860 premissis
915 813 1039 847 retulit
1059 812 1154 845 idem
1176 811 1350 856 magister
1370 810 1446 844 vias
1466 816 1663 855 sequentes
1684 817 1720 842 et
1739 821 1803 855 per
1823 809 1980 843 eundem
2001 808 2182 854 deputatis
2202 808 2315 854 regiis

454 890 596 928 apertas
617 889 652 915 et
672 882 785 915 dictas
806 888 973 925 tanquam
995 891 1059 924 pro
1077 878 1175 911 finali
1195 877 1433 911 conclusione
1453 876 1619 910 habenda
1639 876 1676 909 in
1697 876 1851 910 ecclesia
1867 876 1911 910 ad
1932 877 2011 921 ejus
2032 887 2169 921 pacem.
2185 875 2316 909 Prima

453 950 511 984 via
532 956 588 982 est
608 948 761 983 Consilii
782 947 965 993 generalis
984 945 1184 979 formaliter
1203 944 1261 978 vel
1283 943 1543 989 equivalenter.
1568 942 1728 977 Secunda
1752 943 1810 977 via
1831 949 1887 976 est
1906 942 2160 987 compromissi
2182 941 2318 974 utrius-

455 1028 524 1060 que
546 1015 669 1060 partis.
693 1015 820 1048 Tertia
841 1020 896 1046 est
915 1013 972 1047 via
989 1012 1169 1045 cessionis
1191 1011 1267 1044 sive
1288 1009 1582 1043 renunciacionis
1602 1009 1790 1042 amborum
1806 1009 1881 1054 juri
1905 1021 1985 1050 suo,
2008 1008 2105 1053 quod
2130 1007 2239 1041 habet
2258 1014 2319 1041 aut

454 1094 494 1116 se
520 1082 653 1115 habere
681 1080 876 1126 pretendit,
899 1100 942 1104 —-
969 1079 1099 1124 positis
1127 1078 1278 1123 insuper
1306 1089 1370 1122 per
1395 1077 1530 1110 dictum
1558 1077 1771 1122 magistrum
1800 1076 1837 1109 in
1866 1088 1930 1109 sua
1957 1075 2138 1108 relacione
2164 1074 2318 1108 faciente

454 1148 620 1193 pluribus
637 1147 782 1181 motivis
799 1153 834 1179 et
849 1146 1062 1187 colloribus,
1082 1145 1242 1190 predicta
1259 1151 1298 1177 ut
1318 1144 1538 1189 premittitur
1554 1150 1675 1189 aperta
1687 1142 2023 1188 justificantibus⁸⁷,
2041 1148 2077 1175 et
2093 1148 2131 1175 ut
2148 1141 2318 1187 aperiret,
2354 1156 2358 1159 ·

454 1215 514 1248 illa
535 1226 617 1248 esse
639 1213 864 1247 rationabilia
886 1220 920 1246 et
939 1212 1110 1246 sactibilia
1131 1211 1348 1244 facientibus
1370 1211 1434 1244 sic.
1930 1253 1933 1258 Ι

543 1282 619 1324 Qua
640 1281 737 1313 finita
760 1287 794 1313 et
814 1280 1001 1313 terminata
1022 1279 1226 1319 rellatione,
1244 1278 1454 1323 sepedictus
1476 1277 1646 1310 dominus
1667 1284 1787 1310 rector
1807 1277 1981 1322 predictis
2002 1276 2147 1310 motivis
2167 1283 2203 1309 et
2221 1275 2320 1310 colo-

454 1347 556 1380 ribus
576 1359 655 1380 cum
681 1346 897 1392 quibusdam
924 1346 1004 1379 aliis
1029 1357 1071 1378 ex
1098 1345 1238 1378 cedulis
1266 1351 1301 1378 et
1327 1344 1415 1378 alias
1442 1356 1507 1390 per
1528 1344 1720 1389 deputatos
1748 1343 1954 1377 recollectis
1982 1343 2101 1384 dietis,
2125 1342 2319 1388 requisivit

455 1413 653 1459 quemlibet
674 1425 738 1458 per
754 1415 1013 1458 juramentum,
1030 1419 1070 1445 ut
1090 1424 1200 1457 super
1221 1411 1291 1444 hiis
1313 1411 1356 1444 ad
1376 1411 1551 1444 honorem
1574 1411 1653 1452 Dei,
1672 1410 1806 1443 bonum
1829 1417 1864 1444 et
1883 1410 2055 1443 unionem
2078 1409 2232 1443 ecclesie
2253 1418 2319 1443 sue

455 1487 590 1522 sancte,
610 1480 809 1513 secundum
832 1479 1089 1512 conscientiam
1112 1491 1211 1512 suam
1230 1485 1265 1511 et
1285 1478 1499 1523 sapientiam
1519 1490 1536 1510 a
1558 1479 1634 1510 Deo
1652 1477 1722 1511 sibi
1743 1477 1858 1510 datam
1880 1476 2112 1518 deliberaret,
2129 1475 2227 1521 quod
2248 1475 2319 1509 sibi

455 1547 499 1580 de
527 1547 717 1592 premissis
745 1546 867 1579 relatis
893 1546 1092 1587 videretur,
1113 1558 1157 1578 an
1178 1545 1319 1578 scilicet
1345 1545 1406 1578 ille
1431 1545 1488 1578 vie
1510 1551 1635 1578 essent
1661 1544 1770 1586 bone,
1794 1551 1830 1577 et
1855 1556 1899 1577 an
1926 1544 2110 1589 placerent
2136 1555 2206 1588 que
2230 1543 2320 1576 facta

456 1620 557 1646 erant
582 1620 616 1646 et
645 1613 766 1654 relata,
795 1613 965 1658 quodque
994 1612 1148 1657 quilibet
1177 1611 1397 1645 deliberaret
1425 1612 1462 1645 in
1491 1611 1623 1646 virtute
1646 1611 1843 1656 juramenti
1877 1611 1914 1643 in
1939 1610 2162 1644 conscientia
2190 1621 2254 1643 sua
2283 1609 2321 1642 in

456 1680 563 1713 modo
584 1680 738 1713 ulterius
759 1680 982 1725 procedendi
1008 1680 1045 1712 in
1064 1679 1136 1712 hac
1158 1679 1318 1712 materia.
1347 1678 1489 1722 Quibus
1511 1678 1668 1712 dominis
1691 1677 1902 1711 doctoribus
1929 1684 1964 1710 et
1988 1677 2173 1722 magistris
2194 1676 2321 1722 singu-

456 1747 571 1779 larum
599 1747 805 1780 facultatum
836 1759 899 1792 per
925 1746 1151 1791 sepedictum
1179 1746 1365 1779 dominum
1395 1752 1574 1779 rectorem
1603 1745 1790 1790 requisitis
1815 1751 1855 1777 ut
1885 1744 2104 1790 premissum
2130 1750 2186 1777 est
2211 1754 2323 1789 super

458 1814 586 1858 positis
606 1814 643 1846 in
664 1813 939 1854 deliberatione,
967 1820 1156 1858 postquam
1184 1825 1222 1846 se
1244 1819 1473 1846 retraxerunt
1501 1812 1545 1845 ad
1572 1819 1709 1857 partem
1739 1823 1803 1857 per
1823 1811 2010 1844 facultates
2037 1817 2073 1843 et
2098 1810 2264 1843 nationes
2284 1816 2324 1843 ut

458 1880 568 1912 moris
591 1886 658 1921 est,
677 1880 907 1913 concorditer
926 1880 983 1913 via
1004 1880 1159 1925 Spiritus
1182 1879 1302 1913 Sancti
1323 1879 1423 1912 nullo
1445 1878 1662 1912 reclamante
1684 1885 1744 1911 aut
1764 1877 2035 1911 contradicente
2052 1876 2168 1910 extitit
2184 1875 2322 1909 delibe-

459 1953 585 1987 ratum,
604 1947 702 1991 quod
723 1946 804 1979 illas
825 1953 898 1979 tres
918 1947 994 1980 vias
1015 1953 1240 1992 presentatas
1262 1958 1342 1979 cum
1365 1945 1588 1991 preambulis
1610 1952 1645 1978 et
1665 1957 1786 1978 earum
1811 1943 2009 1990 quamlibet
2025 1943 2204 1985 dicebant,
2224 1949 2324 1976 tene·
2357 1990 2361 1993 Ι

458 2012 543 2045 bant
563 2019 597 2045 et
618 2013 830 2058 reputabant
851 2025 933 2046 esse
959 2014 1087 2054 bonas,
1109 2020 1265 2055 sanctas,
1281 2014 1414 2058 justas,
1437 2012 1671 2046 rationabiles
1693 2019 1728 2045 et
1747 2010 1941 2052 factibiles,
1963 2017 1998 2043 et
2023 2022 2087 2056 per
2107 2021 2196 2055 quas
2215 2009 2325 2043 ratio-

458 2079 626 2112 nabiliter
646 2087 772 2124 posset
792 2080 910 2113 sedari
931 2092 1084 2125 presens
1106 2081 1248 2113 scisma.
1266 2080 1473 2114 Voluerunt
1492 2080 1644 2124 insuper
1665 2085 1700 2112 et
1721 2078 2016 2111 deliberaverunt
2035 2076 2266 2110 concorditer
2286 2082 2325 2109 ut

459 2146 571 2190 prius,
594 2146 707 2179 dictas
723 2147 799 2180 vias
816 2154 850 2180 et
871 2159 993 2180 earum
1015 2147 1214 2192 quamlibet
1234 2154 1400 2192 tanquam
1423 2159 1466 2180 ex
1486 2153 1586 2192 parte
1603 2145 1859 2179 Universitatis
1876 2151 1911 2178 et
1931 2155 1996 2189 per
2012 2155 2089 2176 eam
2105 2142 2323 2176 deliberatas

458 2219 497 2244 ut
526 2212 653 2250 bonas„
682 2220 836 2255 sanctas,
864 2215 994 2258 justas,
1024 2214 1259 2247 rationabiles
1290 2221 1325 2246 et
1351 2213 1530 2246 factibiles
1560 2213 1651 2246 locis
1681 2219 1716 2245 et
1744 2210 1970 2256 temporibus
1998 2210 2189 2255 oportunis
2217 2212 2324 2250 [esse]

460 2279 711 2323 propalandas,
734 2280 818 2312 dum
849 2281 963 2325 primo
995 2281 1142 2314 domino
1168 2281 1247 2326 regi
1278 2293 1321 2313 ex
1348 2287 1448 2326 parte
1479 2280 1574 2313 dicte
1596 2278 1852 2313 Universitatis
1876 2284 1911 2311 et
1934 2276 2177 2322 personaliter
2207 2275 2324 2321 aperi-

460 2352 585 2377 rentur
612 2358 691 2378 cum
723 2347 799 2379 suis
830 2347 1136 2380 declarationibus
1164 2354 1199 2380 et
1226 2347 1386 2389 motivis,
1416 2346 1651 2392 protestando
1678 2345 1775 2391 quod
1803 2356 1867 2390 per
1893 2344 2018 2377 harum
2039 2343 2176 2376 viarum
2206 2342 2323 2387 aperi-

462 2411 595 2443 tionem
617 2424 689 2444 non
711 2413 947 2446 intendebant
967 2426 1100 2459 negare
1121 2414 1209 2447 alias
1234 2414 1323 2455 vias,
1347 2426 1413 2446 nec
1440 2413 1484 2446 ad
1514 2414 1601 2446 istas
1628 2412 1745 2445 solum
1772 2423 1811 2444 se
1840 2410 2077 2455 restringere,
2104 2409 2134 2442 si
2162 2420 2231 2454 que
2259 2420 2324 2454 per

461 2477 552 2510 alios
573 2478 798 2511 avisarentur
815 2486 850 2512 et
870 2481 1117 2525 reperirentur
1138 2481 1247 2514 bone.

551 2544 666 2588 Super
692 2546 848 2578 articulo
873 2558 959 2579 vero
985 2547 1146 2588 secundo,
1176 2547 1316 2580 scilicet
1346 2547 1666 2592 supplicationum,
1695 2544 1856 2578 unanimi
1884 2543 2045 2577 omnium
2073 2553 2257 2576 consensu
2286 2548 2325 2575 ut

462 2609 562 2653 prius
593 2616 628 2642 et
656 2622 720 2654 per
745 2623 870 2644 omnes
899 2612 1084 2646 facultates
1111 2621 1144 2646 et
1172 2614 1337 2659 singulas
1367 2613 1534 2646 nationes
1561 2611 1792 2645 concorditer
1820 2610 1936 2644 extitit
1963 2609 2216 2650 deliberatum,
2242 2619 2324 2641 cum

462 2675 647 2719 predictus
670 2676 838 2709 dominus
864 2685 983 2710 rector
1004 2686 1038 2712 et
1066 2680 1226 2724 deputati
1255 2687 1422 2725 peterent
1450 2679 1597 2713 advoari
1629 2678 1665 2711 in
1687 2677 1856 2710 omnibus
1884 2663 2072 2722 predictis,
2096 2687 2166 2720 que
2193 2675 2231 2707 in
2259 2673 2325 2707 hac

462 2742 608 2774 materia
637 2742 797 2775 fecerant
831 2750 865 2775 et
894 2744 1050 2789 singulis
1080 2747 1230 2779 eandem
1261 2745 1581 2787 concernentibus,
1613 2744 1754 2778 scilicet
1785 2743 2041 2776 sollicitatione
2070 2742 2323 2787 deputatorum

462 2806 644 2850 regiorum
667 2807 702 2838 in
724 2807 921 2851 propositis
942 2820 1061 2841 coram
1079 2810 1230 2852 eisdem,
1249 2811 1286 2843 in
1302 2809 1573 2844 visitationibus
1593 2808 1817 2849 cedularum,
1835 2806 2155 2840 extractionibus³⁸
2172 2811 2325 2851 puncto-

463 2883 553 2913 rum,
577 2872 806 2914 motivorum,
835 2874 1038 2916 modorum,
1070 2876 1361 2920 preambulorum
1391 2884 1426 2910 et
1443 2877 1581 2910 viarum
1612 2875 1868 2921 predictarum,
1892 2894 1936 2899 —
1956 2873 2000 2906 de
2026 2871 2265 2906 relationibus
2286 2871 2323 2904 in
