<?xml version="1.0" encoding="UTF-8"?>
<!DOCTYPE html PUBLIC "-//W3C//DTD XHTML 1.0 Transitional//EN"
    "http://www.w3.org/TR/xhtml1/DTD/xhtml1-transitional.dtd">
<html xmlns="http://www.w3.org/1999/xhtml" xml:lang="en" lang="en">
 <head>
  <title>
</title>
<meta http-equiv="Content-Type" content="text/html;charset=utf-8" />
  <meta name='ocr-system' content='tesseract 3.04.00' />
  <meta name='ocr-capabilities' content='ocr_page ocr_carea ocr_par ocr_line ocrx_word'/>
</head>
<body>
  <div class='ocr_page' id='page_1' title='image "auctariumchartul03univuoft_0234.png"; bbox 0 0 2488 3386; ppageno 0'>
   <div class='ocr_carea' id='block_1_1' title="bbox 461 338 2317 383">
    <p class='ocr_par' dir='ltr' id='par_1_1' title="bbox 461 338 2317 383">
     <span class='ocr_line' id='line_1_1' title="bbox 461 338 2317 383; baseline -0.005 0"><span class='ocrx_word' id='word_1_1' title='bbox 461 351 523 383; x_wconf 81' lang='lat'><em>186</em></span> <span class='ocrx_word' id='word_1_2' title='bbox 1035 357 1353 380; x_wconf 70' lang='lat' dir='ltr'><em>ann‘ruLAaiuM</em></span> <span class='ocrx_word' id='word_1_3' title='bbox 1389 355 1579 377; x_wconf 73' lang='lat' dir='ltr'><em>uulvsns.</em></span> <span class='ocrx_word' id='word_1_4' title='bbox 1617 353 1745 375; x_wconf 65' lang='lat' dir='ltr'><em>rimis.</em></span> <span class='ocrx_word' id='word_1_5' title='bbox 2128 373 2130 375; x_wconf 89' lang='grc'><strong>,</strong></span> <span class='ocrx_word' id='word_1_6' title='bbox 2218 338 2317 375; x_wconf 91' lang='grc'>[1369</span> 
     </span>
    </p>
   </div>
   <div class='ocr_carea' id='block_1_2' title="bbox 549 425 2317 465">
    <p class='ocr_par' dir='ltr' id='par_1_2' title="bbox 549 425 2317 465">
     <span class='ocr_line' id='line_1_2' title="bbox 549 425 2317 465; baseline -0.004 -9"><span class='ocrx_word' id='word_1_7' title='bbox 549 434 687 465; x_wconf 85' lang='lat' dir='ltr'><em>Dionysius</em></span> <span class='ocrx_word' id='word_1_8' title='bbox 704 434 855 456; x_wconf 82' lang='lat' dir='ltr'><em>Foullechat</em></span> <span class='ocrx_word' id='word_1_9' title='bbox 868 441 918 456; x_wconf 89' lang='lat' dir='ltr'><em>non</em></span> <span class='ocrx_word' id='word_1_10' title='bbox 934 433 966 456; x_wconf 84' lang='lat' dir='ltr'><em>ad</em></span> <span class='ocrx_word' id='word_1_11' title='bbox 984 432 1165 463; x_wconf 80' lang='lat' dir='ltr'><em>magisterium</em></span> <span class='ocrx_word' id='word_1_12' title='bbox 1181 431 1206 454; x_wconf 88' lang='lat' dir='ltr'><em>in</em></span> <span class='ocrx_word' id='word_1_13' title='bbox 1220 430 1352 461; x_wconf 71' lang='lat' dir='ltr'>theologia</span> <span class='ocrx_word' id='word_1_14' title='bbox 1368 429 1496 461; x_wconf 77' lang='lat' dir='ltr'><em>pervenit,</em></span> <span class='ocrx_word' id='word_1_15' title='bbox 1513 427 1640 452; x_wconf 80' lang='lat' dir='ltr'>remansit</span> <span class='ocrx_word' id='word_1_16' title='bbox 1657 427 1836 454; x_wconf 72' lang='lat' dir='ltr'><em>buccalareuS,</em></span> <span class='ocrx_word' id='word_1_17' title='bbox 1853 429 1878 449; x_wconf 76' lang='lat' dir='ltr'><em>et</em></span> <span class='ocrx_word' id='word_1_18' title='bbox 1894 426 1931 448; x_wconf 85' lang='lat' dir='ltr'><em>sie</em></span> <span class='ocrx_word' id='word_1_19' title='bbox 1947 425 2098 448; x_wconf 75' lang='lat' dir='ltr'><em>nominatur</em></span> <span class='ocrx_word' id='word_1_20' title='bbox 2113 425 2192 448; x_wconf 77' lang='lat' dir='ltr'><em>etiam</em></span> <span class='ocrx_word' id='word_1_21' title='bbox 2207 425 2233 448; x_wconf 90' lang='lat' dir='ltr'><em>in</em></span> <span class='ocrx_word' id='word_1_22' title='bbox 2247 425 2317 449; x_wconf 85' lang='lat' dir='ltr'><em>Pro-</em></span> 
     </span>
    </p>
   </div>
   <div class='ocr_carea' id='block_1_3' title="bbox 457 471 1816 504">
    <p class='ocr_par' dir='ltr' id='par_1_3' title="bbox 457 471 1816 504">
     <span class='ocr_line' id='line_1_3' title="bbox 457 471 1816 504; baseline -0.007 -1"><span class='ocrx_word' id='word_1_23' title='bbox 457 485 534 503; x_wconf 79' lang='lat' dir='ltr'><em>cessu</em></span> <span class='ocrx_word' id='word_1_24' title='bbox 547 482 646 502; x_wconf 76' lang='lat' dir='ltr'><em>contra</em></span> <span class='ocrx_word' id='word_1_25' title='bbox 661 478 774 502; x_wconf 81' lang='lat' dir='ltr'><em>cancell.</em></span> <span class='ocrx_word' id='word_1_26' title='bbox 789 478 933 501; x_wconf 77' lang='lat' dir='ltr'><em>Johannem</em></span> <span class='ocrx_word' id='word_1_27' title='bbox 953 477 1094 500; x_wconf 81' lang='lat' dir='ltr'><em>Blanchurt.</em></span> <span class='ocrx_word' id='word_1_28' title='bbox 1109 485 1150 499; x_wconf 78' lang='lat' dir='ltr'><em>un.</em></span> <span class='ocrx_word' id='word_1_29' title='bbox 1168 477 1228 499; x_wconf 83' lang='lat'><strong>1385</strong></span> <span class='ocrx_word' id='word_1_30' title='bbox 1243 475 1328 504; x_wconf 67' lang='lat' dir='ltr'><em>(An-ch.</em></span> <span class='ocrx_word' id='word_1_31' title='bbox 1346 475 1402 497; x_wconf 77' lang='lat' dir='ltr'><em>vat.</em></span> <span class='ocrx_word' id='word_1_32' title='bbox 1418 473 1524 497; x_wconf 77' lang='lat' dir='ltr'><em>collect.</em></span> <span class='ocrx_word' id='word_1_33' title='bbox 1540 477 1568 495; x_wconf 80' lang='lat'><em>11⁰</em></span> <span class='ocrx_word' id='word_1_34' title='bbox 1583 473 1648 502; x_wconf 72' lang='lat'>440).</span> <span class='ocrx_word' id='word_1_35' title='bbox 1664 471 1721 496; x_wconf 36' lang='lat' dir='ltr'><em>Vidi</em></span> <span class='ocrx_word' id='word_1_36' title='bbox 1738 471 1816 494; x_wconf 81' lang='lat' dir='ltr'><em>infra.</em></span> 
     </span>
    </p>
   </div>
   <div class='ocr_carea' id='block_1_4' title="bbox 550 553 2316 594">
    <p class='ocr_par' dir='ltr' id='par_1_4' title="bbox 550 553 2316 594">
     <span class='ocr_line' id='line_1_4' title="bbox 550 553 2316 594; baseline -0.006 -8"><span class='ocrx_word' id='word_1_37' title='bbox 550 563 571 585; x_wconf 89' lang='lat'><em>1.</em></span> <span class='ocrx_word' id='word_1_38' title='bbox 591 563 731 594; x_wconf 85' lang='lat' dir='ltr'><em>Sequentia</em></span> <span class='ocrx_word' id='word_1_39' title='bbox 746 562 820 593; x_wconf 83' lang='lat' dir='ltr'><em>quasi</em></span> <span class='ocrx_word' id='word_1_40' title='bbox 841 562 973 593; x_wconf 79' lang='lat' dir='ltr'>appendix</span> <span class='ocrx_word' id='word_1_41' title='bbox 989 562 1022 585; x_wconf 78' lang='lat' dir='ltr'><em>ad</em></span> <span class='ocrx_word' id='word_1_42' title='bbox 1039 561 1234 593; x_wconf 78' lang='lat' dir='ltr'><strong>propositiones</strong></span> <span class='ocrx_word' id='word_1_43' title='bbox 1250 569 1309 583; x_wconf 89' lang='lat' dir='ltr'><em>cum</em></span> <span class='ocrx_word' id='word_1_44' title='bbox 1327 559 1491 583; x_wconf 74' lang='lat' dir='ltr'>revocatione</span> <span class='ocrx_word' id='word_1_45' title='bbox 1507 561 1568 581; x_wconf 83' lang='lat' dir='ltr'><em>sunt</em></span> <span class='ocrx_word' id='word_1_46' title='bbox 1586 556 1715 583; x_wconf 74' lang='lat' dir='ltr'><em>habenda,</em></span> <span class='ocrx_word' id='word_1_47' title='bbox 1732 564 1797 587; x_wconf 83' lang='lat' dir='ltr'><em>quas</em></span> <span class='ocrx_word' id='word_1_48' title='bbox 1810 555 1864 586; x_wconf 81' lang='lat' dir='ltr'><em>jam</em></span> <span class='ocrx_word' id='word_1_49' title='bbox 1885 563 1966 586; x_wconf 83' lang='lat' dir='ltr'><em>supra</em></span> <span class='ocrx_word' id='word_1_50' title='bbox 1986 563 2012 585; x_wconf 90' lang='lat' dir='ltr'><em>p.</em></span> <span class='ocrx_word' id='word_1_51' title='bbox 2031 554 2075 577; x_wconf 85' lang='lat'><em>117</em></span> <span class='ocrx_word' id='word_1_52' title='bbox 2093 553 2233 576; x_wconf 77' lang='lat' dir='ltr'>edidimus.</span> <span class='ocrx_word' id='word_1_53' title='bbox 2253 553 2316 576; x_wconf 87' lang='lat' dir='ltr'><em>Dio-</em></span> 
     </span>
    </p>
   </div>
   <div class='ocr_carea' id='block_1_5' title="bbox 455 599 2315 725">
    <p class='ocr_par' dir='ltr' id='par_1_5' title="bbox 455 599 2315 725">
     <span class='ocr_line' id='line_1_5' title="bbox 456 599 2315 638; baseline -0.004 -9"><span class='ocrx_word' id='word_1_54' title='bbox 456 607 546 638; x_wconf 82' lang='lat' dir='ltr'><em>nysius</em></span> <span class='ocrx_word' id='word_1_55' title='bbox 564 610 624 630; x_wconf 79' lang='lat' dir='ltr'><em>tnnc</em></span> <span class='ocrx_word' id='word_1_56' title='bbox 645 606 752 630; x_wconf 78' lang='lat' dir='ltr'><em>Parisiis</em></span> <span class='ocrx_word' id='word_1_57' title='bbox 772 610 824 629; x_wconf 74' lang='lat' dir='ltr'><em>tum</em></span> <span class='ocrx_word' id='word_1_58' title='bbox 846 607 916 635; x_wconf 74' lang='lat' dir='ltr'><em>illas,</em></span> <span class='ocrx_word' id='word_1_59' title='bbox 939 615 1018 637; x_wconf 79' lang='lat' dir='ltr'><em>quam</em></span> <span class='ocrx_word' id='word_1_60' title='bbox 1033 614 1076 629; x_wconf 83' lang='lat' dir='ltr'><em>eas</em></span> <span class='ocrx_word' id='word_1_61' title='bbox 1098 606 1122 629; x_wconf 93' lang='lat' dir='ltr'><em>in</em></span> <span class='ocrx_word' id='word_1_62' title='bbox 1141 605 1213 628; x_wconf 78' lang='lat' dir='ltr'><em>curia</em></span> <span class='ocrx_word' id='word_1_63' title='bbox 1238 605 1288 628; x_wconf 77' lang='lat' dir='ltr'><em>sibi</em></span> <span class='ocrx_word' id='word_1_64' title='bbox 1308 603 1446 635; x_wconf 78' lang='lat' dir='ltr'><em>impositus</em></span> <span class='ocrx_word' id='word_1_65' title='bbox 1468 602 1574 634; x_wconf 84' lang='lat' dir='ltr'><em>publice</em></span> <span class='ocrx_word' id='word_1_66' title='bbox 1600 608 1722 624; x_wconf 76' lang='lat' dir='ltr'><em>revocare</em></span> <span class='ocrx_word' id='word_1_67' title='bbox 1746 599 1844 622; x_wconf 78' lang='lat' dir='ltr'>debuit.</span> <span class='ocrx_word' id='word_1_68' title='bbox 1867 614 1893 616; x_wconf 97' lang='lat'><strong>—</strong></span> <span class='ocrx_word' id='word_1_69' title='bbox 1915 600 1938 622; x_wconf 85' lang='lat'><em>2.</em></span> <span class='ocrx_word' id='word_1_70' title='bbox 1958 599 2004 622; x_wconf 84' lang='lat' dir='ltr'><em>Ms.</em></span> <span class='ocrx_word' id='word_1_71' title='bbox 2024 607 2028 621; x_wconf 77' lang='lat' dir='ltr'>z</span> <span class='ocrx_word' id='word_1_72' title='bbox 2048 607 2058 620; x_wconf 84' lang='lat'>«</span> <span class='ocrx_word' id='word_1_73' title='bbox 2075 606 2231 629; x_wconf 83' lang='lat' dir='ltr'><em>componere</em></span> <span class='ocrx_word' id='word_1_74' title='bbox 2248 607 2269 621; x_wconf 76' lang='lat'><em>»-</em></span> <span class='ocrx_word' id='word_1_75' title='bbox 2287 611 2315 614; x_wconf 97' lang='lat'><strong>—</strong></span> 
     </span>
     <span class='ocr_line' id='line_1_6' title="bbox 456 642 2314 681; baseline -0.005 -7"><span class='ocrx_word' id='word_1_76' title='bbox 456 653 478 674; x_wconf 84' lang='lat'><em>3.</em></span> <span class='ocrx_word' id='word_1_77' title='bbox 491 651 604 674; x_wconf 83' lang='lat' dir='ltr'><em>Johanni</em></span> <span class='ocrx_word' id='word_1_78' title='bbox 621 651 651 674; x_wconf 88' lang='lat' dir='ltr'><em>de</em></span> <span class='ocrx_word' id='word_1_79' title='bbox 667 651 817 678; x_wconf 82' lang='lat' dir='ltr'><em>Blandiaco,</em></span> <span class='ocrx_word' id='word_1_80' title='bbox 836 651 867 674; x_wconf 79' lang='lat' dir='ltr'><em>de</em></span> <span class='ocrx_word' id='word_1_81' title='bbox 883 659 933 681; x_wconf 91' lang='lat' dir='ltr'><em>quo</em></span> <span class='ocrx_word' id='word_1_82' title='bbox 951 655 980 673; x_wconf 84' lang='lat' dir='ltr'><em>n0</em></span> <span class='ocrx_word' id='word_1_83' title='bbox 994 651 1063 673; x_wconf 84' lang='lat'>1318.</span> <span class='ocrx_word' id='word_1_84' title='bbox 1079 664 1107 668; x_wconf 89' lang='lat'><em>—-</em></span> <span class='ocrx_word' id='word_1_85' title='bbox 1122 651 1145 673; x_wconf 67' lang='lat' dir='ltr'><em>la.</em></span> <span class='ocrx_word' id='word_1_86' title='bbox 1160 650 1300 673; x_wconf 80' lang='lat' dir='ltr'><em>Guillelmo</em></span> <span class='ocrx_word' id='word_1_87' title='bbox 1321 649 1445 678; x_wconf 78' lang='lat' dir='ltr'><em>Bragose,</em></span> <span class='ocrx_word' id='word_1_88' title='bbox 1464 648 1495 670; x_wconf 90' lang='lat' dir='ltr'><em>de</em></span> <span class='ocrx_word' id='word_1_89' title='bbox 1510 655 1561 678; x_wconf 85' lang='lat' dir='ltr'><em>quo</em></span> <span class='ocrx_word' id='word_1_90' title='bbox 1575 653 1665 677; x_wconf 84' lang='lat' dir='ltr'><em>supra.</em></span> <span class='ocrx_word' id='word_1_91' title='bbox 1683 659 1709 662; x_wconf 89' lang='lat'>-</span> <span class='ocrx_word' id='word_1_92' title='bbox 1727 647 1748 668; x_wconf 89' lang='lat'><em>5.</em></span> <span class='ocrx_word' id='word_1_93' title='bbox 1765 644 1837 672; x_wconf 76' lang='lat' dir='ltr'><em>Quae</em></span> <span class='ocrx_word' id='word_1_94' title='bbox 1853 647 1999 675; x_wconf 80' lang='lat' dir='ltr'><em>sequuntur</em></span> <span class='ocrx_word' id='word_1_95' title='bbox 2013 651 2096 674; x_wconf 87' lang='lat' dir='ltr'><em>usque</em></span> <span class='ocrx_word' id='word_1_96' title='bbox 2113 651 2124 665; x_wconf 72' lang='grc' dir='ltr'><em>(ι</em></span> <span class='ocrx_word' id='word_1_97' title='bbox 2141 642 2205 666; x_wconf 76' lang='lat' dir='ltr'><em>Item</em></span> <span class='ocrx_word' id='word_1_98' title='bbox 2225 642 2287 674; x_wconf 72' lang='lat' dir='ltr'><em>quia</em></span> <span class='ocrx_word' id='word_1_99' title='bbox 2303 650 2314 665; x_wconf 67' lang='grc' dir='ltr'><strong><em>ι</em></strong></span> 
     </span>
     <span class='ocr_line' id='line_1_7' title="bbox 455 692 1485 725; baseline -0.004 -7"><span class='ocrx_word' id='word_1_100' title='bbox 455 695 549 718; x_wconf 78' lang='lat' dir='ltr'><em>desunt</em></span> <span class='ocrx_word' id='word_1_101' title='bbox 565 695 591 718; x_wconf 87' lang='lat' dir='ltr'><em>in</em></span> <span class='ocrx_word' id='word_1_102' title='bbox 607 704 654 718; x_wconf 67' lang='grc' dir='ltr'><em>ηις.</em></span> <span class='ocrx_word' id='word_1_103' title='bbox 672 695 768 718; x_wconf 76' lang='lat' dir='ltr'><em>Autiss.</em></span> <span class='ocrx_word' id='word_1_104' title='bbox 783 709 814 712; x_wconf 97' lang='lat'><strong>—</strong></span> <span class='ocrx_word' id='word_1_105' title='bbox 826 697 850 718; x_wconf 79' lang='lat'><em>6.</em></span> <span class='ocrx_word' id='word_1_106' title='bbox 865 696 884 718; x_wconf 82' lang='lat'><em>1.</em></span> <span class='ocrx_word' id='word_1_107' title='bbox 896 703 917 718; x_wconf 87' lang='lat' dir='ltr'><em>e.</em></span> <span class='ocrx_word' id='word_1_108' title='bbox 935 703 1034 723; x_wconf 80' lang='lat' dir='ltr'><em>eorum,</em></span> <span class='ocrx_word' id='word_1_109' title='bbox 1049 703 1115 725; x_wconf 79' lang='lat' dir='ltr'><em>quae</em></span> <span class='ocrx_word' id='word_1_110' title='bbox 1131 702 1211 725; x_wconf 82' lang='lat' dir='ltr'><em>supra</em></span> <span class='ocrx_word' id='word_1_111' title='bbox 1229 702 1254 725; x_wconf 88' lang='lat' dir='ltr'><em>p.</em></span> <span class='ocrx_word' id='word_1_112' title='bbox 1270 694 1314 716; x_wconf 79' lang='lat'><em>117</em></span> <span class='ocrx_word' id='word_1_113' title='bbox 1330 692 1485 715; x_wconf 82' lang='lat' dir='ltr'><em>afferuntur.</em></span> 
     </span>
    </p>
   </div>
   <div class='ocr_carea' id='block_1_6' title="bbox 459 866 2315 1152">
    <p class='ocr_par' dir='ltr' id='par_1_6' title="bbox 459 866 2315 1152">
     <span class='ocr_line' id='line_1_8' title="bbox 459 866 2315 908; baseline -0.005 -7"><span class='ocrx_word' id='word_1_114' title='bbox 459 866 597 902; x_wconf 83' lang='grc'>1353.</span> <span class='ocrx_word' id='word_1_115' title='bbox 626 875 755 900; x_wconf 78' lang='lat' dir='ltr'><em>Urbanus</em></span> <span class='ocrx_word' id='word_1_116' title='bbox 776 875 799 900; x_wconf 92' lang='lat' dir='ltr'><em>V</em></span> <span class='ocrx_word' id='word_1_117' title='bbox 814 874 963 908; x_wconf 84' lang='lat' dir='ltr'><em>(Grimerio</em></span> <span class='ocrx_word' id='word_1_118' title='bbox 984 873 1139 907; x_wconf 81' lang='lat' dir='ltr'><em>Bonisacii)</em></span> <span class='ocrx_word' id='word_1_119' title='bbox 1163 872 1336 898; x_wconf 78' lang='lat' dir='ltr'><em>cancellario</em></span> <span class='ocrx_word' id='word_1_120' title='bbox 1359 872 1465 905; x_wconf 59' lang='lat' dir='ltr'><em>Paris„</em></span> <span class='ocrx_word' id='word_1_121' title='bbox 1485 875 1514 896; x_wconf 81' lang='lat' dir='ltr'><em>ut</em></span> <span class='ocrx_word' id='word_1_122' title='bbox 1528 871 1652 897; x_wconf 78' lang='lat' dir='ltr'><em>Johanni</em></span> <span class='ocrx_word' id='word_1_123' title='bbox 1670 868 1855 902; x_wconf 75' lang='lat' dir='ltr'><em>Cor-bechon&#39;,</em></span> <span class='ocrx_word' id='word_1_124' title='bbox 1882 867 1948 894; x_wconf 78' lang='lat' dir='ltr'><em>ord.</em></span> <span class='ocrx_word' id='word_1_125' title='bbox 1974 867 2090 893; x_wconf 83' lang='lat' dir='ltr'><em>Eremit.</em></span> <span class='ocrx_word' id='word_1_126' title='bbox 2117 868 2143 893; x_wconf 89' lang='lat' dir='ltr'><em>S.</em></span> <span class='ocrx_word' id='word_1_127' title='bbox 2162 867 2246 901; x_wconf 69' lang='lat' dir='ltr'><em>Aug„</em></span> <span class='ocrx_word' id='word_1_128' title='bbox 2265 866 2315 901; x_wconf 86' lang='lat' dir='ltr'><em>qui</em></span> 
     </span>
     <span class='ocr_line' id='line_1_9' title="bbox 539 913 2314 958; baseline -0.006 -9"><span class='ocrx_word' id='word_1_129' title='bbox 539 932 591 958; x_wconf 82' lang='lat' dir='ltr'><em>per</em></span> <span class='ocrx_word' id='word_1_130' title='bbox 611 923 706 949; x_wconf 79' lang='lat' dir='ltr'><em>decem</em></span> <span class='ocrx_word' id='word_1_131' title='bbox 726 932 863 948; x_wconf 85' lang='lat' dir='ltr'><em>annorum</em></span> <span class='ocrx_word' id='word_1_132' title='bbox 883 922 1010 958; x_wconf 82' lang='lat' dir='ltr'><em>spatium</em></span> <span class='ocrx_word' id='word_1_133' title='bbox 1031 922 1059 947; x_wconf 87' lang='lat' dir='ltr'><em>in</em></span> <span class='ocrx_word' id='word_1_134' title='bbox 1083 921 1226 955; x_wconf 80' lang='lat' dir='ltr'><em>facultate</em></span> <span class='ocrx_word' id='word_1_135' title='bbox 1246 920 1406 954; x_wconf 79' lang='lat' dir='ltr'><em>theologica</em></span> <span class='ocrx_word' id='word_1_136' title='bbox 1426 920 1546 953; x_wconf 83' lang='lat' dir='ltr'><em>officium</em></span> <span class='ocrx_word' id='word_1_137' title='bbox 1571 919 1762 945; x_wconf 79' lang='lat' dir='ltr'><em>laudabiliter</em></span> <span class='ocrx_word' id='word_1_138' title='bbox 1788 916 1914 943; x_wconf 69' lang='lat' dir='ltr'><em>exercuit</em></span> <span class='ocrx_word' id='word_1_139' title='bbox 1939 916 2094 942; x_wconf 79' lang='lat' dir='ltr'><em>lectoratus</em></span> <span class='ocrx_word' id='word_1_140' title='bbox 2118 919 2145 941; x_wconf 76' lang='lat' dir='ltr'><em>et</em></span> <span class='ocrx_word' id='word_1_141' title='bbox 2167 915 2195 941; x_wconf 87' lang='lat' dir='ltr'><em>in</em></span> <span class='ocrx_word' id='word_1_142' title='bbox 2217 913 2314 940; x_wconf 85' lang='lat' dir='ltr'><em>studio</em></span> 
     </span>
     <span class='ocr_line' id='line_1_10' title="bbox 539 964 2312 1004; baseline -0.005 -7"><span class='ocrx_word' id='word_1_143' title='bbox 539 972 699 997; x_wconf 80' lang='lat' dir='ltr'><em>Parisiensi</em></span> <span class='ocrx_word' id='word_1_144' title='bbox 714 971 860 997; x_wconf 84' lang='lat' dir='ltr'><em>ordinarie</em></span> <span class='ocrx_word' id='word_1_145' title='bbox 875 971 999 996; x_wconf 83' lang='lat' dir='ltr'><em>Bibliam</em></span> <span class='ocrx_word' id='word_1_146' title='bbox 1016 970 1091 1004; x_wconf 78' lang='lat' dir='ltr'><em>legit,</em></span> <span class='ocrx_word' id='word_1_147' title='bbox 1110 970 1149 995; x_wconf 83' lang='lat' dir='ltr'><em>ad</em></span> <span class='ocrx_word' id='word_1_148' title='bbox 1164 969 1313 1003; x_wconf 77' lang='lat' dir='ltr'><em>legendum</em></span> <span class='ocrx_word' id='word_1_149' title='bbox 1330 968 1477 994; x_wconf 83' lang='lat' dir='ltr'><em>ordinarie</em></span> <span class='ocrx_word' id='word_1_150' title='bbox 1492 977 1567 994; x_wconf 85' lang='lat' dir='ltr'><em>anno</em></span> <span class='ocrx_word' id='word_1_151' title='bbox 1579 967 1730 1004; x_wconf 81' lang='lat' dir='ltr'><em>praesenti</em></span> <span class='ocrx_word' id='word_1_152' title='bbox 1743 966 1845 993; x_wconf 85' lang='lat' dir='ltr'><em>librum</em></span> <span class='ocrx_word' id='word_1_153' title='bbox 1863 967 1998 998; x_wconf 60' lang='lat' dir='ltr'><em>sentent„</em></span> <span class='ocrx_word' id='word_1_154' title='bbox 2017 964 2227 1000; x_wconf 80' lang='lat' dir='ltr'><em>quamprimum</em></span> <span class='ocrx_word' id='word_1_155' title='bbox 2243 967 2312 989; x_wconf 83' lang='lat' dir='ltr'><em>tem-</em></span> 
     </span>
     <span class='ocr_line' id='line_1_11' title="bbox 538 1011 2312 1056; baseline -0.005 -10"><span class='ocrx_word' id='word_1_156' title='bbox 538 1030 594 1056; x_wconf 81' lang='lat' dir='ltr'><em>pus</em></span> <span class='ocrx_word' id='word_1_157' title='bbox 610 1020 764 1045; x_wconf 84' lang='lat' dir='ltr'><em>inchoandi</em></span> <span class='ocrx_word' id='word_1_158' title='bbox 779 1019 916 1045; x_wconf 79' lang='lat' dir='ltr'><em>lecturam</em></span> <span class='ocrx_word' id='word_1_159' title='bbox 936 1019 1006 1044; x_wconf 80' lang='lat' dir='ltr'><em>dicti</em></span> <span class='ocrx_word' id='word_1_160' title='bbox 1028 1018 1095 1044; x_wconf 83' lang='lat' dir='ltr'><em>libri</em></span> <span class='ocrx_word' id='word_1_161' title='bbox 1119 1018 1263 1051; x_wconf 79' lang='lat' dir='ltr'><em>institerit,</em></span> <span class='ocrx_word' id='word_1_162' title='bbox 1285 1018 1313 1043; x_wconf 87' lang='lat' dir='ltr'><em>in</em></span> <span class='ocrx_word' id='word_1_163' title='bbox 1332 1021 1466 1043; x_wconf 69' lang='lat' dir='ltr'><em>conventu</em></span> <span class='ocrx_word' id='word_1_164' title='bbox 1481 1017 1575 1042; x_wconf 89' lang='lat' dir='ltr'><em>Paris.</em></span> <span class='ocrx_word' id='word_1_165' title='bbox 1595 1016 1637 1042; x_wconf 67' lang='lat' dir='ltr'><em>vel</em></span> <span class='ocrx_word' id='word_1_166' title='bbox 1657 1016 1685 1041; x_wconf 87' lang='lat' dir='ltr'><em>in</em></span> <span class='ocrx_word' id='word_1_167' title='bbox 1700 1015 1760 1041; x_wconf 83' lang='lat' dir='ltr'><em>alio</em></span> <span class='ocrx_word' id='word_1_168' title='bbox 1781 1015 1851 1048; x_wconf 85' lang='lat' dir='ltr'><em>loco,</em></span> <span class='ocrx_word' id='word_1_169' title='bbox 1868 1015 1931 1040; x_wconf 79' lang='lat' dir='ltr'><em>sine</em></span> <span class='ocrx_word' id='word_1_170' title='bbox 1949 1013 2130 1049; x_wconf 82' lang='lat' dir='ltr'><em>praejudicio</em></span> <span class='ocrx_word' id='word_1_171' title='bbox 2146 1011 2312 1038; x_wconf 77' lang='lat' dir='ltr'><em>baccalarei</em></span> 
     </span>
     <span class='ocr_line' id='line_1_12' title="bbox 539 1059 2312 1102; baseline -0.005 -8"><span class='ocrx_word' id='word_1_172' title='bbox 539 1069 609 1094; x_wconf 80' lang='lat' dir='ltr'><em>dicti</em></span> <span class='ocrx_word' id='word_1_173' title='bbox 627 1068 691 1094; x_wconf 88' lang='lat' dir='ltr'><em>Ord.</em></span> <span class='ocrx_word' id='word_1_174' title='bbox 710 1068 750 1094; x_wconf 85' lang='lat' dir='ltr'><em>ad</em></span> <span class='ocrx_word' id='word_1_175' title='bbox 767 1068 904 1093; x_wconf 79' lang='lat' dir='ltr'><em>lecturam</em></span> <span class='ocrx_word' id='word_1_176' title='bbox 919 1068 1045 1102; x_wconf 80' lang='lat' dir='ltr'><em>forsitan</em></span> <span class='ocrx_word' id='word_1_177' title='bbox 1060 1067 1200 1102; x_wconf 80' lang='lat' dir='ltr'><em>deputati,</em></span> <span class='ocrx_word' id='word_1_178' title='bbox 1219 1066 1310 1092; x_wconf 87' lang='lat' dir='ltr'><em>locum</em></span> <span class='ocrx_word' id='word_1_179' title='bbox 1326 1067 1455 1100; x_wconf 78' lang='lat' dir='ltr'><em>assignet</em></span> <span class='ocrx_word' id='word_1_180' title='bbox 1471 1074 1589 1100; x_wconf 83' lang='lat' dir='ltr'><em>eumque</em></span> <span class='ocrx_word' id='word_1_181' title='bbox 1607 1065 1721 1090; x_wconf 76' lang='lat' dir='ltr'><em>lectura</em></span> <span class='ocrx_word' id='word_1_182' title='bbox 1731 1064 1817 1098; x_wconf 84' lang='lat' dir='ltr'><em>finita</em></span> <span class='ocrx_word' id='word_1_183' title='bbox 1838 1063 1878 1088; x_wconf 86' lang='lat' dir='ltr'><em>ad</em></span> <span class='ocrx_word' id='word_1_184' title='bbox 1891 1062 2001 1097; x_wconf 80' lang='lat' dir='ltr'><em>gradus</em></span> <span class='ocrx_word' id='word_1_185' title='bbox 2017 1061 2092 1087; x_wconf 86' lang='lat' dir='ltr'><em>alios</em></span> <span class='ocrx_word' id='word_1_186' title='bbox 2110 1061 2202 1087; x_wconf 80' lang='lat' dir='ltr'><em>studii</em></span> <span class='ocrx_word' id='word_1_187' title='bbox 2215 1059 2312 1095; x_wconf 77' lang='lat' dir='ltr'><em>facul-</em></span> 
     </span>
     <span class='ocr_line' id='line_1_13' title="bbox 542 1109 2309 1152; baseline -0.005 -9"><span class='ocrx_word' id='word_1_188' title='bbox 542 1118 610 1142; x_wconf 86' lang='lat' dir='ltr'><em>tatis</em></span> <span class='ocrx_word' id='word_1_189' title='bbox 627 1117 752 1152; x_wconf 85' lang='lat' dir='ltr'><em>ejusdem</em></span> <span class='ocrx_word' id='word_1_190' title='bbox 769 1116 914 1142; x_wconf 82' lang='lat' dir='ltr'><strong><em>ordinarie</em></strong></span> <span class='ocrx_word' id='word_1_191' title='bbox 931 1121 956 1142; x_wconf 81' lang='lat' dir='ltr'><em>et</em></span> <span class='ocrx_word' id='word_1_192' title='bbox 970 1116 1116 1149; x_wconf 81' lang='lat' dir='ltr'><em>gradatim</em></span> <span class='ocrx_word' id='word_1_193' title='bbox 1131 1119 1302 1150; x_wconf 71' lang='lat' dir='ltr'><em>promovent,</em></span> <span class='ocrx_word' id='word_1_194' title='bbox 1320 1123 1354 1139; x_wconf 84' lang='lat' dir='ltr'><em>ac</em></span> <span class='ocrx_word' id='word_1_195' title='bbox 1369 1114 1480 1139; x_wconf 83' lang='lat' dir='ltr'><em>demum</em></span> <span class='ocrx_word' id='word_1_196' title='bbox 1494 1114 1521 1139; x_wconf 88' lang='lat' dir='ltr'><em>ei</em></span> <span class='ocrx_word' id='word_1_197' title='bbox 1536 1113 1697 1147; x_wconf 81' lang='lat' dir='ltr'><em>magisterii</em></span> <span class='ocrx_word' id='word_1_198' title='bbox 1712 1112 1798 1138; x_wconf 85' lang='lat' dir='ltr'><em>decus</em></span> <span class='ocrx_word' id='word_1_199' title='bbox 1814 1121 1848 1137; x_wconf 87' lang='lat' dir='ltr'><em>ac</em></span> <span class='ocrx_word' id='word_1_200' title='bbox 1864 1111 1985 1137; x_wconf 85' lang='lat' dir='ltr'><em>docendi</em></span> <span class='ocrx_word' id='word_1_201' title='bbox 1998 1110 2143 1145; x_wconf 79' lang='lat' dir='ltr'><em>largiatur</em></span> <span class='ocrx_word' id='word_1_202' title='bbox 2155 1109 2309 1136; x_wconf 79' lang='lat' dir='ltr'><em>licentiam.</em></span> 
     </span>
    </p>
   </div>
   <div class='ocr_carea' id='block_1_7' title="bbox 538 1162 1759 1198">
    <p class='ocr_par' dir='ltr' id='par_1_7' title="bbox 538 1162 1759 1198">
     <span class='ocr_line' id='line_1_14' title="bbox 538 1162 1759 1198; baseline -0.005 -6"><span class='ocrx_word' id='word_1_203' title='bbox 538 1167 601 1191; x_wconf 82' lang='lat' dir='ltr'><em>Dat.</em></span> <span class='ocrx_word' id='word_1_204' title='bbox 617 1167 707 1192; x_wconf 84' lang='lat' dir='ltr'><em>Rome</em></span> <span class='ocrx_word' id='word_1_205' title='bbox 721 1166 799 1198; x_wconf 87' lang='lat' dir='ltr'><em>apud</em></span> <span class='ocrx_word' id='word_1_206' title='bbox 817 1165 956 1191; x_wconf 88' lang='lat' dir='ltr'><em>Sanctum</em></span> <span class='ocrx_word' id='word_1_207' title='bbox 972 1165 1090 1191; x_wconf 83' lang='lat' dir='ltr'><em>Petrum</em></span> <span class='ocrx_word' id='word_1_208' title='bbox 1106 1164 1152 1197; x_wconf 72' lang='lat' dir='ltr'><em>viij</em></span> <span class='ocrx_word' id='word_1_209' title='bbox 1168 1164 1206 1189; x_wconf 88' lang='lat' dir='ltr'><em>id.</em></span> <span class='ocrx_word' id='word_1_210' title='bbox 1227 1164 1383 1192; x_wconf 80' lang='lat' dir='ltr'><em>Februarii.</em></span> <span class='ocrx_word' id='word_1_211' title='bbox 1399 1170 1478 1189; x_wconf 81' lang='lat' dir='ltr'><em>anno</em></span> <span class='ocrx_word' id='word_1_212' title='bbox 1493 1167 1553 1188; x_wconf 80' lang='lat' dir='ltr'>v11⁰.</span> <span class='ocrx_word' id='word_1_213' title='bbox 1570 1172 1584 1186; x_wconf 84' lang='lat'>«</span> <span class='ocrx_word' id='word_1_214' title='bbox 1598 1162 1655 1195; x_wconf 91' lang='lat' dir='ltr'><em>Qui</em></span> <span class='ocrx_word' id='word_1_215' title='bbox 1668 1170 1719 1195; x_wconf 86' lang='lat' dir='ltr'><em>per</em></span> <span class='ocrx_word' id='word_1_216' title='bbox 1735 1172 1759 1186; x_wconf 85' lang='lat'><em>».</em></span> 
     </span>
    </p>
   </div>
   <div class='ocr_carea' id='block_1_8' title="bbox 540 1245 2025 1315">
    <p class='ocr_par' dir='ltr' id='par_1_8' title="bbox 540 1245 2025 1315">
     <span class='ocr_line' id='line_1_15' title="bbox 1652 1245 2025 1275; baseline -0.005 -3"><span class='ocrx_word' id='word_1_217' title='bbox 1652 1246 1727 1275; x_wconf 81' lang='lat'><strong><em>1369,</em></strong></span> <span class='ocrx_word' id='word_1_218' title='bbox 1743 1245 1875 1272; x_wconf 78' lang='lat' dir='ltr'><em>Februarii</em></span> <span class='ocrx_word' id='word_1_219' title='bbox 1886 1245 1911 1274; x_wconf 77' lang='lat'><em>6.</em></span> <span class='ocrx_word' id='word_1_220' title='bbox 1925 1245 2025 1271; x_wconf 77' lang='lat' dir='ltr'><em>Romae.</em></span> 
     </span>
     <span class='ocr_line' id='line_1_16' title="bbox 540 1283 1206 1315; baseline -0.003 -8"><span class='ocrx_word' id='word_1_221' title='bbox 540 1286 602 1315; x_wconf 87' lang='lat' dir='ltr'><em>Reg.</em></span> <span class='ocrx_word' id='word_1_222' title='bbox 623 1285 678 1307; x_wconf 79' lang='lat' dir='ltr'><em>vat.</em></span> <span class='ocrx_word' id='word_1_223' title='bbox 695 1285 774 1307; x_wconf 77' lang='lat' dir='ltr'><em>Aven.</em></span> <span class='ocrx_word' id='word_1_224' title='bbox 792 1283 892 1307; x_wconf 81' lang='lat' dir='ltr'>Urbani</span> <span class='ocrx_word' id='word_1_225' title='bbox 910 1284 939 1312; x_wconf 82' lang='lat' dir='ltr'><em>V,</em></span> <span class='ocrx_word' id='word_1_226' title='bbox 955 1284 1006 1306; x_wconf 87' lang='lat' dir='ltr'><em>vol.</em></span> <span class='ocrx_word' id='word_1_227' title='bbox 1024 1283 1075 1312; x_wconf 90' lang='lat' dir='ltr'><em>XX,</em></span> <span class='ocrx_word' id='word_1_228' title='bbox 1093 1283 1137 1306; x_wconf 81' lang='lat' dir='ltr'><em>sol.</em></span> <span class='ocrx_word' id='word_1_229' title='bbox 1151 1283 1206 1306; x_wconf 73' lang='grc'>421.</span> 
     </span>
    </p>
   </div>
   <div class='ocr_carea' id='block_1_9' title="bbox 540 1361 2313 1397">
    <p class='ocr_par' dir='ltr' id='par_1_9' title="bbox 540 1361 2313 1397">
     <span class='ocr_line' id='line_1_17' title="bbox 540 1361 2313 1397; baseline -0.003 -6"><span class='ocrx_word' id='word_1_230' title='bbox 540 1368 562 1391; x_wconf 87' lang='grc'><em>1.</em></span> <span class='ocrx_word' id='word_1_231' title='bbox 582 1377 592 1390; x_wconf 86' lang='lat'>«</span> <span class='ocrx_word' id='word_1_232' title='bbox 613 1368 677 1390; x_wconf 79' lang='lat' dir='ltr'><em>Jean</em></span> <span class='ocrx_word' id='word_1_233' title='bbox 700 1367 847 1390; x_wconf 80' lang='lat' dir='ltr'><em>Corhichon</em></span> <span class='ocrx_word' id='word_1_234' title='bbox 870 1376 880 1389; x_wconf 65' lang='grc' dir='ltr'><strong>υ</strong></span> <span class='ocrx_word' id='word_1_235' title='bbox 905 1375 947 1390; x_wconf 85' lang='lat' dir='ltr'><em>nn.</em></span> <span class='ocrx_word' id='word_1_236' title='bbox 968 1367 1028 1390; x_wconf 77' lang='lat'>1372</span> <span class='ocrx_word' id='word_1_237' title='bbox 1048 1376 1062 1389; x_wconf 85' lang='lat' dir='ltr'><em>u</em></span> <span class='ocrx_word' id='word_1_238' title='bbox 1085 1367 1178 1390; x_wconf 81' lang='lat' dir='ltr'><em>Cnrolo</em></span> <span class='ocrx_word' id='word_1_239' title='bbox 1199 1367 1227 1394; x_wconf 76' lang='lat' dir='ltr'><em>V,</em></span> <span class='ocrx_word' id='word_1_240' title='bbox 1248 1375 1310 1397; x_wconf 84' lang='lat' dir='ltr'><em>rege</em></span> <span class='ocrx_word' id='word_1_241' title='bbox 1332 1367 1501 1397; x_wconf 76' lang='lat' dir='ltr'>Francorum,</span> <span class='ocrx_word' id='word_1_242' title='bbox 1523 1368 1705 1389; x_wconf 79' lang='lat' dir='ltr'><em>remuneratus</em></span> <span class='ocrx_word' id='word_1_243' title='bbox 1726 1367 1766 1387; x_wconf 82' lang='lat' dir='ltr'><em>est</em></span> <span class='ocrx_word' id='word_1_244' title='bbox 1780 1372 1829 1395; x_wconf 87' lang='lat' dir='ltr'><em>pro</em></span> <span class='ocrx_word' id='word_1_245' title='bbox 1849 1364 1970 1387; x_wconf 74' lang='lat' dir='ltr'><em>traducto</em></span> <span class='ocrx_word' id='word_1_246' title='bbox 1992 1363 2060 1386; x_wconf 85' lang='lat' dir='ltr'><em>libro</em></span> <span class='ocrx_word' id='word_1_247' title='bbox 2080 1363 2120 1386; x_wconf 82' lang='lat' dir='ltr'><em>De</em></span> <span class='ocrx_word' id='word_1_248' title='bbox 2140 1361 2313 1393; x_wconf 67' lang='lat' dir='ltr'><em>proprietate</em></span> 
     </span>
    </p>
   </div>
   <div class='ocr_carea' id='block_1_10' title="bbox 447 1411 1323 1443">
    <p class='ocr_par' dir='ltr' id='par_1_10' title="bbox 447 1411 1323 1443">
     <span class='ocr_line' id='line_1_18' title="bbox 447 1411 1323 1443; baseline -0.002 -7"><span class='ocrx_word' id='word_1_249' title='bbox 447 1419 544 1436; x_wconf 81' lang='lat' dir='ltr'><em>rerum</em></span> <span class='ocrx_word' id='word_1_250' title='bbox 559 1412 585 1435; x_wconf 89' lang='lat' dir='ltr'><em>in</em></span> <span class='ocrx_word' id='word_1_251' title='bbox 600 1412 718 1443; x_wconf 77' lang='lat' dir='ltr'><em>linguam</em></span> <span class='ocrx_word' id='word_1_252' title='bbox 732 1411 870 1436; x_wconf 77' lang='lat' dir='ltr'><em>Gallicam.</em></span> <span class='ocrx_word' id='word_1_253' title='bbox 885 1411 989 1440; x_wconf 68' lang='lat' dir='ltr'><em>Dotis-le,</em></span> <span class='ocrx_word' id='word_1_254' title='bbox 1004 1412 1066 1435; x_wconf 79' lang='lat' dir='ltr'><em>Cab.</em></span> <span class='ocrx_word' id='word_1_255' title='bbox 1079 1413 1125 1435; x_wconf 81' lang='lat' dir='ltr'><em>des</em></span> <span class='ocrx_word' id='word_1_256' title='bbox 1141 1418 1216 1438; x_wconf 59' lang='lat' dir='ltr'><em>mss„</em></span> <span class='ocrx_word' id='word_1_257' title='bbox 1231 1412 1249 1438; x_wconf 88' lang='lat' dir='ltr'><em>l,</em></span> <span class='ocrx_word' id='word_1_258' title='bbox 1266 1411 1305 1434; x_wconf 75' lang='lat'><em>41.</em></span> <span class='ocrx_word' id='word_1_259' title='bbox 1319 1417 1323 1420; x_wconf 62' lang='lat'><strong>⁴</strong></span> 
     </span>
    </p>
   </div>
   <div class='ocr_carea' id='block_1_11' title="bbox 453 1578 2311 1621">
    <p class='ocr_par' dir='ltr' id='par_1_11' title="bbox 453 1578 2311 1621">
     <span class='ocr_line' id='line_1_19' title="bbox 453 1578 2311 1621; baseline -0.004 -6"><span class='ocrx_word' id='word_1_260' title='bbox 453 1578 593 1615; x_wconf 76' lang='grc'>1354.</span> <span class='ocrx_word' id='word_1_261' title='bbox 618 1588 719 1613; x_wconf 82' lang='lat' dir='ltr'><em>Rector</em></span> <span class='ocrx_word' id='word_1_262' title='bbox 736 1586 841 1613; x_wconf 78' lang='lat' dir='ltr'><em>electus</em></span> <span class='ocrx_word' id='word_1_263' title='bbox 860 1586 1025 1612; x_wconf 83' lang='lat' dir='ltr'><em>Guillelmus</em></span> <span class='ocrx_word' id='word_1_264' title='bbox 1043 1587 1203 1621; x_wconf 82' lang='lat' dir='ltr'><em>Carnificis.</em></span> <span class='ocrx_word' id='word_1_265' title='bbox 1222 1587 1344 1613; x_wconf 80' lang='lat' dir='ltr'><em>Mortale</em></span> <span class='ocrx_word' id='word_1_266' title='bbox 1365 1587 1488 1621; x_wconf 74' lang='lat' dir='ltr'><em>litigium</em></span> <span class='ocrx_word' id='word_1_267' title='bbox 1511 1586 1584 1612; x_wconf 80' lang='lat' dir='ltr'><em>inter</em></span> <span class='ocrx_word' id='word_1_268' title='bbox 1605 1589 1665 1611; x_wconf 86' lang='lat' dir='ltr'><em>nat.</em></span> <span class='ocrx_word' id='word_1_269' title='bbox 1684 1585 1825 1611; x_wconf 67' lang='lat' dir='ltr'><em>lv&#39;ranciae</em></span> <span class='ocrx_word' id='word_1_270' title='bbox 1841 1587 1868 1610; x_wconf 85' lang='lat' dir='ltr'><em>et</em></span> <span class='ocrx_word' id='word_1_271' title='bbox 1890 1583 2053 1609; x_wconf 80' lang='lat' dir='ltr'><em>Picardiae.</em></span> <span class='ocrx_word' id='word_1_272' title='bbox 2067 1582 2191 1608; x_wconf 83' lang='lat' dir='ltr'><em>Articuli</em></span> <span class='ocrx_word' id='word_1_273' title='bbox 2211 1585 2311 1608; x_wconf 73' lang='lat' dir='ltr'><em>contra</em></span> 
     </span>
    </p>
   </div>
   <div class='ocr_carea' id='block_1_12' title="bbox 534 1635 2022 1701">
    <p class='ocr_par' dir='ltr' id='par_1_12' title="bbox 534 1635 2022 1701">
     <span class='ocr_line' id='line_1_20' title="bbox 534 1635 914 1671; baseline 0.003 -11"><span class='ocrx_word' id='word_1_274' title='bbox 534 1636 739 1671; x_wconf 80' lang='lat' dir='ltr'><em>praepositum.</em></span> <span class='ocrx_word' id='word_1_275' title='bbox 758 1637 798 1661; x_wconf 87' lang='lat' dir='ltr'><em>De</em></span> <span class='ocrx_word' id='word_1_276' title='bbox 814 1635 914 1661; x_wconf 86' lang='lat' dir='ltr'><em>rotulo.</em></span> 
     </span>
     <span class='ocr_line' id='line_1_21' title="bbox 1364 1668 2022 1701; baseline -0.005 -4"><span class='ocrx_word' id='word_1_277' title='bbox 1364 1672 1438 1701; x_wconf 84' lang='lat'><strong><em>1368,</em></strong></span> <span class='ocrx_word' id='word_1_278' title='bbox 1454 1670 1600 1697; x_wconf 71' lang='lat' dir='ltr'><em>Decembris</em></span> <span class='ocrx_word' id='word_1_279' title='bbox 1616 1671 1737 1699; x_wconf 80' lang='grc'>16-1369,</span> <span class='ocrx_word' id='word_1_280' title='bbox 1754 1669 1841 1695; x_wconf 73' lang='lat' dir='ltr'><em>Martii</em></span> <span class='ocrx_word' id='word_1_281' title='bbox 1849 1670 1893 1699; x_wconf 78' lang='lat'><em>24,</em></span> <span class='ocrx_word' id='word_1_282' title='bbox 1910 1668 2022 1694; x_wconf 64' lang='lat' dir='ltr'><em>Parisiis.</em></span> 
     </span>
    </p>
   </div>
   <div class='ocr_carea' id='block_1_13' title="bbox 446 1750 2310 1865">
    <p class='ocr_par' dir='ltr' id='par_1_13' title="bbox 446 1750 2310 1865">
     <span class='ocr_line' id='line_1_22' title="bbox 536 1750 2310 1799; baseline -0.002 -13"><span class='ocrx_word' id='word_1_283' title='bbox 536 1755 640 1787; x_wconf 83' lang='lat' dir='ltr'><em>Anno</em></span> <span class='ocrx_word' id='word_1_284' title='bbox 665 1755 761 1796; x_wconf 82' lang='lat'><strong>1368,</strong></span> <span class='ocrx_word' id='word_1_285' title='bbox 780 1754 838 1787; x_wconf 86' lang='lat' dir='ltr'><em>die</em></span> <span class='ocrx_word' id='word_1_286' title='bbox 861 1755 919 1787; x_wconf 82' lang='lat'><em>16¹</em></span> <span class='ocrx_word' id='word_1_287' title='bbox 943 1755 1079 1787; x_wconf 80' lang='lat' dir='ltr'><em>mensis</em></span> <span class='ocrx_word' id='word_1_288' title='bbox 1102 1755 1326 1796; x_wconf 81' lang='lat' dir='ltr'><em>Decembris⁷</em></span> <span class='ocrx_word' id='word_1_289' title='bbox 1344 1755 1433 1787; x_wconf 86' lang='lat' dir='ltr'><em>sacta</em></span> <span class='ocrx_word' id='word_1_290' title='bbox 1454 1754 1738 1799; x_wconf 74' lang='lat' dir='ltr'><em>congregatione</em></span> <span class='ocrx_word' id='word_1_291' title='bbox 1759 1752 1939 1786; x_wconf 81' lang='lat' dir='ltr'><em>facultatis</em></span> <span class='ocrx_word' id='word_1_292' title='bbox 1960 1751 2055 1797; x_wconf 84' lang='lat' dir='ltr'><em>apud</em></span> <span class='ocrx_word' id='word_1_293' title='bbox 2076 1752 2110 1784; x_wconf 89' lang='lat' dir='ltr'><em>S.</em></span> <span class='ocrx_word' id='word_1_294' title='bbox 2128 1750 2310 1784; x_wconf 83' lang='lat' dir='ltr'><em>Julianum</em></span> 
     </span>
     <span class='ocr_line' id='line_1_23' title="bbox 446 1817 2310 1865; baseline -0.002 -11"><span class='ocrx_word' id='word_1_295' title='bbox 446 1822 489 1854; x_wconf 87' lang='lat' dir='ltr'><em>ad</em></span> <span class='ocrx_word' id='word_1_296' title='bbox 518 1821 725 1865; x_wconf 87' lang='lat' dir='ltr'><em>eligendum</em></span> <span class='ocrx_word' id='word_1_297' title='bbox 757 1827 933 1853; x_wconf 86' lang='lat' dir='ltr'><em>rectorem</em></span> <span class='ocrx_word' id='word_1_298' title='bbox 965 1832 1028 1865; x_wconf 90' lang='lat' dir='ltr'><em>per</em></span> <span class='ocrx_word' id='word_1_299' title='bbox 1055 1820 1300 1854; x_wconf 87' lang='lat' dir='ltr'><em>venerabilem</em></span> <span class='ocrx_word' id='word_1_300' title='bbox 1330 1828 1364 1853; x_wconf 88' lang='lat' dir='ltr'><em>et</em></span> <span class='ocrx_word' id='word_1_301' title='bbox 1391 1821 1588 1854; x_wconf 85' lang='lat' dir='ltr'><em>discretum</em></span> <span class='ocrx_word' id='word_1_302' title='bbox 1613 1821 1729 1854; x_wconf 85' lang='lat' dir='ltr'><em>virum</em></span> <span class='ocrx_word' id='word_1_303' title='bbox 1759 1819 1971 1864; x_wconf 82' lang='lat' dir='ltr'><em>magistrum</em></span> <span class='ocrx_word' id='word_1_304' title='bbox 2004 1818 2235 1851; x_wconf 86' lang='lat' dir='ltr'><em>Franciscum</em></span> <span class='ocrx_word' id='word_1_305' title='bbox 2265 1817 2310 1850; x_wconf 84' lang='lat' dir='ltr'><em>de</em></span> 
     </span>
    </p>
   </div>
   <div class='ocr_carea' id='block_1_14' title="bbox 447 1883 2310 1932">
    <p class='ocr_par' dir='ltr' id='par_1_14' title="bbox 447 1883 2310 1932">
     <span class='ocr_line' id='line_1_24' title="bbox 447 1883 2310 1932; baseline -0.002 -12"><span class='ocrx_word' id='word_1_306' title='bbox 447 1888 576 1920; x_wconf 89' lang='lat' dir='ltr'><em>Sancto</em></span> <span class='ocrx_word' id='word_1_307' title='bbox 607 1886 783 1919; x_wconf 86' lang='lat' dir='ltr'><em>Michaele</em></span> <span class='ocrx_word' id='word_1_308' title='bbox 814 1893 897 1919; x_wconf 90' lang='lat' dir='ltr'><em>tunc</em></span> <span class='ocrx_word' id='word_1_309' title='bbox 927 1893 1118 1925; x_wconf 77' lang='lat' dir='ltr'><em>rectorem,</em></span> <span class='ocrx_word' id='word_1_310' title='bbox 1150 1894 1285 1920; x_wconf 86' lang='lat' dir='ltr'><em>cassata</em></span> <span class='ocrx_word' id='word_1_311' title='bbox 1321 1887 1433 1932; x_wconf 89' lang='lat' dir='ltr'><em>prima</em></span> <span class='ocrx_word' id='word_1_312' title='bbox 1468 1887 1647 1919; x_wconf 74' lang='lat' dir='ltr'>electione</span> <span class='ocrx_word' id='word_1_313' title='bbox 1682 1886 1879 1931; x_wconf 89' lang='lat' dir='ltr'><em>primorum</em></span> <span class='ocrx_word' id='word_1_314' title='bbox 1916 1884 2139 1925; x_wconf 77' lang='lat' dir='ltr'><em>intrantium,</em></span> <span class='ocrx_word' id='word_1_315' title='bbox 2171 1883 2310 1916; x_wconf 85' lang='lat' dir='ltr'><em>scilicet</em></span> 
     </span>
    </p>
   </div>
   <div class='ocr_carea' id='block_1_15' title="bbox 446 1949 2310 1998">
    <p class='ocr_par' dir='ltr' id='par_1_15' title="bbox 446 1949 2310 1998">
     <span class='ocr_line' id='line_1_25' title="bbox 446 1949 2310 1998; baseline -0.002 -13"><span class='ocrx_word' id='word_1_316' title='bbox 446 1953 609 1998; x_wconf 79' lang='lat' dir='ltr'><em>magistri</em></span> <span class='ocrx_word' id='word_1_317' title='bbox 643 1953 786 1994; x_wconf 84' lang='lat' dir='ltr'><em>Hervei,</em></span> <span class='ocrx_word' id='word_1_318' title='bbox 818 1952 980 1997; x_wconf 73' lang='lat' dir='ltr'><em>magistri</em></span> <span class='ocrx_word' id='word_1_319' title='bbox 1009 1952 1183 1985; x_wconf 88' lang='lat' dir='ltr'><em>Johannis</em></span> <span class='ocrx_word' id='word_1_320' title='bbox 1216 1953 1260 1985; x_wconf 85' lang='lat' dir='ltr'><em>de</em></span> <span class='ocrx_word' id='word_1_321' title='bbox 1289 1953 1437 1994; x_wconf 76' lang='lat' dir='ltr'><em>Trelon,</em></span> <span class='ocrx_word' id='word_1_322' title='bbox 1472 1953 1635 1998; x_wconf 81' lang='lat' dir='ltr'><em>magistri</em></span> <span class='ocrx_word' id='word_1_323' title='bbox 1670 1951 1853 1997; x_wconf 83' lang='lat' dir='ltr'><em>Rodulphi</em></span> <span class='ocrx_word' id='word_1_324' title='bbox 1883 1951 2050 1984; x_wconf 74' lang='grc' dir='ltr'><em>Βοιηίηἰ2</em></span> <span class='ocrx_word' id='word_1_325' title='bbox 2079 1956 2114 1983; x_wconf 88' lang='lat' dir='ltr'><em>et</em></span> <span class='ocrx_word' id='word_1_326' title='bbox 2146 1949 2310 1995; x_wconf 82' lang='lat' dir='ltr'><em>magistri</em></span> 
     </span>
    </p>
   </div>
   <div class='ocr_carea' id='block_1_16' title="bbox 445 2016 2309 2859">
    <p class='ocr_par' dir='ltr' id='par_1_16' title="bbox 445 2016 2309 2263">
     <span class='ocr_line' id='line_1_26' title="bbox 446 2016 2309 2064; baseline -0.002 -12"><span class='ocrx_word' id='word_1_327' title='bbox 446 2018 643 2052; x_wconf 88' lang='lat' dir='ltr'><em>Guilhelmi</em></span> <span class='ocrx_word' id='word_1_328' title='bbox 666 2020 794 2059; x_wconf 72' lang='lat' dir='ltr'><em>Buser,</em></span> <span class='ocrx_word' id='word_1_329' title='bbox 819 2019 910 2051; x_wconf 85' lang='lat' dir='ltr'><em>datis</em></span> <span class='ocrx_word' id='word_1_330' title='bbox 932 2019 1036 2052; x_wconf 89' lang='lat' dir='ltr'><em>novis</em></span> <span class='ocrx_word' id='word_1_331' title='bbox 1058 2019 1288 2058; x_wconf 71' lang='lat' dir='ltr'><em>intrantibus,</em></span> <span class='ocrx_word' id='word_1_332' title='bbox 1312 2019 1451 2052; x_wconf 87' lang='lat' dir='ltr'><em>scilicet</em></span> <span class='ocrx_word' id='word_1_333' title='bbox 1472 2020 1644 2064; x_wconf 86' lang='lat' dir='ltr'><em>magistro</em></span> <span class='ocrx_word' id='word_1_334' title='bbox 1667 2020 1808 2052; x_wconf 89' lang='lat' dir='ltr'><em>Ilerveo</em></span> <span class='ocrx_word' id='word_1_335' title='bbox 1830 2017 2110 2061; x_wconf 78' lang='lat' dir='ltr'><em>Quemmaroti³‚</em></span> <span class='ocrx_word' id='word_1_336' title='bbox 2135 2016 2309 2061; x_wconf 84' lang='lat' dir='ltr'><em>magistro</em></span> 
     </span>
     <span class='ocr_line' id='line_1_27' title="bbox 445 2082 2308 2130; baseline -0.001 -13"><span class='ocrx_word' id='word_1_337' title='bbox 445 2085 592 2117; x_wconf 87' lang='lat' dir='ltr'><em>Nicolao</em></span> <span class='ocrx_word' id='word_1_338' title='bbox 613 2085 771 2130; x_wconf 77' lang='lat' dir='ltr'><em>Jonglet‚</em></span> <span class='ocrx_word' id='word_1_339' title='bbox 797 2085 969 2129; x_wconf 88' lang='lat' dir='ltr'><em>magistro</em></span> <span class='ocrx_word' id='word_1_340' title='bbox 991 2085 1126 2118; x_wconf 85' lang='lat' dir='ltr'><em>Thoma</em></span> <span class='ocrx_word' id='word_1_341' title='bbox 1148 2086 1323 2126; x_wconf 68' lang='lat' dir='ltr'><em>Dmandi,</em></span> <span class='ocrx_word' id='word_1_342' title='bbox 1349 2087 1523 2130; x_wconf 86' lang='lat' dir='ltr'><em>magistro</em></span> <span class='ocrx_word' id='word_1_343' title='bbox 1550 2086 1720 2126; x_wconf 71' lang='lat' dir='ltr'><em>Henrico,</em></span> <span class='ocrx_word' id='word_1_344' title='bbox 1748 2085 1886 2117; x_wconf 87' lang='lat' dir='ltr'><em>electus</em></span> <span class='ocrx_word' id='word_1_345' title='bbox 1912 2083 1980 2116; x_wconf 84' lang='lat' dir='ltr'><em>fuit</em></span> <span class='ocrx_word' id='word_1_346' title='bbox 2003 2082 2234 2116; x_wconf 81' lang='lat' dir='ltr'><em>concorditer</em></span> <span class='ocrx_word' id='word_1_347' title='bbox 2253 2082 2308 2115; x_wconf 89' lang='lat' dir='ltr'><em>via</em></span> 
     </span>
     <span class='ocr_line' id='line_1_28' title="bbox 446 2149 2309 2196; baseline -0.001 -13"><span class='ocrx_word' id='word_1_348' title='bbox 446 2152 601 2196; x_wconf 83' lang='lat' dir='ltr'><em>Spiritus</em></span> <span class='ocrx_word' id='word_1_349' title='bbox 632 2151 750 2184; x_wconf 79' lang='lat' dir='ltr'><em>Sancti</em></span> <span class='ocrx_word' id='word_1_350' title='bbox 783 2152 819 2183; x_wconf 90' lang='lat' dir='ltr'><em>in</em></span> <span class='ocrx_word' id='word_1_351' title='bbox 850 2158 1024 2184; x_wconf 83' lang='lat' dir='ltr'><em>rectorem</em></span> <span class='ocrx_word' id='word_1_352' title='bbox 1057 2152 1310 2185; x_wconf 84' lang='lat' dir='ltr'><em>Universitatis</em></span> <span class='ocrx_word' id='word_1_353' title='bbox 1341 2153 1570 2194; x_wconf 66' lang='lat' dir='ltr'><em>Parisiensis,</em></span> <span class='ocrx_word' id='word_1_354' title='bbox 1599 2152 1685 2185; x_wconf 85' lang='lat' dir='ltr'><em>licet</em></span> <span class='ocrx_word' id='word_1_355' title='bbox 1714 2152 1862 2192; x_wconf 75' lang='lat' dir='ltr'><em>invitus,</em></span> <span class='ocrx_word' id='word_1_356' title='bbox 1885 2150 2058 2195; x_wconf 86' lang='lat' dir='ltr'><em>magister</em></span> <span class='ocrx_word' id='word_1_357' title='bbox 2078 2149 2309 2185; x_wconf 83' lang='lat' dir='ltr'><em>Guilhelmus</em></span> 
     </span>
     <span class='ocr_line' id='line_1_29' title="bbox 446 2217 1785 2263; baseline 0 -13"><span class='ocrx_word' id='word_1_358' title='bbox 446 2217 655 2251; x_wconf 66' lang='lat' dir='ltr'><em>Carnificis&#39;⁴</em></span> <span class='ocrx_word' id='word_1_359' title='bbox 678 2217 845 2262; x_wconf 79' lang='lat' dir='ltr'><em>dyocesis</em></span> <span class='ocrx_word' id='word_1_360' title='bbox 866 2217 1084 2250; x_wconf 73' lang='lat' dir='ltr'><em>parisiensis</em></span> <span class='ocrx_word' id='word_1_361' title='bbox 1105 2218 1148 2250; x_wconf 86' lang='lat' dir='ltr'><em>de</em></span> <span class='ocrx_word' id='word_1_362' title='bbox 1169 2218 1252 2251; x_wconf 89' lang='lat' dir='ltr'><em>villa</em></span> <span class='ocrx_word' id='word_1_363' title='bbox 1274 2218 1395 2251; x_wconf 87' lang='lat' dir='ltr'><em>Alneti</em></span> <span class='ocrx_word' id='word_1_364' title='bbox 1411 2220 1511 2263; x_wconf 84' lang='lat' dir='ltr'><em>juxta</em></span> <span class='ocrx_word' id='word_1_365' title='bbox 1533 2219 1785 2252; x_wconf 78' lang='lat' dir='ltr'><em>Gonessiam⁵.</em></span> 
     </span>
    </p>

    <p class='ocr_par' dir='ltr' id='par_1_17' title="bbox 446 2283 2306 2396">
     <span class='ocr_line' id='line_1_30' title="bbox 535 2283 2306 2330; baseline -0.001 -15"><span class='ocrx_word' id='word_1_366' title='bbox 535 2284 575 2315; x_wconf 90' lang='lat' dir='ltr'><em>ln</em></span> <span class='ocrx_word' id='word_1_367' title='bbox 596 2284 700 2327; x_wconf 87' lang='lat' dir='ltr'><em>cujus</em></span> <span class='ocrx_word' id='word_1_368' title='bbox 721 2283 874 2315; x_wconf 85' lang='lat' dir='ltr'><em>rectoria</em></span> <span class='ocrx_word' id='word_1_369' title='bbox 894 2283 979 2316; x_wconf 85' lang='lat' dir='ltr'><em>licet</em></span> <span class='ocrx_word' id='word_1_370' title='bbox 1005 2283 1114 2316; x_wconf 89' lang='lat' dir='ltr'><em>multa</em></span> <span class='ocrx_word' id='word_1_371' title='bbox 1134 2285 1366 2329; x_wconf 75' lang='lat' dir='ltr'><em>contigerint,</em></span> <span class='ocrx_word' id='word_1_372' title='bbox 1396 2297 1459 2329; x_wconf 89' lang='lat' dir='ltr'><em>pro</em></span> <span class='ocrx_word' id='word_1_373' title='bbox 1481 2285 1614 2330; x_wconf 91' lang='lat' dir='ltr'><em>quibus</em></span> <span class='ocrx_word' id='word_1_374' title='bbox 1640 2285 1814 2317; x_wconf 86' lang='lat' dir='ltr'><em>maximos</em></span> <span class='ocrx_word' id='word_1_375' title='bbox 1843 2283 1988 2316; x_wconf 79' lang='lat' dir='ltr'><em>labores</em></span> <span class='ocrx_word' id='word_1_376' title='bbox 2017 2292 2214 2327; x_wconf 87' lang='lat' dir='ltr'><em>perpessus</em></span> <span class='ocrx_word' id='word_1_377' title='bbox 2239 2286 2306 2322; x_wconf 80' lang='lat' dir='ltr'><em>est,</em></span> 
     </span>
     <span class='ocr_line' id='line_1_31' title="bbox 446 2347 2233 2396; baseline -0.001 -15"><span class='ocrx_word' id='word_1_378' title='bbox 446 2349 513 2381; x_wconf 89' lang='lat' dir='ltr'><em>ista</em></span> <span class='ocrx_word' id='word_1_379' title='bbox 534 2355 651 2381; x_wconf 84' lang='lat' dir='ltr'><em>tamen</em></span> <span class='ocrx_word' id='word_1_380' title='bbox 678 2349 923 2394; x_wconf 84' lang='lat' dir='ltr'><em>principaliter</em></span> <span class='ocrx_word' id='word_1_381' title='bbox 943 2350 980 2381; x_wconf 91' lang='lat' dir='ltr'><em>in</em></span> <span class='ocrx_word' id='word_1_382' title='bbox 1002 2350 1147 2395; x_wconf 82' lang='lat' dir='ltr'><em>scriptis</em></span> <span class='ocrx_word' id='word_1_383' title='bbox 1168 2351 1311 2383; x_wconf 81' lang='lat' dir='ltr'><em>redacta</em></span> <span class='ocrx_word' id='word_1_384' title='bbox 1332 2358 1416 2384; x_wconf 88' lang='lat' dir='ltr'><em>sunt</em></span> <span class='ocrx_word' id='word_1_385' title='bbox 1436 2352 1480 2384; x_wconf 89' lang='lat' dir='ltr'><em>ad</em></span> <span class='ocrx_word' id='word_1_386' title='bbox 1502 2351 1756 2396; x_wconf 87' lang='lat' dir='ltr'><em>preteritorum</em></span> <span class='ocrx_word' id='word_1_387' title='bbox 1780 2357 1989 2395; x_wconf 85' lang='lat' dir='ltr'><em>perpetuam</em></span> <span class='ocrx_word' id='word_1_388' title='bbox 2011 2347 2233 2381; x_wconf 85' lang='lat' dir='ltr'><em>memoriam.</em></span> 
     </span>
    </p>

    <p class='ocr_par' dir='ltr' id='par_1_18' title="bbox 445 2413 2307 2793">
     <span class='ocr_line' id='line_1_32' title="bbox 536 2413 2306 2462; baseline -0.001 -15"><span class='ocrx_word' id='word_1_389' title='bbox 536 2415 667 2456; x_wconf 76' lang='lat' dir='ltr'><em>Primo,</em></span> <span class='ocrx_word' id='word_1_390' title='bbox 691 2427 769 2447; x_wconf 87' lang='lat' dir='ltr'><em>cum</em></span> <span class='ocrx_word' id='word_1_391' title='bbox 794 2415 838 2448; x_wconf 92' lang='lat' dir='ltr'><em>lis</em></span> <span class='ocrx_word' id='word_1_392' title='bbox 859 2422 893 2448; x_wconf 89' lang='lat' dir='ltr'><em>et</em></span> <span class='ocrx_word' id='word_1_393' title='bbox 917 2416 1111 2457; x_wconf 72' lang='lat' dir='ltr'><em>discordia⁷</em></span> <span class='ocrx_word' id='word_1_394' title='bbox 1137 2429 1255 2461; x_wconf 87' lang='lat' dir='ltr'><em>ymmo</em></span> <span class='ocrx_word' id='word_1_395' title='bbox 1276 2418 1398 2450; x_wconf 86' lang='lat' dir='ltr'><em>verius</em></span> <span class='ocrx_word' id='word_1_396' title='bbox 1424 2430 1555 2462; x_wconf 84' lang='lat' dir='ltr'><em>guerra</em></span> <span class='ocrx_word' id='word_1_397' title='bbox 1577 2418 1739 2450; x_wconf 85' lang='lat' dir='ltr'><em>mortalis</em></span> <span class='ocrx_word' id='word_1_398' title='bbox 1760 2424 1835 2450; x_wconf 80' lang='lat' dir='ltr'><em>orta</em></span> <span class='ocrx_word' id='word_1_399' title='bbox 1856 2417 1987 2449; x_wconf 88' lang='lat' dir='ltr'><em>fuisset</em></span> <span class='ocrx_word' id='word_1_400' title='bbox 2013 2415 2108 2448; x_wconf 86' lang='lat' dir='ltr'><em>inter</em></span> <span class='ocrx_word' id='word_1_401' title='bbox 2132 2413 2306 2459; x_wconf 88' lang='lat' dir='ltr'><em>quosdam</em></span> 
     </span>
     <span class='ocr_line' id='line_1_33' title="bbox 448 2481 2307 2527; baseline -0.001 -14"><span class='ocrx_word' id='word_1_402' title='bbox 448 2481 607 2513; x_wconf 82' lang='lat' dir='ltr'><em>scolares</em></span> <span class='ocrx_word' id='word_1_403' title='bbox 633 2481 677 2513; x_wconf 89' lang='lat' dir='ltr'><em>de</em></span> <span class='ocrx_word' id='word_1_404' title='bbox 705 2482 847 2514; x_wconf 88' lang='lat' dir='ltr'><em>natione</em></span> <span class='ocrx_word' id='word_1_405' title='bbox 870 2482 1017 2514; x_wconf 83' lang='lat' dir='ltr'><em>Francie</em></span> <span class='ocrx_word' id='word_1_406' title='bbox 1039 2494 1081 2514; x_wconf 86' lang='lat' dir='ltr'><em>ex</em></span> <span class='ocrx_word' id='word_1_407' title='bbox 1102 2495 1171 2515; x_wconf 86' lang='lat' dir='ltr'><em>una</em></span> <span class='ocrx_word' id='word_1_408' title='bbox 1199 2490 1310 2527; x_wconf 68' lang='lat' dir='ltr'><em>parte,</em></span> <span class='ocrx_word' id='word_1_409' title='bbox 1339 2490 1372 2516; x_wconf 88' lang='lat' dir='ltr'><em>et</em></span> <span class='ocrx_word' id='word_1_410' title='bbox 1399 2485 1543 2516; x_wconf 82' lang='lat' dir='ltr'><em>natione</em></span> <span class='ocrx_word' id='word_1_411' title='bbox 1564 2484 1727 2517; x_wconf 85' lang='lat' dir='ltr'><em>Picardie</em></span> <span class='ocrx_word' id='word_1_412' title='bbox 1758 2495 1801 2516; x_wconf 90' lang='lat' dir='ltr'><em>ex</em></span> <span class='ocrx_word' id='word_1_413' title='bbox 1830 2483 1898 2516; x_wconf 88' lang='lat' dir='ltr'><em>alia</em></span> <span class='ocrx_word' id='word_1_414' title='bbox 1928 2488 2040 2527; x_wconf 74' lang='lat' dir='ltr'><em>parte,</em></span> <span class='ocrx_word' id='word_1_415' title='bbox 2062 2486 2143 2513; x_wconf 85' lang='lat' dir='ltr'><em>ante</em></span> <span class='ocrx_word' id='word_1_416' title='bbox 2164 2486 2307 2524; x_wconf 83' lang='lat' dir='ltr'><em>tempus</em></span> 
     </span>
     <span class='ocr_line' id='line_1_34' title="bbox 448 2546 2307 2595; baseline -0.001 -16"><span class='ocrx_word' id='word_1_417' title='bbox 448 2547 602 2579; x_wconf 79' lang='lat' dir='ltr'><em>rectorio</em></span> <span class='ocrx_word' id='word_1_418' title='bbox 630 2559 707 2588; x_wconf 79' lang='lat' dir='ltr'><em>sue⁷</em></span> <span class='ocrx_word' id='word_1_419' title='bbox 731 2559 796 2580; x_wconf 86' lang='lat' dir='ltr'><em>nec</em></span> <span class='ocrx_word' id='word_1_420' title='bbox 818 2554 981 2592; x_wconf 86' lang='lat' dir='ltr'><em>potuerat</em></span> <span class='ocrx_word' id='word_1_421' title='bbox 1002 2549 1200 2590; x_wconf 80' lang='lat' dir='ltr'><em>terminari,</em></span> <span class='ocrx_word' id='word_1_422' title='bbox 1224 2561 1292 2594; x_wconf 88' lang='lat' dir='ltr'><em>qua</em></span> <span class='ocrx_word' id='word_1_423' title='bbox 1313 2550 1464 2583; x_wconf 85' lang='lat' dir='ltr'><em>durante</em></span> <span class='ocrx_word' id='word_1_424' title='bbox 1486 2550 1589 2595; x_wconf 86' lang='lat' dir='ltr'><em>plura</em></span> <span class='ocrx_word' id='word_1_425' title='bbox 1617 2562 1660 2582; x_wconf 87' lang='lat' dir='ltr'><em>ex</em></span> <span class='ocrx_word' id='word_1_426' title='bbox 1685 2557 1837 2594; x_wconf 86' lang='lat' dir='ltr'><em>utraque</em></span> <span class='ocrx_word' id='word_1_427' title='bbox 1866 2555 1964 2594; x_wconf 87' lang='lat' dir='ltr'><em>parte</em></span> <span class='ocrx_word' id='word_1_428' title='bbox 1990 2546 2203 2581; x_wconf 82' lang='lat' dir='ltr'><em>scandalosa</em></span> <span class='ocrx_word' id='word_1_429' title='bbox 2229 2557 2307 2590; x_wconf 87' lang='lat' dir='ltr'><em>per-</em></span> 
     </span>
     <span class='ocr_line' id='line_1_35' title="bbox 446 2611 2305 2661; baseline -0.001 -16"><span class='ocrx_word' id='word_1_430' title='bbox 446 2619 581 2657; x_wconf 85' lang='lat' dir='ltr'><em>petrata</em></span> <span class='ocrx_word' id='word_1_431' title='bbox 603 2620 685 2645; x_wconf 89' lang='lat' dir='ltr'><em>sunt</em></span> <span class='ocrx_word' id='word_1_432' title='bbox 706 2625 712 2645; x_wconf 77' lang='lat' dir='ltr'><em>t</em></span> <span class='ocrx_word' id='word_1_433' title='bbox 736 2620 897 2658; x_wconf 88' lang='lat' dir='ltr'><em>tempore</em></span> <span class='ocrx_word' id='word_1_434' title='bbox 920 2626 984 2646; x_wconf 88' lang='lat' dir='ltr'><em>sue</em></span> <span class='ocrx_word' id='word_1_435' title='bbox 1008 2615 1161 2647; x_wconf 85' lang='lat' dir='ltr'><em>rectorie</em></span> <span class='ocrx_word' id='word_1_436' title='bbox 1182 2615 1319 2648; x_wconf 83' lang='lat' dir='ltr'><em>firmata</em></span> <span class='ocrx_word' id='word_1_437' title='bbox 1341 2623 1396 2649; x_wconf 87' lang='lat' dir='ltr'><em>est</em></span> <span class='ocrx_word' id='word_1_438' title='bbox 1423 2629 1490 2661; x_wconf 84' lang='lat' dir='ltr'><em>pax</em></span> <span class='ocrx_word' id='word_1_439' title='bbox 1517 2623 1552 2649; x_wconf 88' lang='lat' dir='ltr'><em>et</em></span> <span class='ocrx_word' id='word_1_440' title='bbox 1572 2616 1667 2649; x_wconf 83' lang='lat' dir='ltr'><em>bona</em></span> <span class='ocrx_word' id='word_1_441' title='bbox 1688 2616 1883 2649; x_wconf 86' lang='lat' dir='ltr'><em>concordia</em></span> <span class='ocrx_word' id='word_1_442' title='bbox 1904 2615 1998 2647; x_wconf 82' lang='lat' dir='ltr'><em>inter</em></span> <span class='ocrx_word' id='word_1_443' title='bbox 2019 2614 2110 2646; x_wconf 84' lang='lat' dir='ltr'><em>istos</em></span> <span class='ocrx_word' id='word_1_444' title='bbox 2131 2611 2305 2652; x_wconf 70' lang='lat' dir='ltr'><em>scolares,</em></span> 
     </span>
     <span class='ocr_line' id='line_1_36' title="bbox 446 2679 2306 2727; baseline 0 -17"><span class='ocrx_word' id='word_1_445' title='bbox 446 2679 696 2722; x_wconf 84' lang='lat' dir='ltr'><em>promittentes</em></span> <span class='ocrx_word' id='word_1_446' title='bbox 718 2691 781 2723; x_wconf 92' lang='lat' dir='ltr'><em>pro</em></span> <span class='ocrx_word' id='word_1_447' title='bbox 803 2691 911 2723; x_wconf 88' lang='lat' dir='ltr'><em>posse</em></span> <span class='ocrx_word' id='word_1_448' title='bbox 933 2692 1115 2724; x_wconf 87' lang='lat' dir='ltr'><em>nunquam</em></span> <span class='ocrx_word' id='word_1_449' title='bbox 1136 2681 1173 2713; x_wconf 91' lang='lat' dir='ltr'><em>in</em></span> <span class='ocrx_word' id='word_1_450' title='bbox 1201 2681 1281 2714; x_wconf 82' lang='lat' dir='ltr'><em>talia</em></span> <span class='ocrx_word' id='word_1_451' title='bbox 1303 2682 1516 2719; x_wconf 82' lang='lat' dir='ltr'><em>recidivare,</em></span> <span class='ocrx_word' id='word_1_452' title='bbox 1543 2689 1578 2715; x_wconf 86' lang='lat' dir='ltr'><em>et</em></span> <span class='ocrx_word' id='word_1_453' title='bbox 1605 2683 1673 2715; x_wconf 92' lang='lat' dir='ltr'><em>hoc</em></span> <span class='ocrx_word' id='word_1_454' title='bbox 1700 2683 1737 2715; x_wconf 92' lang='lat' dir='ltr'><em>in</em></span> <span class='ocrx_word' id='word_1_455' title='bbox 1758 2682 1864 2727; x_wconf 83' lang='lat' dir='ltr'><em>plena</em></span> <span class='ocrx_word' id='word_1_456' title='bbox 1885 2679 2170 2725; x_wconf 85' lang='lat' dir='ltr'><em>congregatione</em></span> <span class='ocrx_word' id='word_1_457' title='bbox 2194 2689 2306 2723; x_wconf 87' lang='lat' dir='ltr'><em>gene-</em></span> 
     </span>
     <span class='ocr_line' id='line_1_37' title="bbox 445 2744 1895 2793; baseline 0.003 -17"><span class='ocrx_word' id='word_1_458' title='bbox 445 2744 521 2776; x_wconf 84' lang='lat' dir='ltr'><em>rali.</em></span> <span class='ocrx_word' id='word_1_459' title='bbox 545 2745 658 2777; x_wconf 83' lang='lat' dir='ltr'><em>Etiam</em></span> <span class='ocrx_word' id='word_1_460' title='bbox 680 2757 800 2777; x_wconf 82' lang='lat' dir='ltr'><em>amore</em></span> <span class='ocrx_word' id='word_1_461' title='bbox 822 2745 1076 2779; x_wconf 84' lang='lat' dir='ltr'><em>Universitatis</em></span> <span class='ocrx_word' id='word_1_462' title='bbox 1098 2747 1250 2780; x_wconf 81' lang='lat' dir='ltr'><em>indulsit</em></span> <span class='ocrx_word' id='word_1_463' title='bbox 1270 2748 1323 2780; x_wconf 89' lang='lat' dir='ltr'><em>eis</em></span> <span class='ocrx_word' id='word_1_464' title='bbox 1344 2760 1406 2780; x_wconf 89' lang='lat' dir='ltr'><em>rex</em></span> <span class='ocrx_word' id='word_1_465' title='bbox 1429 2749 1607 2793; x_wconf 89' lang='lat' dir='ltr'><em>quidquid</em></span> <span class='ocrx_word' id='word_1_466' title='bbox 1628 2748 1895 2781; x_wconf 85' lang='lat' dir='ltr'><em>commiserant.</em></span> 
     </span>
    </p>

    <p class='ocr_par' dir='ltr' id='par_1_19' title="bbox 533 2809 2305 2859">
     <span class='ocr_line' id='line_1_38' title="bbox 533 2809 2305 2859; baseline 0.001 -17"><span class='ocrx_word' id='word_1_467' title='bbox 533 2812 619 2843; x_wconf 88' lang='lat' dir='ltr'><em>Item</em></span> <span class='ocrx_word' id='word_1_468' title='bbox 642 2811 770 2843; x_wconf 87' lang='lat' dir='ltr'><em>eodem</em></span> <span class='ocrx_word' id='word_1_469' title='bbox 796 2811 972 2844; x_wconf 84' lang='lat' dir='ltr'><em>existente</em></span> <span class='ocrx_word' id='word_1_470' title='bbox 998 2819 1138 2845; x_wconf 86' lang='lat' dir='ltr'><em>rectore</em></span> <span class='ocrx_word' id='word_1_471' title='bbox 1165 2813 1235 2845; x_wconf 81' lang='lat' dir='ltr'><em>dati</em></span> <span class='ocrx_word' id='word_1_472' title='bbox 1261 2821 1346 2846; x_wconf 85' lang='lat' dir='ltr'><em>sunt</em></span> <span class='ocrx_word' id='word_1_473' title='bbox 1372 2815 1513 2847; x_wconf 88' lang='lat' dir='ltr'><em>articuli</em></span> <span class='ocrx_word' id='word_1_474' title='bbox 1535 2822 1663 2848; x_wconf 53' lang='lat' dir='ltr'><em>*contra</em></span> <span class='ocrx_word' id='word_1_475' title='bbox 1689 2814 1914 2859; x_wconf 86' lang='lat' dir='ltr'><em>prepositum</em></span> <span class='ocrx_word' id='word_1_476' title='bbox 1943 2812 2220 2851; x_wconf 77' lang='lat' dir='ltr'><em>Parisiensem⁶‚</em></span> <span class='ocrx_word' id='word_1_477' title='bbox 2243 2809 2305 2854; x_wconf 77' lang='lat' dir='ltr'><em>qui</em></span> 
     </span>
    </p>
   </div>
   <div class='ocr_carea' id='block_1_17' title="bbox 443 2877 2304 2957">
    <p class='ocr_par' dir='ltr' id='par_1_20' title="bbox 443 2877 2304 2957">
     <span class='ocr_line' id='line_1_39' title="bbox 443 2877 2304 2925; baseline 0 -17"><span class='ocrx_word' id='word_1_478' title='bbox 443 2887 687 2921; x_wconf 87' lang='lat' dir='ltr'><em>responsurus</em></span> <span class='ocrx_word' id='word_1_479' title='bbox 716 2877 760 2909; x_wconf 85' lang='lat' dir='ltr'><em>ad</em></span> <span class='ocrx_word' id='word_1_480' title='bbox 788 2877 904 2909; x_wconf 88' lang='lat' dir='ltr'><em>dictos</em></span> <span class='ocrx_word' id='word_1_481' title='bbox 929 2878 1101 2911; x_wconf 88' lang='lat' dir='ltr'><em>articulos</em></span> <span class='ocrx_word' id='word_1_482' title='bbox 1132 2879 1312 2923; x_wconf 86' lang='lat' dir='ltr'><em>deputatis</em></span> <span class='ocrx_word' id='word_1_483' title='bbox 1339 2881 1591 2914; x_wconf 85' lang='lat' dir='ltr'><em>Universitatis</em></span> <span class='ocrx_word' id='word_1_484' title='bbox 1612 2880 1845 2925; x_wconf 88' lang='lat' dir='ltr'><em>presentibus</em></span> <span class='ocrx_word' id='word_1_485' title='bbox 1873 2879 2038 2924; x_wconf 83' lang='lat' dir='ltr'><em>apparuit</em></span> <span class='ocrx_word' id='word_1_486' title='bbox 2067 2889 2187 2911; x_wconf 87' lang='lat' dir='ltr'><em>coram</em></span> <span class='ocrx_word' id='word_1_487' title='bbox 2217 2886 2304 2921; x_wconf 87' lang='lat' dir='ltr'><em>rege</em></span> 
     </span>
     <span class='ocr_line' id='line_1_40' title="bbox 564 2935 601 2957; baseline 0.027 -1"><span class='ocrx_word' id='word_1_488' title='bbox 564 2935 601 2957; x_wconf 80' lang='lat'><em>24.</em></span> 
     </span>
    </p>
   </div>
   <div class='ocr_carea' id='block_1_18' title="bbox 2472 2791 2488 2993">
    <p class='ocr_par' dir='ltr' id='par_1_21' title="bbox 2472 2791 2488 2993">
     <span class='ocr_line' id='line_1_41' title="bbox 2472 2791 2488 2993; textangle 90"><span class='ocrx_word' id='word_1_489' title='bbox 2478 2900 2488 2993; x_wconf 33' lang='lat' dir='ltr'><em>“mu—.-</em></span> <span class='ocrx_word' id='word_1_490' title='bbox 2479 2840 2488 2887; x_wconf 45' lang='grc' dir='ltr'><em>«ψη</em></span> <span class='ocrx_word' id='word_1_491' title='bbox 2472 2791 2488 2832; x_wconf 69' lang='grc' dir='ltr'><em>ιὶ,.</em></span> 
     </span>
    </p>
   </div>
  </div>
 </body>
</html>
