2488 3386
452 319 516 351 226
1026 329 1344 351 ann'rULAiiiuM
1379 328 1565 349 UNIVERS.
1606 329 1732 349 ranis.
2028 323 2030 325 ’
2210 313 2309 349 11375

453 403 687 436 Calvomonte
708 403 909 435 antedictus
932 404 1073 447 juratus
1104 403 1212 435 eciam
1246 403 1489 446 interrogatus
1579 404 1672 446 Mag.
1697 401 1807 434 Adam
1840 401 1884 433 de
1908 402 2074 445 Dompno
2105 400 2307 437 Martino¹¹,

454 470 539 502 Ord.
572 470 649 502 srat.
680 470 809 501 Min...
839 471 931 514 Mag.
962 470 1127 502 Nicasius
1152 470 1195 501 ‹le
1226 469 1522 513 Regalimonte¹²,
1549 469 1636 501 Ord.
1662 469 1858 502 Cisterc....
1888 469 1980 512 Mag.
2010 469 2137 500 Petrus
2169 466 2307 505 Julioti,

454 536 540 569 Ord.
564 536 767 569 (]lunia‹·....
794 538 886 581 Mag.
915 537 1116 569 (ialeranus
1138 536 1181 568 (lc
1204 536 1413 568 l'c11drcs....
1438 537 1532 579 Mag.
1557 535 1761 580 Stephanus
1791 535 1947 568 Gaudeti
2049 535 2143 578 Mag.
2171 534 2309 566 Alanus

453 603 752 638 (101,111111)111111’3,
793 603 878 636 Ord.
919 604 998 636 srat.
1043 603 1300 635 [leremitarum
1335 603 1368 635 S.
1410 603 1546 647 Aug...
1590 604 1683 646 Mag.
1714 603 1842 634 Petrus
1873 601 2062 641 BorroniS,
2098 601 2185 634 Ord.
2229 601 2306 634 frat.

453 670 584 702 Pred...

542 738 642 777 Item,
672 737 807 769 eisdem
834 749 940 776 anno,
972 737 1170 769 indictione
1195 742 1230 768 et
1258 735 1479 780 pontificatu,
1506 735 1676 768 vicesima
1704 735 1816 780 prima
1845 735 1902 768 die
1930 735 2066 768 mensis
2098 734 2309 768 Decembris

452 803 722 847 subsequentis,
747 815 801 835 me
823 804 962 835 notario
986 803 1130 847 publico
1152 809 1186 835 ct
1203 802 1357 835 testibus
1378 803 1469 835 infra
1493 809 1527 835 ct
1548 814 1656 847 supra
1678 803 1824 847 scriptis
1846 802 2091 847 presentibus,
2111 801 2309 846 supradicti

453 877 523 903 tres
553 871 791 903 commissarii
812 870 1002 914 generales
1026 876 1058 902 01
1087 869 1349 901 examinatores
1371 869 1544 914 deputati,
1563 869 1734 902 videlicet
1754 869 1924 902 dominus
1946 869 2141 914 episcopus
2162 868 2310 902 Coriso-

452 937 615 981 pitensis,
635 944 669 969 ct
683 936 866 969 Johannes
883 937 927 968 de
944 936 1086 977 Calore,
1104 935 1354 976 cancellarius,
1373 942 1405 968 et
1422 935 1606 969 Johannes
1625 936 1865 975 Forbissoris,
1883 936 2095 981 congregati
2117 942 2152 968 et
2171 935 2309 968 accessi

450 1003 485 1035 111
515 1015 651 1035 camera
682 1003 810 1035 domus
837 1003 1039 1035 claustralis
1071 1003 1187 1047 ipsius
1213 1002 1350 1035 domini
1377 1002 1580 1035 cancellarii
1616 1003 1826 1048 supradicti,
1860 1003 2058 1047 procedere
2088 1003 2131 1035 ad
2160 1013 2309 1035 examen

451 1070 649 1114 predictum
682 1069 895 1113 insequendi
918 1069 1162 1107 intendentes,
1186 1069 1235 1101 ibi
1261 1070 1385 1113 jurare
1412 1070 1587 1109 fecerunt,
1617 1070 1934 1114 interrogaverunt
1958 1076 1992 1102 et
2016 1069 2310 1102 examinaverunt

449 1137 656 1181 diligenter,
687 1148 796 1180 super
829 1143 861 1168 et
898 1136 941 1168 (10
979 1136 1179 1180 premissis,
1217 1148 1308 1181 mag.
1343 1136 1560 1169 Richardum
1593 1137 1854 1178 Guernoniss‘,
1883 1136 2097 1169 monachum
2129 1136 2309 1181 prioratus

449 1203 484 1237 S.
509 1203 650 1235 Martini
674 1203 717 1235 de
738 1203 882 1247 Campis
899 1204 998 1247 juxta
1021 1203 1194 1243 parisius,
1216 1203 1303 1235 Ord.
1326 1203 1532 1236 Cluniae...
1557 1205 1650 1248 Mag.
1672 1203 1856 1236 Johannes
1878 1204 1921 1236 de
1948 1203 2135 1248 Dyodona,
2151 1204 2308 1248 juratuS,

448 1270 747 1314 interrogatus....
778 1271 816 1301 Et
839 1270 988 1313 insuper
1014 1269 1110 1314 quod
1134 1269 1282 1302 multum
1310 1269 1459 1302 miratus
1481 1270 1559 1311 suit,
1587 1270 1731 1315 quando
1751 1271 1888 1304 audivit
1913 1271 1957 1303 de
1987 1270 2055 1303 hoc
2076 1270 2190 1314 loqui,
2211 1269 2307 1315 quod

449 1349 627 1380 nunquam
650 1336 823 1373 audierat,
846 1348 911 1368 nec
937 1336 1034 1368 aliud
1056 1337 1123 1369 scit
1147 1336 1190 1368 de
1213 1337 1402 1380 premissis
1428 1337 1625 1381 diligenter
1652 1337 1861 1382 requisitus.
1893 1339 1986 1382 Mag.
2008 1336 2192 1370 Johannes
2213 1338 2308 1369 Mer-

447 1403 584 1444 ccrii¹⁵,
603 1403 689 1435 alias
712 1403 755 1436 de
778 1403 966 1436 Amnis...

538 1471 636 1509 ltem,
660 1470 718 1502 die
741 1470 862 1502 ultima
886 1470 1038 1514 predicti
1062 1470 1198 1502 mensis
1220 1470 1445 1512 Decembris,
1468 1471 1639 1504 videlicet
1662 1483 1756 1504 anno
1777 1484 1794 1504 a
1817 1472 2005 1504 Nativitate
2027 1470 2172 1503 Domini
2192 1469 2309 1503 mille-

446 1537 536 1569 simo
568 1537 674 1570 CCC⁰
702 1537 970 1581 septuagesimo
997 1538 1133 1569 sexto¹⁶
1165 1537 1334 1578 intrante,
1369 1538 1568 1570 indictione
1596 1538 1862 1582 quartadecima
1892 1550 1990 1570 more
2018 1539 2177 1570 Romane
2208 1537 2308 1570 curie

447 1611 481 1636 ct
508 1604 736 1648 pontificatus
759 1604 883 1648 prefati
910 1604 1046 1636 domini
1076 1604 1191 1636 nostri
1219 1616 1308 1648 pape
1337 1604 1508 1649 Gregorii
1534 1617 1628 1637 anno
1654 1605 1794 1649 quinto,
1816 1605 1905 1638 facta
1931 1604 2217 1650 congregatione
2245 1615 2309 1649 per

449 1671 641 1715 magistros
663 1677 697 1703 et.
724 1671 892 1703 doctores
914 1671 1074 1715 predicte
1099 1670 1277 1703 facultatis
1304 1671 1488 1717 theologie
1515 1672 1675 1705 Parisius
1696 1673 1732 1704 in
1760 1672 1839 1705 loco
1870 1672 2058 1717 capitulari
2085 1672 2215 1704 domus
2243 1682 2305 1704 seu

448 1738 627 1782 prioratus
648 1738 725 1769 frat.
744 1737 831 1771 Ord.
852 1738 885 1770 S.
904 1738 1102 1775 Trinitatis,
1121 1738 1337 1783 nuncupatis
1353 1739 1422 1772 Les
1437 1739 1637 1779 Maturins,
1656 1739 1798 1772 situatis
1819 1740 1855 1771 in
1873 1751 2003 1784 magno
2020 1739 2099 1772 vico
2116 1739 2152 1772 S.
2168 1737 2306 1779 Jacobi,

447 1804 538 1836 circa
561 1803 681 1836 horam
710 1804 836 1848 prime,
860 1816 914 1836 me
942 1805 1081 1837 notario
1110 1804 1267 1849 publice,
1290 1812 1326 1838 et
1355 1805 1510 1838 testibus
1538 1806 1643 1838 etiam
1670 1818 1779 1850 supra
1807 1813 1842 1839 et
1868 1806 1958 1839 infra
1989 1806 2135 1851 scriptis
2161 1816 2310 1850 presen-

448 1870 556 1910 tibus,
579 1870 727 1902 absente
756 1877 872 1902 tamen
894 1871 1102 1915 supradicto
1130 1872 1278 1904 (101111110
1300 1872 1569 1917 Corisopitensi
1601 1873 1787 1917 episcopo,
1819 1872 2048 1905 venerabiles
2079 1872 2248 1905 doctores
2276 1878 2312 1904 et

449 1938 622 1982 magistri,
643 1937 825 1970 Johannes
847 1938 891 1970 (10
911 1938 1053 1978 Calore,
1076 1939 1314 1971 cancellarius
1336 1939 1424 1972 eccl.
1448 1940 1576 1980 Paris,
1600 1947 1631 1972 et
1653 1939 1838 1973 Johannes
1861 1940 2100 1979 Forbissoris,
2119 1939 2311 1985 generales

448 2004 708 2036 examinatores
729 2016 793 2036 seu
810 2005 1061 2044 commissarii,
1081 2012 1115 2037 ut
1138 2006 1331 2050 prefertur,
1350 2006 1523 2051 deputati,
1544 2013 1578 2039 et
1598 2019 1678 2039 cum
1700 2007 1791 2052 ipsis
1808 2019 1850 2039 eo
1870 2015 1952 2040 tunc
1974 2007 2054 2040 loco
2071 2007 2157 2039 dicti
2174 2005 2310 2039 domini

448 2071 608 2115 episcopi
630 2070 803 2111 absentis,
826 2083 918 2116 mag.
941 2072 1165 2104 Guillermus
1193 2073 1237 2105 (10
1266 2073 1489 2114 Salvarvilla,
1512 2080 1638 2106 cantor
1664 2074 1776 2107 Paris.
1799 2074 1902 2115 eccl.,
1925 2074 2096 2119 superius
2122 2073 2309 2114 nominati,

450 2138 628 2181 inceptum
653 2149 799 2170 examen
828 2137 1035 2182 hujusmodi
1066 2139 1208 2183 insequi
1238 2146 1271 2171 et
1299 2139 1482 2184 complere
1513 2152 1577 2185 pro
1610 2153 1717 2185 posse
1745 2147 1964 2186 satagentes,
1996 2152 2089 2185 mag.
2111 2139 2309 2173 Johannem

451 2204 494 2235 (10
516 2204 762 2243 Pontecrucis,
780 2216 856 2236 can.
880 2205 1005 2245 Paris,
1029 2205 1211 2238 doctorem
1236 2206 1272 2238 in
1296 2207 1388 2239 dicta
1410 2207 1589 2243 facultate,
1615 2214 1763 2252 propter
1783 2207 1850 2240 hoc
1870 2207 2004 2240 ibidem
2025 2219 2106 2240 cum
2126 2206 2207 2240 aliis
2225 2218 2311 2239 con-

450 2277 610 2303 vocatum
629 2272 751 2314 jurare
779 2272 996 2303 fecerunt....
1020 2274 1114 2316 Mag.
1141 2272 1339 2314 Johannes,
1362 2274 1480 2306 dictus
1507 2274 1676 2316 Goulain,
1704 2275 1748 2307 de
1774 2275 1860 2308 Ord.
1889 2274 2071 2308 Carmelit.
2098 2275 2308 2319 juratus

450 2338 680 2369 Postmodum
704 2350 802 2378 vero,
834 2338 923 2382 ipsis
952 2339 1136 2383 magistris
1165 2340 1216 2372 sic
1247 2340 1283 2372 in
1315 2340 1411 2373 dicio
1440 2340 1520 2373 loco
1548 2341 1736 2386 capitulari
1763 2342 2010 2386 congregatis,
2042 2339 2311 2374 sciscitantibus

450 2403 543 2435 inter
564 2416 615 2443 se,
638 2416 680 2435 an
702 2403 832 2448 aliquis
854 2416 917 2436 seu
938 2405 1047 2449 aliqui
1076 2406 1237 2449 ipsorum
1262 2419 1415 2451 unquam
1444 2408 1488 2439 de
1520 2408 1694 2452 predictis
1723 2408 1907 2453 magistris
1938 2407 2100 2440 Marsilio
2122 2407 2166 2440 de
2193 2406 2311 2439 Padua

450 2476 485 2502 ct
513 2469 673 2502 Johanne
697 2470 740 2502 de
760 2471 939 2509 Janduno,
961 2478 1021 2504 aut
1041 2473 1143 2515 cujus
1165 2473 1317 2506 scientie
1339 2474 1443 2507 titulo
1465 2475 1535 2519 ipsi
1557 2475 1723 2519 insigniti
1743 2475 1913 2515 fuissent,
1939 2475 2100 2507 notitiam
2123 2473 2311 2507 habuisset

451 2536 506 2569 vcl
527 2536 688 2574 haberet,
711 2537 875 2569 nonnulli
897 2549 938 2569 ex
959 2538 1049 2582 ipsis
1070 2540 1250 2572 affuerunt
1270 2540 1440 2573 doctores
1471 2548 1503 2573 ct
1532 2541 1695 2586 magistri
1725 2549 1948 2577 asserentes,
1970 2553 2009 2574 se
2034 2541 2172 2586 jamdiu
2194 2552 2212 2573 a
2234 2540 2311 2573 suis

451 2603 715 2647 antiquioribus
744 2603 952 2636 doctoribus
975 2605 1146 2637 didicisse
1169 2613 1200 2638 et
1224 2607 1461 2647 intellexisse,
1485 2608 1582 2652 quod
1605 2609 1757 2653 predicti
1785 2609 1970 2641 Marsilius
1991 2615 2025 2641 et
2051 2607 2236 2641 Johannes
2264 2607 2310 2640 de

449 2670 614 2702 Janduno
637 2682 815 2714 nunquam
838 2670 983 2702 fuerunt
1012 2671 1180 2704 doctores
1202 2685 1267 2705 nec
1294 2674 1403 2706 eciam
1436 2675 1600 2719 graduati
1631 2676 1666 2707 in
1694 2675 1854 2720 predicta
1882 2675 2067 2719 theologie
2094 2674 2309 2707 facultatess.

450 2737 521 2767 Nec
549 2735 645 2767 aliud
675 2736 767 2767 scire
795 2748 832 2767 se
857 2735 1021 2768 dicebant
1045 2737 1087 2769 (10
1111 2739 1311 2781 premissis.
1338 2741 1385 2772 De
1408 2747 1442 2772 et
1463 2753 1574 2785 super
1594 2741 1728 2786 quibus
1751 2741 1921 2774 omnibus
1944 2748 1978 2773 et
2008 2740 2166 2785 singulis
2192 2751 2310 2773 asser—

450 2801 631 2842 cionibus,
650 2802 1016 2846 interrogacionibus,
1034 2804 1378 2844 exaininacionibus,
1397 2808 1684 2850 juramentorum
1705 2807 2010 2852 prestacionibus,
2028 2814 2063 2840 et
2083 2806 2309 2852 singulorum

450 2868 759 2912 deposicionibus,
783 2875 817 2900 et
837 2868 916 2900 aliis
940 2869 1127 2912 premissis
1149 2871 1201 2903 sic
1229 2872 1335 2904 dictis
1357 2879 1388 2904 et
1411 2874 1499 2905 actis
1528 2874 1727 2918 supradicti
1750 2875 1886 2906 domini
1908 2874 2148 2906 commissarii
2176 2880 2209 2905 et
2231 2884 2311 2905 exa—

572 2927 609 2948 29.
