2488 3386
209 321 305 358 1388]
624 334 670 356 AB
705 333 810 356 anno
844 333 977 355 MCCCL
1010 332 1142 361 USQUE
1177 334 1225 355 An
1262 334 1526 356 BENEDICTUM
1561 335 1652 357 xnl.
2009 325 2073 359 467

212 436 354 473 1545.
381 445 506 471 Clemens
528 447 580 472 VII
588 446 672 471 Petro
689 444 835 471 cardinali
847 445 1034 471 Laudunensi
1049 444 1180 475 mandat,
1198 449 1227 470 ul
1239 445 1345 481 puniat
1360 445 1430 471 istos
1445 447 1562 480 fratres,
1581 447 1630 481 qui
1645 455 1659 472 e
1673 450 1805 472 conventu
1821 447 1961 472 Minormn
1977 447 2072 473 Paris.

298 494 485 520 baccalareos
500 498 528 521 et
542 494 698 528 scholares,
717 497 870 520 extraneos
885 497 1006 528 vocatos,
1025 494 1175 529 ejecerunt.

1390 530 1464 559 7388,
1478 530 1597 556 ιΙαηυανῘί
1610 531 1645 560 13,
1660 531 1790 557 Ᾱνεηίοηε.

298 609 438 642 Dilecto
460 608 535 642 filio
556 609 682 641 Petro¹
706 614 829 641 sancte
851 609 1010 640 Romane
1032 607 1187 640 ecclesie
1210 607 1423 653 presbytero
1445 608 1618 641 cardinali
1644 609 1804 642 Parisius
1825 610 2074 652 commoranti,

210 675 362 708 salutem
384 682 419 708 et
438 675 673 720 apostolicam
701 674 1008 707 benedictionem.
1036 674 1202 707 Exhibita
1230 674 1338 707 nobis
1368 687 1433 719 pro
1460 682 1559 720 parte
1581 675 1796 708 dilectorum
1818 676 1973 709 filiorum
1996 677 2077 709 uni-

209 753 399 775 versorum
429 742 700 786 magistrorum,
728 741 1005 774 bacallariorum
1036 747 1071 773 et
1096 741 1250 773 aliorum
1277 741 1499 774 studentium
1531 742 1567 774 in
1597 741 1795 787 theologia,
1824 749 2075 775 extraneorum

207 814 511 853 nuncupatorum,
535 808 683 841 fratrum
709 807 838 841 domus
859 808 1009 841 Ordinis
1030 808 1211 840 Minorum
1230 808 1426 840 Parisiens.
1451 808 1583 853 peticio
1605 808 1814 842 continebat
1838 809 1935 854 quod
1962 821 2078 854 nuper

208 874 391 908 Johannes
413 875 457 907 de
479 874 678 916 Serenit02,
707 874 768 919 qui
798 886 837 907 se
865 875 960 920 gerit
987 886 1052 920 pro
1078 874 1245 907 ministro
1267 874 1416 907 fratrum
1437 875 1523 907 dicti
1545 875 1695 908 Ordinis
1722 875 1907 920 provincie
1931 876 2078 909 Francie

209 941 411 974 secundum
431 953 567 974 morem
590 941 754 986 ejusdem
777 941 940 983 Ordinis,
963 941 1160 986 assumptis
1182 953 1305 974 secum
1328 941 1543 986 quibusdam
1567 942 1645 986 ejus
1667 942 1703 974 in
1724 941 1788 974 hac
1808 949 1908 987 parte
1929 943 2080 987 compli-

210 1008 327 1049 cibus,
360 1007 516 1041 seculari
549 1008 720 1041 suffultus
750 1008 923 1053 potentia,
951 1008 1105 1041 dilectos
1136 1008 1232 1041 filios
1263 1008 1448 1041 Nicolaum
1481 1009 1650 1041 Mercerii
1676 1009 1712 1041 in
1739 1009 1951 1054 gardianum
1983 1009 2078 1043 dicte

212 1074 341 1107 domus
362 1075 511 1107 fratrum
540 1081 574 1107 et
599 1074 800 1108 Johannem
822 1075 866 1107 de
894 1075 1137 1120 Attingniaco,
1164 1075 1293 1107 fratres
1322 1075 1408 1107 dicti
1429 1075 1592 1116 Ordinis,
1613 1075 1650 1107 in
1678 1082 1864 1120 regentem
1892 1076 1929 1108 in
1955 1076 2078 1109 eadem

213 1141 397 1186 theologia
412 1141 450 1174 in
472 1141 578 1174 domo
600 1141 762 1186 predicta
783 1141 827 1174 de
843 1142 935 1174 facto
956 1141 1158 1183 intrudere,
1176 1153 1243 1174 nec
1264 1153 1337 1174 non
1355 1141 1508 1174 dilectos
1530 1141 1625 1175 filios
1641 1142 1839 1175 Johannem
1858 1143 2079 1184 Bardolini³,

212 1207 413 1241 Johannem
435 1207 624 1242 Columbi⁸
651 1214 686 1241 et
705 1208 928 1241 Anthonium
955 1208 1055 1241 Fiole
1081 1208 1126 1241 de
1150 1208 1311 1253 predicta
1333 1208 1440 1241 domo
1462 1208 1657 1253 expellere,
1685 1221 1724 1241 ac
1750 1210 1894 1242 Petrum
1921 1210 2080 1251 Poncii⁵,

213 1274 343 1307 fratres
360 1274 454 1307 dicte
473 1274 602 1307 domus
623 1274 661 1307 in
678 1275 802 1307 eadem
825 1274 1008 1320 theologia
1030 1275 1234 1316 studentes,
1253 1282 1444 1308 extraneos
1462 1282 1703 1320 nuncupatos,
1722 1275 1799 1320 capi
1822 1282 1857 1308 et
1876 1276 2083 1309 carceribus

213 1341 410 1385 mancipari
430 1341 561 1383 facere,
583 1341 759 1386 ipsosque
777 1341 821 1374 de
839 1341 932 1374 dicta
953 1341 1139 1386 provincia
1161 1341 1313 1374 bannire
1334 1353 1398 1374 seu
1420 1341 1564 1374 banniri
1584 1342 1717 1383 facere,
1738 1354 1777 1374 ac
1798 1342 1892 1375 bona
1913 1343 1957 1375 ad
1977 1355 2083 1376 usum

214 1419 339 1440 eorum
362 1407 530 1452 deputata
551 1419 728 1453 usurpare
750 1415 874 1441 contra
890 1408 1073 1452 justiciam
1096 1420 1135 1440 ac
1157 1414 1287 1441 statuta
1309 1414 1344 1440 et
1368 1408 1655 1441 consuetudines
1677 1409 1763 1441 dicti
1785 1409 1934 1442 Ordinis
1955 1421 2085 1454 appro-

214 1473 307 1515 bata,
331 1474 477 1519 propria
494 1474 696 1507 temeritate
713 1475 949 1519 presumpsit,
968 1475 1005 1506 in
1021 1486 1191 1520 magnum
1210 1474 1451 1519 prejudicium
1470 1481 1505 1507 et
1522 1474 1757 1520 obprobrium
1777 1475 1955 1508 dictorum
1972 1476 2086 1521 magi-

215 1546 386 1581 strorum,
409 1540 697 1573 bachalariorum
719 1547 754 1573 et
775 1541 998 1574 studentium
1020 1548 1055 1574 et
1075 1541 1224 1574 Ordinis
1250 1541 1510 1586 predictorum,
1534 1554 1573 1574 ac
1595 1541 1803 1574 scandalum
1832 1542 2084 1586 plurimorum.

215 1608 333 1650 Quare
355 1619 419 1652 pro
442 1614 554 1652 parte,
577 1613 640 1641 etc.
667 1609 741 1640 Nos
763 1608 882 1652 itaque
904 1607 1115 1652 hujusmodi
1137 1607 1467 1652 supplicationibus
1489 1608 1664 1649 inclinati,
1686 1609 2005 1653 circumspectioni
2027 1616 2086 1642 tue

215 1685 280 1718 per
300 1674 498 1719 apostolica
519 1674 652 1719 scripta
673 1674 932 1707 committimus
954 1681 989 1707 et
1010 1674 1222 1707 mandamus
1243 1675 1426 1719 quatinus,
1450 1674 1480 1707 si
1502 1681 1557 1707 est
1578 1675 1637 1715 ita,
1655 1674 1865 1719 hujusmodi
1888 1675 2087 1721 sacrilegos

215 1740 350 1773 tamdiu
371 1741 582 1773 auctoritate
600 1747 723 1773 nostra
744 1740 985 1785 appellatione
1007 1747 1143 1773 remota
1164 1741 1273 1773 facias
1290 1741 1620 1774 excommunicatos
1638 1741 1783 1786 publice
1805 1742 1969 1774 nunciari
1991 1749 2025 1775 et
2045 1742 2088 1775 ab

216 1806 386 1840 omnibus
416 1807 535 1840 arcius
565 1807 704 1848 evitari,
734 1807 850 1840 donec
878 1807 997 1852 passis
1025 1807 1194 1852 injuriam
1225 1808 1470 1840 satisfecerint
1496 1814 1756 1853 competenter,
1782 1815 1817 1841 et
1841 1821 1921 1841 cum
1949 1815 2087 1841 tuarum

216 1874 425 1906 testimonio
447 1873 646 1906 litterarum
673 1874 717 1906 ad
743 1874 866 1907 sedem
892 1874 1060 1907 venerint
1085 1874 1320 1919 apostolicam
1347 1874 1574 1908 absolvendi.
1604 1875 1719 1920 Super
1744 1875 1824 1908 aliis
1845 1887 1931 1908 vero
1952 1876 2089 1909 vocatis

217 1940 278 1985 qui
305 1940 441 1973 fuerint
466 1940 653 1981 evocandi,
677 1947 712 1973 et
737 1941 944 1982 summarie,
974 1941 1189 1986 simpliciter
1215 1948 1250 1974 et
1279 1941 1323 1974 de
1354 1941 1461 1986 plano
1489 1948 1523 1974 et
1547 1941 1685 1986 absque
1718 1942 1871 1987 strepitu
1906 1948 1941 1974 et
1974 1942 2090 1987 figura

211 2006 355 2051 judicii,
379 2007 444 2039 sed
473 2006 549 2039 sola
578 2007 661 2039 facti
681 2007 831 2040 veritate
852 2007 1028 2052 inspecta,
1051 2007 1183 2041 auditis
1205 2007 1288 2040 hinc
1315 2008 1399 2040 inde
1428 2008 1641 2053 propositis,
1664 2008 1837 2053 quiequid
1866 2008 1901 2040 in
1929 2009 2090 2053 prejudi-

217 2073 312 2106 cium
334 2073 513 2106 dictorum
535 2073 806 2119 magistrorum,
824 2073 1100 2107 bacallariorum
1123 2081 1158 2107 et
1178 2075 1402 2108 studentium
1424 2075 1632 2120 reppereris
1652 2076 1729 2107 sore
1747 2082 1882 2108 temere
1903 2082 2091 2120 attempta-

216 2146 305 2182 tum,
328 2140 365 2172 in
387 2146 517 2173 statum
540 2139 701 2173 debitum
723 2140 935 2173 auctoritate
957 2147 1079 2174 nostra
1107 2141 1351 2186 appellatione
1379 2148 1516 2174 remota
1545 2153 1714 2175 revocare
1743 2153 1930 2186 procures,
1953 2142 2090 2175 faciens

218 2213 348 2240 statuta
370 2213 405 2239 et
431 2207 718 2240 consuetudines
751 2207 957 2252 supradicta
988 2207 1107 2252 quoad
1139 2207 1334 2253 magistros
1364 2207 1579 2241 bacallarios
1610 2215 1644 2241 et
1674 2208 1863 2241 studentes
1891 2208 2088 2253 predictos,

219 2273 334 2306 donec
363 2285 474 2318 super
494 2273 685 2318 premissis
710 2273 807 2306 aliud
834 2274 944 2306 suerit
970 2274 1189 2315 ordinatum,
1212 2274 1337 2307 eadem
1367 2275 1578 2307 auctoritate
1609 2274 1868 2308 inviolabiliter
1889 2274 2089 2308 observari.

217 2340 434 2385 Prefatoque
461 2340 637 2373 Johanni⁶
667 2340 712 2373 de
740 2340 910 2374 Cercuito
939 2340 1065 2373 eadem
1086 2341 1298 2373 auctoritate
1319 2340 1485 2374 inhibeas
1513 2353 1557 2373 ne
1585 2341 1628 2373 de
1656 2341 1828 2374 fratribus
1858 2341 2091 2375 studentibus

218 2406 429 2451 hujusmodi
450 2406 544 2440 dicte
563 2407 692 2440 domus
714 2419 753 2440 se
770 2407 1012 2440 intromittere
1033 2419 1100 2440 nee
1121 2407 1158 2439 in
1175 2407 1300 2440 eadem
1318 2407 1425 2440 domo
1443 2420 1578 2440 morem
1602 2407 1743 2440 trahere
1764 2415 1948 2453 presumat
1969 2415 2091 2441 contra

219 2479 349 2506 statuta
375 2479 411 2506 et
437 2473 725 2506 consuetudines
753 2473 972 2518 supradicta,
995 2485 1034 2506 ac
1062 2474 1207 2506 Petrum
1238 2486 1256 2506 a
1285 2473 1392 2506 dictis
1421 2473 1629 2507 carceribus
1658 2474 1810 2506 relaxari
1839 2474 2032 2519 ipsumque
2058 2481 2092 2507 et

219 2538 309 2572 alios
330 2539 459 2572 fratres
480 2540 679 2584 predictos,
701 2546 740 2572 ut
760 2540 952 2585 prefertur,
976 2539 1146 2573 bannitos
1168 2540 1212 2572 ad
1234 2540 1386 2573 eandem
1409 2540 1553 2573 domum
1576 2540 1752 2573 reducere
1774 2547 1809 2573 et
1829 2541 1954 2574 reduci
1974 2541 2092 2574 facere

219 2617 408 2650 procures,
430 2618 690 2651 permansuros
715 2606 851 2639 ibidem
873 2613 908 2639 et
937 2606 980 2639 ad
1008 2607 1145 2651 gradus
1173 2618 1260 2639 suos
1289 2607 1547 2652 suscipiendos
1580 2619 1833 2652 processuros,
1857 2608 1950 2640 sicut
1977 2607 2092 2652 prius,

219 2671 395 2717 ipsosque
412 2679 447 2705 et
467 2673 558 2706 alios
578 2674 707 2706 fratres
729 2673 919 2706 studentes
941 2673 1035 2706 dicte
1062 2673 1193 2706 domus
1218 2674 1319 2718 juxta
1349 2680 1479 2706 statuta
1505 2680 1540 2706 et
1568 2674 1854 2706 consuetudines
1876 2674 2035 2718 predicta
2056 2674 2093 2706 in

221 2750 345 2771 eorum
368 2739 520 2784 pristina
538 2739 706 2773 libertate
741 2740 954 2773 auctoritate
984 2740 1147 2785 predicta
1168 2747 1404 2773 manuteneas
1430 2747 1465 2773 et
1489 2752 1744 2774 conserves....
1767 2742 1810 2773 Et
1835 2740 2094 2773 nichilominus

221 2805 339 2838 dictos
360 2805 570 2838 Nicholaum
589 2818 607 2839 a
628 2806 853 2852 gardianatu,
877 2813 912 2840 et
926 2806 1127 2840 Johannem
1150 2807 1194 2839 de
1211 2807 1470 2852 At[t]ingniaco
1492 2819 1510 2840 a
1527 2807 1696 2852 regencia
1717 2807 1926 2852 hujusmodi
1948 2814 1982 2839 et
2002 2807 2094 2839 dicta

222 2871 328 2904 domo
357 2884 524 2906 amoveas
552 2873 697 2917 penitus
723 2879 758 2906 et
778 2873 951 2918 expellas,
975 2874 1019 2906 ad
1049 2873 1178 2906 domos
1207 2873 1293 2906 dicti
1320 2874 1482 2914 Ordinis,
1509 2874 1546 2906 in
1574 2873 1706 2918 quibus
1735 2874 1835 2918 prius
1865 2873 2096 2906 morabantur
