2488 3386
191 331 287 368 1379]
960 345 1007 366 DE
1043 345 1285 367 SCHISMATE.
1992 338 2055 371 577

279 418 357 451 Et²⁰
375 429 443 463 ego
461 417 681 451 Guillelmus
698 418 742 450 de
760 419 939 459 Maresco,
957 417 1148 463 presbyter
1165 418 1330 462 Sagiens.
1350 418 1459 456 dioc..
1477 419 1675 464 apostolica
1692 426 1726 452 et
1742 419 1919 464 imperiali
1936 427 2056 453 aucto-

190 484 294 518 ritate
315 496 355 517 ae
376 483 569 517 laudabilis
591 484 701 517 studii
723 484 980 517 Universitatis
1000 484 1219 518 Parisiensis
1241 485 1417 523 notarius,
1441 485 1631 530 premissis
1652 485 1835 526 omnihus,
1857 491 1920 520 etc.

282 590 359 614 Arch.
379 591 436 614 Vat.
455 591 580 614 instrum.
596 590 707 613 miscell.
725 590 758 613 ad
774 597 817 613 an.
836 590 904 618 1379,
921 590 986 621 Aug.
998 591 1022 613 9.
1035 590 1251 623 Instrumentum⁷
1268 590 1317 613 sub
1333 590 1439 614 rubrica
1454 594 1479 614 et
1495 590 1599 621 Incipit
1615 595 1643 614 ut
1658 600 1748 623 supra,
1765 593 1891 615 insertum
1909 596 1948 615 est
1962 593 2057 616 litteris

190 634 330 658 Raimundi
350 634 436 662 Fabri,
458 634 585 658 licentiati
602 634 628 658 in
644 635 750 662 decret.,
770 634 892 657 officialis
910 634 1036 658 Avenion.
1053 634 1103 664 (cui
1120 638 1318 666 praesentatum
1336 638 1375 658 est
1392 644 1407 658 a
1422 639 1594 666 procuratore
1612 636 1709 659 fiscalis
1724 644 1843 660 camerae
1858 640 1963 668 apost.),
1982 641 2007 660 et
2024 637 2056 660 ab

189 687 219 702 eo
235 680 300 710 Aug.
312 680 335 707 9,
353 679 379 702 in
396 679 473 702 domo
488 679 659 702 habitationis
674 678 792 710 episcopi
808 678 944 708 Avenion.,
959 679 1135 710 publicatum.
1155 680 1245 703 Restat
1263 679 1405 703 taeniolum
1422 680 1600 704 membranae.
1617 688 1675 703 cum
1692 682 1838 712 fragmento
1854 681 1937 712 sigini
1956 681 1982 704 in
1998 690 2057 704 cera

189 723 268 746 viridi
290 723 378 747 curiae
399 723 517 746 officialis
542 723 666 747 Avenion.
691 723 745 746 Hoc
767 723 836 746 idem
858 723 993 754 exemplar
1011 723 1120 747 affertur
1141 724 1209 747 inter
1229 724 1385 755 scripturas,
1409 734 1422 746 α
1442 732 1507 755 quas
1526 724 1637 747 tradidit
1656 724 1856 748 archidiaconus
1877 726 1908 748 de
1933 725 2057 749 Carrione

189 768 295 791 domino
312 768 398 799 legato
412 777 425 789 u
447 768 523 791 Petro
543 768 574 791 de
595 768 676 795 Luna,
690 771 715 791 et
730 767 889 791 describitur
905 767 942 791 sic
958 776 963 790 ·.
981 777 994 789 ‹<
1012 768 1159 791 Declaratio
1173 769 1359 792 Universitatis
1380 769 1523 792 Parisiens.
1540 777 1599 791 cum
1617 769 1706 800 sigillo
1726 777 1808 800 parvo
1828 769 1854 792 in
1874 778 1933 793 cera
1950 770 2027 793 viridi
2043 780 2056 791 5>

190 812 277 841 (Arch.
294 812 362 841 vat„
377 820 442 835 arm.
462 813 499 839 54,
517 816 547 834 n⁰
560 813 599 839 48,
618 812 662 835 sol.
679 812 727 843 83).
747 825 776 829 ·—-
790 812 981 843 Apographum
997 812 1071 839 ibid.,
1088 816 1118 835 n⁰
1133 813 1170 841 14,
1191 813 1235 836 fol.
1255 813 1308 840 102,
1326 813 1374 836 sub
1390 813 1498 844 antiqua
1513 813 1618 836 rubrica
1636 821 1641 836 ’.
1655 822 1666 835 (1
1683 813 1764 844 Copia
1777 813 1961 836 declarationis
1978 814 2059 836 studii

189 856 274 880 Paris.
295 864 318 880 1).
335 869 365 875 -
394 855 520 881 Vidimus
542 856 568 879 111
588 856 657 879 Bibl.
680 859 733 879 nat.
755 856 839 880 Paris.
863 864 913 879 ms.
935 857 981 880 lat.
1003 857 1073 885 1472,
1093 857 1137 880 fol.
1158 858 1182 881 4.
1200 857 1323 885 Bulaeus,
1347 858 1387 885 lv,
1410 858 1463 887 573,
1489 857 1534 880 ubi
1556 857 1759 881 instrumentum
1781 861 1842 888 post
1863 858 1956 881 ultima
1978 858 2058 881 verba

190 908 272 931 supra
288 904 316 923 n⁰
334 901 394 923 1626
412 901 544 932 exscripta
561 901 599 924 sic
616 901 710 932 incipit
728 908 733 924 ε
752 909 762 924 α
779 901 811 924 Et
828 901 874 924 illa
899 901 940 924 die
958 901 1018 924 lune
1041 901 1202 931 adveniente,
1220 910 1269 933 que
1295 902 1343 925 fuit
1364 902 1510 933 penultima
1534 902 1589 925 dies
1613 902 1709 925 mensis
1733 902 1793 925 Maii
1813 902 1934 933 predicti,
1952 902 2056 933 prefati,

189 945 322 968 Johannes
341 945 444 968 Sti-alen
466 948 560 973 rector,
579 945 684 970 Guillel.
701 945 725 968 le
742 945 793 968 Dos
811 953 832 974 1,
848 949 897 969 etc.
921 945 1047 970 Vidimus
1062 949 1086 969 et
1101 946 1160 969 Bul.
1176 945 1289 969 offerunt
1305 949 1403 969 textum
1419 946 1544 977 primum,
1561 946 1605 977 qui
1625 950 1716 977 postea
1734 949 1866 969 correctus
1882 950 1937 975 est;
1955 955 2058 969 correc-

189 989 273 1012 tiones
287 989 313 1012 in
331 990 459 1014 Vidimus
473 993 525 1012 tam
538 989 606 1013 inter
618 990 701 1013 lineas
713 998 791 1021 quam
807 989 833 1012 in
849 989 967 1021 margine
979 993 1147 1014 annotantur.
1159 990 1217 1013 Vid.
1230 994 1315 1014 notas.
1333 991 1460 1015 Vidimus
1470 994 1531 1022 post
1544 991 1637 1014 ultima
1652 991 1732 1014 verba
1743 991 1768 1013 11¹
1780 991 1848 1019 1626,
1865 999 1894 1022 p.
1909 992 1963 1020 575,
1979 991 2059 1014 allata

190 1033 284 1065 incipit
300 1037 328 1057 ut
343 1034 414 1065 apud
430 1034 498 1062 Bu1.,
516 1034 562 1057 sed
577 1034 603 1057 in
618 1034 737 1065 margine
750 1034 859 1057 affertur
871 1034 1033 1065 principium
1049 1034 1216 1058 instrumenti
1233 1043 1238 1057 ·.
1258 1043 1269 1058 a
1285 1035 1314 1058 In
1332 1035 1435 1058 nomine
1451 1035 1554 1058 Domini
1569 1044 1590 1064 1),
1608 1039 1656 1060 cte.
1674 1038 1703 1058 ut
1718 1043 1808 1066 supra.

285 1130 309 1154 1.
327 1131 385 1154 Bul.
397 1138 403 1154 ε
421 1141 433 1152 ι
447 1131 569 1162 eordiger
584 1139 606 1154 ».
624 1131 666 1154 Sic
684 1131 762 1154 etiam
777 1131 864 1163 primo
879 1131 1015 1160 Vidimus,
1029 1131 1122 1155 deinde
1132 1131 1159 1155 in
1172 1132 1291 1163 margine
1305 1135 1332 1155 ut
1343 1140 1433 1163 supra.
1445 1146 1475 1150 —
1486 1133 1509 1155 2.
1525 1132 1596 1159 Quae
1612 1136 1757 1163 sequuntur
1770 1141 1853 1164 usque
1867 1143 1880 1154 «
1896 1133 1929 1155 ad
1940 1133 2035 1156 Nemus
2048 1141 2059 1155 υ

191 1174 276 1198 omitt.
295 1175 354 1198 Bul.
375 1178 399 1198 et
424 1176 560 1204 Vidimus,
578 1176 623 1199 uhi
644 1179 731 1199 tamen
752 1176 779 1199 in
800 1176 919 1207 margine
941 1176 1078 1207 quaedam,
1096 1184 1146 1200 non
1164 1177 1260 1205 omnia,
1284 1177 1451 1208 supplentur.
1467 1190 1495 1194 —
1512 1178 1534 1199 3.
1550 1177 1610 1200 Bul.
1631 1180 1732 1208 postea,
1756 1177 1879 1201 Vidimus
1900 1177 1995 1208 primo,
2015 1177 2060 1200 sed

191 1219 270 1242 delet.
287 1227 292 1244 :
311 1228 322 1242 ((
339 1220 505 1243 dominorum
522 1224 635 1252 quatuor
651 1221 826 1244 cardinalium
842 1230 864 1244 ».
881 1235 908 1238 —
926 1221 950 1244 4,
968 1221 1003 1244 De
1021 1221 1117 1252 quibus
1130 1221 1185 1252 jam
1202 1229 1282 1252 supra
1298 1229 1324 1252 p.
1344 1222 1397 1244 249.
1416 1221 1557 1252 Pel-peram
1575 1221 1656 1252 igitur
1672 1221 1828 1252 quandoque
1846 1221 1983 1248 asseritur,
2002 1230 2061 1244 car-

192 1263 293 1287 dinales
309 1264 340 1287 de
355 1265 483 1295 Agrifolio
498 1268 524 1288 et
538 1265 684 1288 Pictavens.
703 1265 858 1294 (Guidonem
875 1265 905 1288 de
921 1265 1040 1295 Malescc)
1058 1269 1119 1296 post
1134 1265 1193 1288 Maii
1211 1267 1223 1288 7
1234 1266 1350 1288 Parisios
1367 1265 1515 1296 reliquisse.
1527 1279 1557 1283 -—-
1569 1268 1591 1289 5
1609 1266 1735 1290 Vidimus
1750 1266 1818 1289 inter
1833 1266 1915 1289 lineas
1928 1274 1932 1289 z
1952 1275 1962 1288 t(
1975 1266 2061 1289 Ludo-

192 1308 243 1331 vici
259 1317 283 1331 ».
297 1322 327 1326 —
342 1310 365 1332 6.
384 1309 524 1340 Aymeriei.
542 1323 569 1326 —
588 1311 611 1332 7.
628 1309 732 1332 Milonis
748 1310 779 1332 de
795 1310 932 1333 Dormans.
951 1323 977 1327 —
994 1310 1016 1332 8.
1031 1309 1158 1332 Johannis
1176 1310 1216 1339 (de
1232 1310 1384 1339 Reveillon),
1404 1310 1494 1334 decan.
1511 1310 1574 1333 eccl.
1592 1310 1700 1338 Pictuv.,
1720 1310 1762 1333 110.
1779 1311 1804 1332 111
1822 1311 1884 1341 leg.‚
1903 1310 1983 1341 episc,
1999 1311 2061 1333 Sar-

192 1352 286 1376 latens.
302 1353 336 1375 ab
351 1361 392 1376 an.
409 1353 478 1381 1370,
493 1353 586 1377 Octob.
603 1354 616 1376 2
632 1354 707 1385 (Reg.
724 1355 771 1377 Av.
791 1354 857 1378 Urb.
874 1354 903 1382 V,
920 1354 972 1376 vol.
992 1354 1081 1381 XXIII,
1099 1355 1115 1376 f.
1130 1354 1180 1382 44).
1199 1367 1229 1371 —
1244 1355 1266 1376 9.
1287 1354 1399 1385 Ipsemet
1420 1354 1469 1376 1100
1489 1357 1580 1377 narrat
1599 1362 1680 1385 supra
1700 1363 1726 1385 p.
1748 1355 1801 1377 247.
1818 1368 1849 1371 —
1866 1355 1904 1377 10.
1923 1364 1936 1375 α
1952 1355 2061 1385 Sumpta

191 1396 306 1420 themate
320 1400 345 1420 et
362 1405 374 1419 »
392 1405 443 1421 om.
459 1397 517 1420 Bul.
534 1401 559 1421 et
578 1398 711 1426 Vidimus,
726 1398 770 1421 ubi
786 1398 812 1421 in
828 1398 956 1429 margine.
972 1412 1003 1415 —
1016 1398 1054 1422 11.
1072 1406 1083 1420 (1
1100 1398 1156 1422 in...
1174 1398 1243 1421 sedis
1263 1407 1273 1420 »
1292 1407 1344 1421 om.
1361 1398 1419 1421 Bul.
1435 1402 1460 1421 ct
1479 1398 1612 1426 Vidimus,
1631 1398 1675 1421 uhi
1692 1398 1717 1421 in
1731 1398 1859 1429 margine.
1870 1413 1901 1416 -—
1918 1399 1956 1422 12.
1974 1407 1985 1421 (1
2004 1399 2060 1422 in...

194 1444 335 1472 appareret
349 1449 361 1463 1)
377 1449 429 1464 om.
448 1441 506 1464 Bul.
523 1445 548 1465 et
568 1442 700 1470 Vidimus,
719 1442 763 1465 ubi
777 1442 803 1465 in
819 1442 948 1473 margine.
963 1455 993 1459 —
1012 1442 1048 1464 13.
1066 1442 1123 1466 Bul.
1141 1445 1166 1465 ct
1185 1442 1309 1466 Vidimus
1328 1442 1463 1465 inserunt‘.
1482 1451 1493 1465 (t
1511 1446 1535 1465 et
1551 1442 1718 1465 dubitaverat
1734 1443 1767 1465 ad
1785 1443 1984 1466 deliberandum
2000 1452 2022 1472 »,
2037 1443 2062 1465 111

199 1485 325 1509 Vidimus
345 1485 468 1509 deletum.
482 1499 513 1503 —
528 1486 565 1509 14.
581 1486 676 1510 IIomil.
694 1487 723 1509 29
737 1486 763 1509 111
777 1487 914 1517 Evangel.,
928 1490 957 1509 n0
972 1486 994 1509 1.
1007 1499 1039 1503 —
1053 1486 1091 1509 15.
1110 1486 1178 1509 Haec
1194 1486 1274 1509 verba
1292 1495 1344 1510 om.
1357 1487 1415 1509 Bul.
1432 1490 1457 1510 et
1477 1487 1612 1516 Vidimus,
1627 1486 1671 1509 ubi
1691 1487 1758 1510 inter
1777 1487 1870 1510 lineas.
1886 1501 1915 1503 —
1929 1487 1967 1510 16.
1984 1495 1993 1509 (ι
2012 1495 2062 1509 una

194 1538 283 1553 cum...
300 1530 435 1561 magistris
455 1539 466 1553 »
481 1539 532 1553 om.
549 1531 608 1554 Bul.
624 1534 650 1554 et
670 1531 805 1559 Vidimus,
822 1530 868 1553 uhi
883 1530 951 1554 inter
966 1530 1058 1554 lineas.
1076 1544 1103 1548 —-
1118 1531 1156 1554 17.
1172 1531 1231 1554 Bul.
1247 1534 1272 1554 et
1292 1531 1418 1556 Vidimus
1429 1539 1438 1555 :
1451 1539 1461 1554 «
1481 1531 1586 1554 volebat
1602 1540 1623 1554 ».
1638 1545 1665 1548 —
1682 1531 1720 1554 18.
1744 1531 1871 1555 Vidimus
1884 1531 1910 1554 in
1926 1531 2061 1562 margine:

196 1582 206 1597 ι
223 1574 284 1597 talis
299 1577 347 1598 etc.
361 1578 385 1598 et
398 1578 512 1606 ponatur
525 1575 668 1598 secundum
682 1575 751 1606 quod
768 1575 846 1598 suerit
861 1575 1003 1606 requisitus
1016 1575 1134 1598 notarius
1152 1584 1173 1598 ».
1189 1589 1219 1592 —
1233 1576 1270 1598 19.
1283 1575 1342 1599 Bul.
1359 1579 1383 1598 ct
1403 1576 1529 1600 Vidimus
1542 1586 1549 1600 :
1564 1584 1574 1598 ‹(
1588 1575 1691 1598 nomine
1707 1575 1769 1599 dicti
1785 1575 1883 1598 domiui
1898 1575 1981 1599 nostri
1996 1584 2064 1607 pape

194 1621 219 1642 et
236 1619 340 1650 collegii
355 1619 531 1642 cardinalium
546 1628 568 1643 s.
585 1620 659 1643 Rom.
675 1620 738 1643 eccl.
754 1619 837 1643 voluit
852 1622 878 1643 et
896 1628 917 1643 ».
935 1620 962 1642 In
980 1619 1108 1644 Vidimus
1123 1620 1246 1643 deletum.
1262 1633 1290 1637 —
1305 1621 1343 1643 20.
1361 1620 1500 1651 Sequentia
1516 1628 1567 1643 0111.
1589 1620 1721 1644 Vidimus.

199 1789 340 1827 1628.
363 1799 496 1825 Ecclesia
514 1799 676 1834 Gallicana,
693 1800 897 1836 praesentibus
914 1804 1038 1836 quatuor
1053 1800 1263 1834 cardinalibus,
1282 1809 1376 1826 coram
1389 1800 1496 1836 populo
1513 1800 1641 1825 universo
1658 1800 1686 1825 in
1702 1799 1824 1825 ecclesia
1835 1800 1930 1829 Paris,
1947 1808 2064 1834 congre-

281 1852 351 1883 gata
373 1850 507 1884 professa
530 1852 580 1883 est,
607 1849 775 1875 Clementem
803 1851 855 1876 VII
868 1859 922 1886 pro
945 1859 1006 1876 vero
1029 1858 1194 1876 successore
1214 1850 1294 1875 Petri
1314 1849 1464 1875 tenendum
1488 1849 1540 1874 sub
1562 1857 1656 1884 poena
1678 1848 1873 1874 schismatica.
1896 1848 2006 1874 Amelio
2029 1848 2064 1874 de

282 1897 393 1922 Brolio⁴
409 1897 586 1933 prohibetur,
605 1898 754 1933 quominus
772 1898 800 1924 in
820 1898 964 1932 facultate
984 1898 1088 1924 decret.
1108 1899 1202 1924 Paris.
1227 1898 1262 1924 de
1283 1898 1337 1923 lzac
1354 1899 1476 1923 materia
1494 1901 1614 1933 repetat,
1633 1907 1667 1923 ne
1687 1897 1777 1923 dubia
1793 1901 1819 1923 et
1835 1906 1945 1922 errores
1961 1896 2063 1932 dispu-

285 1946 393 1971 tatione
409 1945 532 1972 durante
543 1947 754 1972 suscitarentur
769 1947 797 1972 in
814 1947 948 1973 cordibus
964 1947 1135 1982 aliquorum.

1413 1983 1493 2012 1379,
1511 1982 1572 2008 Maii
1581 1983 1642 2011 302,
1659 1982 1771 2010 Parisiis.

288 2068 346 2092 Vid.
362 2077 443 2100 supra
458 2078 484 2100 p.
502 2071 556 2093 249.
573 2070 678 2093 Maximi
694 2071 818 2094 momenti
833 2075 872 2094 est
888 2072 955 2102 quod
973 2071 1069 2094 ibidem
1084 2071 1208 2094 scribitur
1224 2070 1404 2102 repetitionem
1418 2070 1449 2093 de
1463 2071 1530 2092 sacto
1544 2068 1677 2092 electionis
1694 2069 1800 2091 minime
1815 2069 1958 2092 admissam
1973 2069 2063 2094 fuisse,

195 2112 257 2136 Inde
272 2113 355 2136 multa
367 2113 419 2136 alia
430 2114 602 2145 explicantur.
616 2115 697 2137 Immo
714 2115 840 2138 Henricus
852 2116 883 2138 de
895 2116 989 2138 IIassia
1005 2116 1029 2138 in
1046 2124 1094 2139 sua
1106 2116 1231 2146 Epistola
1240 2116 1319 2146 pacis
1331 2118 1421 2137 narrat
1437 2122 1441 2137 z
1457 2124 1469 2135 «
1484 2122 1530 2136 1100
1545 2113 1704 2144 permissum
1720 2117 1759 2136 est
1774 2113 1810 2135 ibi
1826 2113 1940 2144 publicis
1956 2113 2062 2144 sapien-

194 2161 249 2180 tum
265 2157 490 2188 disputationibus
509 2159 642 2189 negotium
658 2159 753 2182 discuti
821 2168 882 2190 rege
902 2163 927 2183 et
942 2161 1055 2191 quodam
1071 2168 1196 2191 processu
1213 2159 1387 2182 cardinalium
1408 2159 1439 2181 (le
1460 2158 1579 2180 nullitate
1599 2157 1732 2180 electionis
1749 2157 1833 2188 prime
1853 2157 1967 2188 amplius
1983 2166 2063 2188 super

194 2201 243 2224 hac
258 2209 285 2224 re
300 2201 437 2233 disputare
452 2202 608 2233 prohibente
625 2213 638 2224 »
658 2204 720 2233 (vid.
737 2204 805 2233 Bul..
822 2205 864 2233 IV,
883 2205 946 2234 576),
963 2208 991 2227 ut
1009 2208 1120 2235 apparet
1133 2204 1187 2235 jam
1204 2207 1262 2227 ante
1280 2203 1340 2226 Maii
1357 2204 1394 2225 23.
1413 2202 1498 2233 Supra
1515 2201 1600 2224 solum
1621 2202 1651 2224 de
1670 2203 1718 2224 sac.
1735 2202 1805 2224 decr.
1826 2201 1922 2232 agitur.
1939 2202 1985 2225 An.
2002 2202 2061 2225 1391

194 2245 301 2277 quidam
319 2246 410 2269 doctor
427 2247 511 2270 Paris.
528 2247 622 2270 scribit
636 2249 721 2279 quoad
738 2248 857 2271 doctores
875 2248 958 2272 Paris.
974 2249 1139 2280 tempestatis
1157 2248 1324 2279 praeteritae,
1342 2255 1432 2270 eorum
1449 2246 1637 2277 negligentiam
1652 2253 1708 2269 0550
1723 2246 1828 2268 0111111110
1848 2246 2061 2275 inexcusabilem,

195 2298 206 2312 t(
224 2289 285 2321 quia
300 2298 350 2313 non
366 2290 515 2314 habuerunt
530 2291 693 2322 diligentiam
711 2295 739 2315 ut
754 2292 901 2315 debuerunt
920 2293 1118 2316 determinando
1134 2292 1272 2315 scolastice
1288 2292 1312 2314 in
1334 2291 1378 2313 illa
1395 2290 1504 2313 materia
1520 2293 1544 2313 et
1559 2289 1718 2320 disputando
1738 2298 1748 2312 )›
1766 2290 1839 2319 (Cod.
1854 2290 1911 2313 Vat.
1929 2290 1976 2313 lat.
1990 2291 2062 2319 4927,

195 2334 239 2357 fol.
255 2334 306 2359 93¹³.
323 2335 379 2358 Vid.
396 2339 446 2357 num
462 2336 542 2365 1663).

287 2418 310 2443 1.
329 2419 364 2442 De
380 2427 431 2450 quo
447 2427 539 2450 snepe;
558 2420 611 2443 vid.
630 2429 656 2451 p.
673 2421 718 2443 477
734 2423 758 2443 et
773 2420 908 2444 Iudicem.

201 2584 340 2621 1629.
362 2594 502 2620 Henricus
518 2594 553 2620 de
569 2596 687 2629 Hassia,
707 2604 780 2630 mag.
800 2595 884 2621 theol.
901 2596 1007 2629 Paris..
1022 2604 1103 2621 suam
1120 2595 1278 2629 Epistolam
1294 2595 1370 2628 pacis
1382 2602 1431 2626 pro
1449 2594 1550 2619 unione
1564 2592 1747 2629 procuranda
1762 2592 1871 2618 scribit.

1410 2677 1456 2702 137
1461 2677 1484 2705 9,
1498 2676 1559 2701 Maii
1572 2676 1647 2704 7-24,
1664 2675 1776 2701 Parisiis.

289 2764 400 2795 Incipit*
419 2775 430 2786 «
447 2764 544 2788 Genius
566 2765 654 2796 magni
673 2766 745 2789 ,lovis
764 2766 878 2789 vicarius
898 2775 919 2794 11,
942 2766 966 2789 111
983 2766 1050 2789 Bibl.
1067 2769 1119 2789 nat.
1139 2765 1221 2788 Paris.
1241 2773 1288 2788 ms.
1310 2765 1355 2787 lat.
1373 2764 1447 2786 14G44
1470 2764 1550 2793 (olim.
1570 2764 1595 2786 S.
1615 2763 1711 2786 Victor.
1731 2765 1793 2792 843),
1813 2764 1856 2786 sol.
1878 2763 1932 2785 142.
1950 2762 1984 2785 De
2003 2761 2061 2784 aliis

197 2808 277 2830 msstis
301 2808 354 2832 vid.
376 2809 467 2837 Kneer,
488 2810 539 2833 Die
559 2810 739 2841 Enzstehunq
758 2812 808 2834 der
832 2811 1021 2835 Komiliarcn
1044 2811 1160 2834 leeorie
1184 2811 1284 2838 (Roma,
1310 2809 1388 2837 1893),
1406 2817 1432 2839 p.
1450 2809 1489 2833 64,
1512 2811 1564 2831 not.
1586 2809 1607 2831 1.
1629 2808 1758 2831 Delcndus
1780 2811 1865 2830 tamon
1884 2807 1980 2829 ibidem
1999 2806 2061 2829 Cod.

198 2853 223 2875 S.
243 2853 340 2876 Victor.
356 2854 400 2875 843
420 2854 491 2882 (olim
510 2855 573 2883 277),
594 2855 655 2885 quia
673 2855 742 2878 idem
763 2864 821 2878 cum
839 2857 900 2878 msto
918 2856 1006 2883 14644;
1028 2855 1139 2878 delenda
1159 2855 1237 2877 etiam
1257 2857 1317 2876 uota
1335 2862 1364 2875 cx
1382 2852 1484 2876 Oudino
1504 2853 1548 2880 111,
1570 2853 1639 2880 1250,
1658 2853 1685 2875 S.
1706 2852 1771 2875 x'ict.
1792 2853 1818 2875 I’.
1837 2854 1859 2880 U,
1880 2860 1907 2882 p.
1927 2852 1979 2878 2¹23,
2001 2858 2061 2873 num

197 2896 351 2927 designatur
370 2905 418 2920 ms.
441 2898 526 2927 14643,
547 2898 591 2922 fol.
614 2900 668 2928 223,
684 2899 728 2922 uhi
750 2907 812 2923 vero
828 2903 911 2923 exstat
929 2900 1051 2930 Epistola
1075 2899 1193 2924 Consilii
1215 2898 1302 2928 pacis.
1322 2898 1392 2920 ldclu
1409 2897 1545 2919 dicendum
1562 2897 1593 2919 (10
1616 2905 1663 2919 ms.
1687 2897 1821 2926 Rotoruag.
1839 2895 1867 2920 O,
1885 2897 1914 2918 20
1930 2895 1968 2924 (11⁰
1983 2895 2062 2924 1355),

321 2944 368 2960 m*
388 2943 481 2966 cmm-t.
506 2943 583 2966 Univ.
602 2943 696 2967 Paris.
716 2944 761 2967 111.
1908 2939 1936 2962 73
