2488 3386
203 318 298 354 1354]
631 330 676 351 ΑΒ
711 329 816 351 Anno
852 328 983 350 MCCCL
1018 328 1147 356 USQUE
1182 328 1230 349 An
1266 328 1529 349 ”nummorum
1560 329 1647 349 xm.
2021 320 2060 351 27

204 433 296 471 122
306 433 327 469 1
337 462 345 469 .
369 442 468 468 Altera
483 441 643 477 appellatio
658 440 814 475 Reginaldi
828 440 863 466 de
878 441 984 465 Aciaco
1002 439 1042 464 ad
1056 443 1188 464 sanctam
1203 438 1307 464 sedem.

1366 520 1439 550 1354,
1456 520 1614 552 Septembris
1630 521 1647 549 1,
1663 521 1777 546 Parisiis.

288 609 415 640 Datum
437 618 502 652 per
517 607 655 651 copiam
677 606 745 639 sub
762 606 868 651 signo
886 605 955 638 mei
978 605 1107 638 notarii
1130 604 1263 649 publici
1286 604 1517 648 infrascripti.
1542 605 1581 635 ln
1603 604 1748 635 nomine
1771 604 1926 643 Domini,
1945 616 2059 636 amen.

200 675 267 706 Per
293 673 361 706 hoc
394 685 546 718 presens
576 672 759 717 publicum
788 673 1067 705 instrumentum
1099 671 1239 703 cunctis
1268 677 1383 715 pateat
1413 670 1612 711 evidenter,
1645 670 1740 714 quod
1773 682 1866 702 anno
1899 670 2060 713 ejusdem

201 740 344 772 Domini
365 739 559 772 millesimo
581 739 686 772 CCC⁰
706 738 1008 783 quinquagesimo
1031 744 1170 782 quarto,
1193 737 1392 769 indictione
1414 737 1577 781 septima,
1602 736 1739 768 mensis
1761 735 1983 780 Septembris
2005 736 2063 767 die

201 807 325 851 prima,
348 806 493 839 circiter
516 805 639 838 horam
664 805 850 845 merediei,
875 804 1104 849 pontificatus
1126 803 1344 836 sanctissimi
1368 803 1403 835 in
1425 803 1570 836 Christo
1593 803 1703 847 patris
1725 814 1763 834 ac
1787 802 1924 834 domini
1949 803 2063 835 nostri

201 873 337 906 domini
359 872 562 905 Innocentii
591 871 710 904 divina
741 871 968 916 providentia
999 882 1088 915 pape
1111 870 1201 903 sexti
1228 882 1322 902 anno
1344 870 1518 906 secundo,
1542 869 1578 901 in
1605 869 1674 901 mei
1707 869 1835 901 notarii
1868 868 2002 912 publici
2032 875 2063 901 et

201 939 345 972 testium
374 939 687 983 infrascriptorum
714 937 897 982 presentia
923 943 1072 982 propter
1096 936 1164 969 hoc
1186 935 1428 981 personaliter
1452 936 1672 968 constitutus
1698 934 1917 967 venerabilis
1939 941 1970 967 et
1993 935 2066 967 dis-

200 1012 321 1038 cretus
337 1006 393 1038 vir
409 1005 581 1050 magister
598 1004 821 1049 Reginaldus
839 1004 882 1036 de
900 1004 1043 1044 Aciaco,
1063 1003 1302 1035 illustrissimi
1321 1002 1495 1047 principis
1513 1002 1649 1034 domini
1670 1001 1785 1034 nostri
1803 1001 1901 1046 regis
1919 1001 2066 1033 Francic

200 1072 409 1112 advocatus,
429 1071 606 1116 quandam
625 1070 917 1116 provocationem
941 1081 1005 1102 seu
1023 1069 1300 1115 appellationem
1323 1069 1365 1101 ad
1389 1075 1544 1101 sanctam
1569 1068 1692 1101 sedem
1715 1067 1948 1112 apostolicam
1971 1067 2066 1103 secit,

201 1139 420 1183 interposuit
441 1145 476 1170 et
497 1138 628 1176 emisit,
651 1149 690 1170 ac
712 1137 815 1170 etiam
839 1143 1059 1181 protestatus
1084 1136 1151 1168 suit
1176 1136 1283 1168 modo
1305 1142 1340 1168 et
1364 1136 1475 1167 forma
1498 1135 1679 1167 contentis
1706 1134 1741 1166 in
1768 1134 1919 1178 quadam
1941 1134 2067 1166 cedula

203 1205 359 1250 papirea,
388 1216 492 1249 quam
520 1210 604 1237 tunc
632 1204 668 1236 in
696 1204 772 1236 suis
802 1202 970 1236 manibus
997 1202 1141 1235 tenebat
1162 1202 1281 1234 dictus
1307 1202 1480 1246 magister
1507 1201 1743 1246 Reginaldus,
1767 1208 1801 1233 et
1828 1212 1931 1245 quam
1961 1200 2067 1232 michi

202 1271 348 1316 publico
367 1271 507 1304 notario
525 1270 756 1315 infrascripto
778 1270 926 1302 tradidit
947 1276 981 1302 et
998 1269 1170 1314 porrexit.
1189 1269 1303 1313 Cujus
1325 1268 1504 1312 siquidem
1528 1267 1657 1300 cedule
1679 1274 1782 1300 tenor
1804 1267 1967 1299 noscitur
1988 1279 2069 1299 essc

202 1337 283 1371 talis
307 1350 313 1370 :

291 1420 306 1435 «
327 1405 416 1437 Dico
434 1411 466 1436 et
486 1415 663 1448 propono,
682 1415 751 1449 ego
770 1403 993 1448 Reginaldus
1011 1403 1054 1435 de
1073 1402 1215 1443 Aciaco,
1233 1401 1472 1434 illustrissimi
1490 1401 1667 1446 principis
1685 1401 1823 1433 domini
1840 1401 1955 1433 nostri
1974 1401 2070 1445 regis

204 1472 421 1503 Francorum
445 1470 651 1510 advocatus,
675 1470 749 1514 qui,
773 1481 889 1514 nuper
909 1469 952 1501 ad
978 1469 1048 1501 mei
1070 1469 1237 1502 noticiam
1261 1468 1416 1501 deducto
1438 1467 1535 1512 quod
1563 1474 1694 1507 rector,
1719 1466 1844 1499 decani
1864 1467 2068 1499 facultatum

202 1544 238 1570 et
258 1537 421 1582 magistri
443 1536 690 1570 universitatis
711 1536 904 1569 scolarium
927 1535 1185 1568 Parisiensium
1208 1535 1413 1567 comminati
1436 1535 1575 1567 fuerant
1598 1540 1631 1566 et
1653 1545 1691 1566 se
1716 1534 1950 1578 jactaverant,
1975 1534 2069 1578 quod

203 1604 273 1649 ipsi
303 1616 370 1636 suo
399 1610 434 1636 et
461 1603 716 1636 Universitatis
745 1603 891 1635 nomine
922 1602 1083 1647 predicte
1111 1614 1128 1634 a
1157 1602 1250 1634 dicta
1277 1601 1520 1634 Universitate
1551 1612 1605 1633 me
1635 1600 1817 1645 privarent
1847 1612 1911 1632 seu
1941 1600 2069 1645 privari

203 1670 447 1711 recusarent¹,
469 1682 548 1702 cum
571 1676 689 1702 tamen
711 1669 808 1702 nulla
830 1680 936 1701 causa
958 1668 1139 1709 subesset,
1163 1674 1270 1713 prout
1291 1680 1356 1700 nec
1378 1667 1516 1707 subest,
1540 1679 1649 1711 quare
1671 1679 1688 1699 a
1709 1679 1862 1711 corpore
1884 1667 2071 1699 Universi-

203 1737 284 1770 tatis
305 1737 439 1782 privari
460 1748 523 1769 seu
546 1736 702 1769 resecari
725 1735 914 1774 deberem,
938 1742 1086 1780 propter
1107 1747 1176 1779 que
1198 1734 1466 1767 verissimiliter
1488 1734 1631 1772 timens,
1654 1733 1750 1777 quod
1773 1745 1857 1765 suas
1878 1733 2070 1765 commina—

203 1804 328 1836 ciones
355 1803 398 1836 ad
424 1803 589 1835 effectum
617 1802 862 1847 perduxerent
881 1802 967 1845 (sic),
990 1808 1097 1846 prout
1127 1808 1212 1834 sunt
1240 1801 1389 1841 assueti,
1418 1800 1544 1833 volens
1571 1812 1694 1832 eorum
1722 1799 2070 1832 comminacionibus

203 1869 349 1903 obviare
371 1876 406 1902 et
426 1881 506 1902 meo
528 1869 635 1902 statui
657 1869 850 1913 providere
872 1880 889 1900 a
911 1868 1020 1900 certis
1041 1866 1391 1900 comminaeionibus
1413 1867 1479 1899 rite
1501 1873 1533 1899 et
1556 1867 1655 1910 juste
1677 1873 1799 1898 contra
1823 1866 1939 1899 dictos
1960 1873 2070 1899 recto-

203 1948 291 1976 rem,
314 1936 471 1968 decanos
493 1942 527 1968 et
548 1935 742 1980 magistros
764 1941 799 1967 et
819 1946 945 1967 omnes
972 1934 1062 1967 alios
1088 1946 1240 1978 quorum
1263 1934 1433 1966 intererat
1456 1940 1488 1965 et
1517 1945 1608 1977 quos
1631 1933 1764 1965 dictum
1788 1933 1902 1978 tangit,
1920 1940 1976 1965 aut
2000 1940 2072 1965 tan-

203 2002 311 2048 gebat
331 2002 538 2047 negocium,
562 2009 629 2034 tam
652 2001 872 2046 conjunctim
895 2013 999 2046 quam
1021 2001 1179 2041 divisim,
1203 2001 1239 2032 in
1261 2000 1406 2045 scriptis
1427 2000 1470 2032 ad
1493 2000 1615 2032 sedem
1639 1999 1872 2044 apostolicam
1894 2000 2069 2044 appellavi

204 2081 268 2102 seu
290 2069 496 2114 provocavi,
515 2080 553 2101 ac
574 2069 675 2113 ipsos
696 2075 862 2112 tanquam
885 2074 1077 2112 suspectos
1099 2079 1142 2100 ex
1163 2067 1336 2112 predictis
1358 2073 1393 2099 et
1412 2066 1492 2099 aliis
1509 2066 1629 2099 causis
1641 2066 1752 2110 justis
1770 2067 1945 2107 recusavi,
1964 2074 2071 2111 prout

205 2147 247 2168 ex
274 2142 437 2168 tenorem
464 2136 534 2178 (sic)
561 2135 655 2167 dicte
681 2134 934 2179 appellationis
965 2146 1030 2166 seu
1057 2133 1326 2178 provocationis
1353 2145 1455 2177 quam
1489 2132 1545 2165 bic
1571 2132 1653 2165 volo
1682 2144 1746 2177 pro
1775 2132 1909 2165 inserta
1937 2132 2069 2165 habere

204 2208 324 2247 potest
343 2201 519 2246 liquidius
539 2213 724 2246 apparere.
749 2202 835 2233 Item
859 2201 939 2233 dico
957 2207 992 2233 et
1012 2212 1190 2245 propono,
1209 2200 1305 2244 quod
1327 2200 1383 2232 die
1402 2199 1524 2232 ultima
1542 2199 1678 2231 mensis
1695 2199 1851 2243 Augusti
1872 2199 2068 2232 novissime

204 2268 366 2313 preteriti
387 2268 515 2301 dictam
537 2267 812 2313 appellationem
837 2279 901 2300 seu
923 2267 1215 2312 provocationem
1238 2278 1301 2311 per
1316 2266 1515 2299 Johannem
1539 2266 1582 2298 de
1605 2265 1779 2305 Betbuna,
1800 2273 2067 2309 procuratorem

204 2347 323 2367 meum
344 2334 533 2367 habentem
557 2334 600 2367 ad
621 2334 688 2367 hoc
709 2334 912 2366 mandatum
935 2333 1119 2366 sufficiens
1142 2333 1247 2366 dictis
1270 2333 1413 2373 rectori,
1432 2332 1579 2365 decanis
1601 2339 1633 2364 et
1655 2333 1837 2377 magistris
1858 2345 1897 2364 ac
1919 2333 2070 2365 Univer-

204 2401 299 2434 sitati
325 2401 502 2434 insinuari
530 2401 598 2433 feci
627 2408 659 2434 et
690 2401 847 2433 intimari
878 2407 911 2433 et
939 2400 983 2432 ab
1014 2400 1066 2432 eis
1092 2400 1280 2439 instanter,
1304 2399 1504 2431 instancius
1532 2405 1566 2431 et
1595 2399 1856 2431 instantissime
1886 2399 2069 2443 apostolos

205 2468 290 2512 peti,
320 2474 428 2512 prout
456 2467 522 2500 hec
550 2467 587 2499 in
614 2467 856 2499 instrumento
885 2466 1031 2511 publico
1057 2478 1162 2499 manu
1194 2465 1339 2498 I‘leberti
1372 2465 1516 2497 Morelli
1543 2465 1665 2497 clerici
1696 2464 1831 2509 publici
1861 2465 2070 2498 auctoritate

205 2533 403 2578 apostolica
426 2540 461 2566 et
480 2533 658 2578 imperiali
680 2533 822 2574 notarii,
845 2533 888 2566 ad
910 2534 1013 2577 cujus
1035 2539 1196 2565 tenorem
1220 2544 1275 2564 me
1297 2533 1414 2564 resero
1437 2538 1469 2563 et
1491 2543 1597 2575 quem
1619 2531 1675 2563 hic
1702 2543 1766 2575 pro
1788 2531 1924 2563 inserto
1946 2531 2069 2563 haberi

205 2600 301 2640 volo,
325 2606 445 2644 potest
465 2600 609 2645 plenius
630 2612 815 2645 apparere.
839 2601 925 2632 Item
949 2599 1030 2632 dico
1057 2606 1093 2632 et
1121 2611 1298 2644 propono,
1321 2598 1417 2643 quod
1440 2598 1566 2642 prefati
1595 2604 1724 2635 rector,
1748 2597 1886 2638 decani,
1910 2597 2071 2642 magistri

205 2678 244 2698 ae
267 2666 492 2699 Universitas
514 2678 578 2711 pro
601 2667 774 2711 predictis
796 2678 867 2698 non
890 2666 968 2698 sinc
990 2666 1089 2698 sedis
1110 2665 1308 2710 apostolice
1329 2665 1466 2696 offensa
1486 2663 1654 2696 commoti
1682 2663 1802 2707 petitis
1823 2663 2010 2708 apostolis,
2034 2670 2069 2695 ut

207 2738 262 2765 est
282 2732 429 2772 dictum,
453 2739 488 2765 et
519 2744 583 2777 per
610 2744 673 2765 eos
699 2744 772 2765 non
794 2733 898 2773 datis,
928 2744 993 2764 nec
1024 2731 1167 2772 oblatis,
1198 2743 1263 2763 nec
1294 2730 1498 2775 promissis,
1530 2741 1611 2774 ymo
1642 2729 1768 2773 pocius
1799 2730 1986 2773 denegatis
2008 2741 2071 2773 per

206 2799 379 2831 Jacobum
397 2798 442 2830 de
462 2798 672 2837 Pavillione,
692 2798 874 2831 bedellum
898 2799 1073 2843 ipsorum,
1092 2804 1125 2830 et
1146 2797 1236 2830 alios
1258 2809 1381 2829 eorum
1405 2795 1570 2828 bedellos
1592 2795 1833 2839 peremptorie
1851 2802 1883 2827 et
1905 2807 2071 2839 persona-

209 2863 293 2897 liter
313 2864 406 2897 dicta
436 2864 493 2896 die
522 2864 644 2897 ultima
666 2865 822 2910 Augusti
853 2865 952 2897 citari
983 2864 1196 2896 mandarunt
1225 2876 1263 2895 ac
1292 2862 1376 2895 dicti
1407 2861 1542 2893 bedelli
1572 2873 1627 2893 me
1658 2861 1750 2892 dicta
1778 2861 1835 2892 die
1862 2861 1954 2892 circa
1985 2860 2073 2893 solis
