2488 3386
454 353 520 385 574
1036 362 1351 384 CHARTULARIUM
1386 362 1575 383 umvizns.
1613 362 1740 384 PARts.
2222 350 2321 388 [1379

454 435 624 468 omnibus
646 435 779 468 ibidem
797 436 1050 477 existentibus,
1069 434 1302 468 audientibus
1320 442 1354 467 et
1374 435 1500 467 audire
1517 435 1740 476 volentibus,
1759 436 1855 481 quod
1872 448 1951 469 cum
1974 437 2134 481 prefatus
2150 437 2320 470 dominus

455 509 580 534 noster
601 514 663 534 rex
690 502 828 546 pluries
854 502 991 535 eisdem
1014 502 1226 547 scripsisset
1252 513 1316 546 per
1342 513 1426 534 suas
1451 501 1590 535 litteras
1617 502 1741 547 sepius
1769 502 1939 544 insertas,
1962 503 2006 535 de
2027 502 2160 548 quihus
2185 503 2319 536 nullam

455 568 681 601 Universitas
702 568 851 601 dederat
872 569 1164 614 responsionem,
1189 579 1327 612 eosque
1348 568 1496 601 insimul
1523 580 1588 613 per
1607 568 1753 601 modum
1776 556 1923 614 collegii
1944 569 2161 615 congregari
2187 570 2322 603 fecerat

453 647 518 680 pro
541 634 790 680 recolligendo
812 636 967 680 prefatas
989 634 1273 667 deliberationes
1295 634 1338 667 de
1361 634 1418 667 die
1440 635 1564 668 martis
1585 647 1693 680 supra
1714 635 1884 677 insertas,
1908 647 1974 669 nec
1998 648 2071 669 non
2092 636 2136 669 ad
2162 636 2318 669 dandum

452 708 488 734 et
507 701 748 734 ordinandum
769 708 888 734 certos
910 702 1101 746 deputatos
1123 713 1166 734 ex
1193 708 1293 746 parte
1315 701 1583 743 Universitatis,
1608 702 1668 747 qui
1695 701 1873 735 haberent
1899 709 2113 747 potestatem
2136 703 2320 736 referendi

452 767 736 801 deliberationes
767 768 992 813 singularum
1026 768 1210 801 nationum
1242 774 1277 800 et
1305 767 1512 800 facultatum
1544 780 1587 801 ex
1619 775 1718 813 parte
1750 769 2029 802 Universitatis⁵
2060 769 2242 814 deputatis
2277 781 2320 803 ex

451 841 551 879 parte
573 835 658 867 dicti
686 834 824 867 domini
854 835 970 867 nostri
1000 834 1112 879 regis,
1141 834 1281 867 scilicet
1309 834 1521 868 reverendis
1545 835 1582 867 in
1603 834 1750 868 Christo
1776 835 1940 880 patribus
1966 835 2124 869 dominis
2146 836 2318 881 episcopo

452 901 684 934 Lauduuensi
708 908 743 934 et
766 901 920 934 Johanni
945 900 1063 934 abbati
1090 901 1299 933 monasterii
1327 901 1360 934 S.
1383 901 1533 935 Vedasti
1558 901 1824 943 Atrebatensis,
1853 909 1888 935 et
1917 914 2028 948 super
2052 902 2120 936 hoc
2147 909 2189 936 ex
2219 909 2318 948 parte

451 968 707 1001 Universitatis
728 969 875 1000 fuerunt
895 968 1051 1000 ordinati
1081 968 1208 1013 prefati
1238 974 1357 1001 rector
1387 980 1455 1001 una
1483 980 1562 1001 cum
1586 975 1740 1013 quatuor
1760 968 2058 1014 procuratoribus
2084 969 2316 1014 supradictis,

450 1034 667 1067 facientibus
695 1034 899 1066 facultatem
929 1034 1055 1067 artium
1088 1046 1153 1079 pro
1180 1034 1347 1067 facultate
1378 1034 1520 1075 artium,
1549 1033 1733 1067 Johannes
1760 1034 1804 1067 de
1835 1035 2064 1068 Bellomonte
2094 1035 2254 1069 decanus
2283 1042 2319 1070 et

449 1100 619 1133 Nicolaus
650 1101 694 1133 de
725 1100 896 1134 Oliveriis
926 1101 1090 1145 magistri
1126 1101 1162 1133 in
1197 1100 1376 1133 medicina
1411 1113 1476 1146 pro
1507 1107 1542 1133 et
1575 1101 1722 1134 nomine
1751 1101 1931 1134 facultatis
1962 1102 2158 1143 medicine,
2190 1103 2319 1137 Petrus

450 1167 581 1200 Blondi
602 1174 636 1199 et
657 1169 784 1200 Petrus
806 1167 850 1199 de
873 1167 1089 1212 Lupimonte
1111 1167 1281 1201 doctores
1303 1174 1336 1200 et
1357 1174 1436 1200 actu
1463 1174 1635 1213 regentes
1656 1168 1817 1201 Parisius
1843 1168 1879 1200 in
1900 1168 2067 1202 facultate
2088 1168 2318 1203 decretorum

449 1246 513 1279 pro
536 1241 570 1266 et
600 1234 746 1266 nomine
774 1234 869 1267 dicte
896 1234 1089 1275 facultatis,
1113 1234 1237 1267 Simon
1263 1235 1400 1267 Freron
1428 1241 1462 1267 et
1487 1234 1672 1268 Johannes
1698 1235 1743 1267 de
1771 1235 1806 1268 S.
1834 1235 1982 1268 Nazario
2008 1235 2045 1268 in
2066 1246 2166 1268 sacra
2187 1236 2317 1281 pagina

449 1301 677 1346 professores
699 1312 763 1346 pro
788 1307 823 1333 et
843 1300 990 1333 nomine
1011 1301 1190 1334 facultatis
1212 1300 1410 1346 theologie,
1433 1301 1494 1346 qui
1519 1301 1664 1346 quidem
1687 1301 1848 1346 deputati
1871 1313 1914 1334 ex
1938 1308 2038 1347 parte
2061 1302 2317 1336 Universitatis

448 1367 652 1400 habuerunt
672 1367 812 1412 plenam
835 1374 1047 1412 potestatem
1071 1367 1184 1401 dictas
1206 1367 1491 1401 deliberationes
1512 1368 1650 1401 eisdem
1673 1368 1847 1414 episcopo
1869 1375 1903 1401 et
1930 1368 2050 1401 abbati
2071 1368 2158 1402 dicti
2179 1369 2316 1402 domini

448 1434 564 1467 nostri
598 1434 697 1479 regis
726 1434 908 1479 deputatis
944 1434 1126 1467 referendi
1163 1441 1198 1467 et
1230 1419 1326 1468 dicto
1357 1435 1504 1467 domino
1536 1442 1661 1468 nostro
1697 1435 1789 1480 regi,
1825 1435 1855 1467 si
1889 1435 2088 1480 expediens
2118 1435 2314 1478 videbitur,

449 1501 678 1546 regratiando
707 1501 881 1546 prefatum
905 1501 1089 1534 dominum
1119 1508 1283 1534 nostrum
1314 1513 1435 1547 regem
1464 1501 1507 1534 de
1538 1501 1632 1534 bona
1659 1502 1862 1543 affectione,
1891 1501 2087 1535 dilectione
2115 1509 2151 1535 et
2179 1514 2314 1544 amore,

448 1579 539 1612 quos
561 1568 720 1612 prefatus
741 1567 911 1600 dominus
933 1575 1058 1601 noster
1078 1580 1141 1601 rex
1168 1567 1294 1601 habuit
1320 1575 1356 1601 et
1382 1568 1490 1601 habet
1517 1580 1602 1614 erga
1629 1567 1867 1601 humillimam
1896 1568 2003 1601 filiam
2034 1568 2314 1602 Universitatem

446 1634 687 1667 parisiensem
710 1641 744 1667 et
765 1635 953 1679 supposita
975 1635 1152 1679 ejusdem.
1173 1635 1289 1680 Super
1307 1634 1440 1680 quibus
1462 1635 1631 1668 omnibus
1653 1642 1687 1668 et
1708 1635 1865 1681 singulis
1887 1635 2107 1680 supradictis
2128 1635 2315 1680 predictus

446 1708 565 1734 rector
594 1701 740 1734 nomine
770 1701 931 1746 predicte
963 1702 1219 1735 Universitatis
1249 1702 1364 1735 voluit
1393 1708 1428 1735 et
1461 1702 1563 1747 petiit
1594 1701 1664 1735 sibi
1694 1702 1772 1735 fieri
1803 1701 1987 1747 publicum
2018 1702 2312 1736 instrumentum.

445 1768 531 1801 Acta
554 1774 638 1800 sunt
658 1767 723 1800 hec
745 1768 782 1800 in
802 1768 958 1813 capitulo
982 1769 1015 1801 S.
1035 1768 1206 1801 Maturini
1226 1768 1399 1810 Parisius,
1424 1781 1530 1809 anno,
1553 1769 1765 1810 indictione,
1784 1780 1923 1809 mense,
1946 1768 2017 1809 die,
2039 1768 2120 1801 loco
2142 1775 2177 1802 et
2196 1769 2315 1814 ponti-

447 1834 551 1867 ficatu
574 1834 707 1879 quibus
735 1846 855 1879 supra,
884 1834 1118 1879 presentibus
1149 1835 1193 1868 ad
1222 1835 1288 1868 hec
1319 1835 1488 1868 discretis
1518 1835 1607 1868 viris
1638 1835 1758 1868 Bricio
1787 1834 1967 1874 Monachi,
1999 1834 2147 1868 Nicolao
2177 1835 2314 1869 Thome

445 1901 672 1946 presbytero,
703 1901 841 1946 Egydio
872 1902 1133 1946 L'Empereur‘3
1160 1914 1199 1935 ac
1229 1902 1375 1935 Simone
1396 1901 1546 1943 Thome,
1570 1902 1664 1935 dicte
1690 1902 1948 1935 Universitatis
1980 1901 2137 1935 bedellis
2165 1909 2200 1935 et
2229 1902 2315 1935 sub-

445 1967 613 2009 bedellis,
637 1974 672 2000 et
692 1967 858 2012 pluribus
880 1968 960 2001 aliis
982 1968 1137 2002 testibus
1158 1968 1203 2001 ad
1224 1969 1401 2014 premissa
1422 1968 1558 2002 vocatis
1580 1968 1788 2014 specialiter
1808 1975 1842 2002 et
1862 1968 2012 2014 rogatis.

535 2103 620 2134 Item
645 2102 702 2134 die
718 2102 816 2146 jovis
838 2103 1019 2146 sequenti,
1038 2115 1107 2147 que
1128 2102 1195 2135 suit
1215 2103 1312 2147 xxvja
1330 2103 1466 2135 mensis
1488 2102 1572 2135 Maii
1593 2102 1813 2147 supradicti⁷
1831 2103 1990 2148 prefatus
2008 2103 2178 2136 dominus
2195 2109 2315 2136 rector

446 2168 603 2212 prefatos
634 2168 826 2213 deputatos
857 2180 898 2201 ex
934 2176 1034 2214 parte
1064 2169 1321 2202 Universitatis
1355 2169 1505 2202 insimul
1535 2169 1751 2214 congregari
1786 2169 1871 2202 fecit
1904 2169 1941 2201 in
1974 2169 2132 2215 capitulo
2166 2169 2313 2215 collegii

445 2234 592 2267 fratrum
626 2235 888 2268 Heremitarum
924 2236 957 2268 S.
989 2236 1186 2280 Augustini
1221 2236 1382 2268 Parisius
1419 2247 1483 2280 pro
1517 2236 1610 2268 dicta
1644 2235 1820 2268 relatione
1850 2236 2014 2269 facienda
2049 2236 2198 2281 prefatis
2237 2236 2313 2281 epi-

446 2312 556 2345 scopo
584 2301 816 2334 Laudunensi
838 2308 873 2334 et
901 2301 1020 2335 abbati
1051 2303 1085 2335 S.
1110 2302 1259 2336 Vedasti
1284 2302 1537 2336 Atrebatensis
1564 2302 1746 2347 deputatis
1775 2302 1861 2335 dicti
1890 2302 2027 2335 domini
2055 2302 2171 2335 nostri
2198 2303 2310 2348 regis.

447 2367 526 2399 Fuit
547 2367 695 2400 relatum
719 2380 782 2412 per
799 2380 974 2413 organum
993 2369 1213 2402 venerabilis
1232 2376 1266 2402 et
1283 2370 1430 2402 discreti
1452 2370 1520 2402 viri
1537 2369 1701 2414 magistri
1724 2369 1882 2402 Simonis
1904 2367 2075 2410 Freron⁸,
2093 2380 2194 2402 sacre
2215 2368 2314 2402 theo-

447 2432 543 2477 logie
574 2434 793 2477 prosessoris
823 2435 875 2477 (in
909 2436 1091 2479 presentia
1122 2435 1384 2468 venerabilium
1415 2443 1447 2468 et
1478 2436 1717 2469 discretorum
1751 2436 1910 2468 virorum
1942 2435 2171 2468 dominorum
2204 2436 2314 2481 inagi-

447 2505 603 2531 strorum
624 2499 798 2533 Johannis
820 2501 863 2533 de
886 2501 1026 2534 Stralen
1056 2503 1222 2544 rectoris,
1244 2502 1432 2536 Guillelini
1453 2502 1487 2535 le
1509 2503 1582 2535 Dos
1605 2502 1766 2542 Francie,
1790 2501 1990 2535 Godesredi
2018 2502 2113 2534 Bake
2133 2501 2310 2544 Picardie,

446 2566 620 2598 Johannis
656 2566 700 2598 de
732 2568 932 2600 Pertusone
968 2569 1174 2610 Normanie,
1209 2576 1243 2602 et
1269 2569 1445 2602 Johannis
1477 2569 1522 2602 de
1556 2569 1742 2613 Moguntia
1772 2568 1906 2613 Anglie
1936 2575 2090 2613 quatuor
2125 2569 2309 2602 nationum

448 2639 738 2676 procuratorium
772 2633 946 2666 Johannis
978 2635 1021 2667 de
1055 2628 1284 2668 Bellomonte
1319 2643 1354 2668 et
1386 2635 1524 2668 Nicolai
1560 2635 1603 2668 de
1638 2635 1811 2668 Oliveriis
1842 2635 2097 2680 magistrorum
2132 2635 2312 2668 facultatis

447 2698 643 2738 medicine;
677 2699 773 2731 Petri
809 2699 938 2732 Blondi
975 2707 1009 2733 et
1042 2702 1138 2733 Petri
1168 2702 1212 2734 de
1247 2697 1464 2747 Lupimonte
1498 2702 1535 2734 in
1564 2701 1731 2734 facultate
1763 2701 1992 2734 decretorum
2026 2700 2214 2734 doctorum
2227 2701 2312 2743 {stac

445 2752 619 2797 Johannis
641 2765 685 2797 de
708 2766 741 2798 S.
761 2766 908 2798 Nazario
931 2766 965 2798 in
989 2779 1087 2799 sacra
1109 2769 1239 2812 pagina
1261 2769 1496 2813 professoris,
1520 2768 1626 2801 modo
1649 2774 1683 2800 et
1703 2768 1816 2800 forma
1837 2767 2012 2812 predictis
2033 2780 2075 2801 ex
2096 2767 2195 2813 parte
2217 2767 2311 2801 dicte

450 2831 702 2863 Universitatis
720 2831 970 2876 deputatorum
993 2833 1036 2865 ad
1058 2834 1267 2868 referendas
1290 2835 1573 2868 deliberationes
1594 2832 1819 2879 singularum
1843 2834 2028 2867 nationum
2050 2841 2085 2867 et
2103 2832 2309 2867 facultatum

447 2896 554 2941 prout
574 2898 744 2942 superius
771 2905 856 2930 sunt
881 2898 1031 2940 inserte,
1054 2901 1139 2944 [qui]
1162 2901 1375 2934 relationem
1397 2902 1708 2944 affirmaverunt⁹),
1732 2897 1827 2945 quod
1852 2901 1944 2933 dicta
1967 2901 2193 2934 Universitas
2214 2899 2311 2934 Pari-
