2488 3386
224 315 320 351 1387]
644 327 690 348 ΑΒ
724 326 830 348 ANNO
864 325 994 348 Mcccx.
1029 325 1159 354 USQUE
1195 326 1242 347 An
1277 325 1541 347 BENEDICTUM
1576 327 1665 348 xiii.
2021 317 2084 350 447

307 403 381 429 Item
398 402 507 429 Herveo
524 401 641 431 Sulven,
658 400 751 434 presb.
770 400 973 433 Corisopitens.
988 400 1074 429 dior..
1091 407 1168 432 mag.
1184 399 1215 425 in
1230 400 1284 425 art.
1302 401 1329 425 et
1344 399 1374 425 10
1391 399 1479 425 theol.
1496 401 1563 425 actu
1578 400 1699 432 regenti.

308 452 381 478 Item
397 451 497 484 Egidio
512 451 547 477 de
562 450 688 483 Campis.
702 449 775 475 diac.
792 449 979 481 Rothomag.,
994 456 1071 481 mag.
1086 448 1117 473 in
1133 449 1186 474 art.
1208 449 1236 474 et
1260 448 1290 473 in
1313 448 1401 474 theol.
1419 448 1529 474 doctori
1552 450 1617 474 actu
1638 449 1759 481 regenti,
1777 449 1806 474 in
1822 450 1888 475 eccl.
1911 450 2083 484 Rottiomag.

218 500 425 526 canonicatum
440 498 594 525 obtinenti.

306 549 380 575 Item
396 548 544 574 Francisco
560 547 664 574 Robini
679 547 715 572 de
730 546 756 572 S.
773 545 920 575 Michaele‚
938 545 1065 571 subdiac.
1078 545 1253 570 Virdunens.
1268 545 1354 573 dioc.‚
1368 552 1444 577 mag.
1458 545 1488 570 in
1499 546 1552 570 art.
1565 546 1593 571 et
1609 545 1638 571 in
1650 546 1738 571 theol.
1751 546 1861 579 regenti
1876 546 1906 572 in
1920 547 1970 572 sac.
1984 547 2084 576 theol..

218 598 286 623 alias
301 597 344 623 bis
358 597 462 623 rectori
477 596 676 623 Universitatis
692 594 803 623 Paris.²¹
821 594 932 628 quique
947 594 1017 626 legit
1035 594 1066 619 in
1081 594 1143 619 vico
1158 594 1341 619 Straminum
1356 595 1430 619 artes
1446 594 1503 620 sere
1518 601 1569 626 per
1584 602 1618 619 xv
1630 602 1722 619 annos
1736 596 1764 620 et
1779 595 1837 621 fere
1851 603 1902 628 per
1916 597 1980 621 octo
1995 604 2086 622 annos

218 646 307 672 libros
321 646 445 672 morales
460 644 654 679 philosophie,
670 644 772 670 diebus
787 643 918 669 videlicet
933 642 1087 668 dominicis
1101 644 1129 668 et
1145 642 1259 672 festivis,
1276 642 1393 667 dudum
1408 642 1498 668 eciam
1514 642 1640 668 nuncius
1659 643 1694 668 ad
1714 643 1825 668 curiam
1845 644 1928 669 Rom.
1944 652 1996 677 pro
2011 645 2084 670 dicta

219 695 418 723 Universitate.
436 694 488 727 qui
503 694 549 719 vix
569 693 670 726 recipit
685 693 715 718 in
731 692 827 718 studio
843 699 879 717 xx
894 692 1007 717 francos
1021 691 1232 717 communibus
1251 691 1334 716 annis
1354 691 1389 717 de
1410 691 1563 724 prebendis
1575 691 1759 721 Virdunensi,
1776 692 1903 722 Metensi,
1917 694 1945 718 et
1961 693 1987 720 S.
2006 693 2085 719 Gen-

219 743 324 777 gulphi
339 743 478 772 Tullens..
494 742 525 768 in
538 742 646 775 quibus
658 741 780 768 ecclesiis
792 742 834 767 est
848 740 1005 766 canonicus
1019 740 1224 773 prebendatus.

308 792 381 818 Item
397 791 498 825 Egidio
514 791 641 820 Abbatis,
658 790 752 824 presb.
769 790 957 822 Rothomag.,
973 797 1051 821 mag.
1068 789 1099 814 in
1114 790 1168 814 art.
1186 790 1214 814 et
1228 788 1259 814 in
1276 788 1375 818 theol..
1391 790 1458 814 actu
1473 789 1584 821 regenti
1600 788 1722 814 Parisius
1736 789 1767 814 in
1781 789 1832 815 sac.
1847 789 1922 815 dicte
1937 790 2024 816 theol.

308 841 381 867 Item
397 840 525 866 Johanni
539 839 575 865 de
591 838 722 868 Salesio³‚
737 838 991 864 Montisalbanens.
1006 838 1092 867 dioc.‚
1109 837 1177 863 Ord.
1194 838 1259 862 frat.
1274 838 1305 862 B.
1323 837 1409 863 Marie
1424 837 1459 863 de
1474 838 1571 863 Monte
1586 837 1720 867 Carmeli,
1737 845 1815 870 mag.
1831 838 1862 863 in
1876 838 1965 864 theol.

309 890 382 915 Item
397 888 478 914 fratri
493 889 576 914 Petro
591 888 688 916 Ducis.
705 887 802 913 abbati
818 887 844 913 S.
860 886 980 912 Victoris
995 886 1156 916 Pax-istem,
1171 894 1248 919 mag.
1266 886 1296 911 in
1312 886 1399 912 111001.
1414 887 1481 912 actu
1496 886 1618 919 regenti.

308 938 381 964 Item
397 937 560 963 Guillermo
573 937 608 963 de
624 936 762 966 Gardino,
780 936 873 969 presb.
895 936 1071 968 Rothomag.
1088 935 1173 963 dioc.‚
1191 935 1221 960 in
1237 936 1290 960 art.
1308 942 1385 968 mag.
1402 943 1434 961 00
1455 935 1567 968 regenti
1589 935 1701 961 doctori
1723 935 1754 960 in
1770 935 1872 965 theol.,
1893 937 1994 961 curato
2008 944 2085 969 parr.

218 986 286 1013 eccl.
304 987 335 1012 B.
350 986 436 1012 Marie
451 986 487 1012 de
499 985 686 1012 Calidobecco
700 985 776 1011 dicte
790 984 864 1010 dioc.

308 1035 400 1061 Fratri
416 1035 543 1061 Johanni
559 1034 672 1063 Golein.
690 1034 759 1060 Ord.
779 1034 863 1060 Beate
878 1033 929 1059 Dei
945 1032 1090 1066 genitricis
1105 1032 1192 1058 Marie
1207 1033 1242 1058 de
1257 1033 1354 1058 Monte
1369 1032 1504 1061 Carmeli,
1521 1033 1572 1066 qui
1594 1032 1662 1058 alias
1682 1033 1784 1058 missus
1799 1041 1850 1066 per
1865 1033 2086 1059 Universitatem

219 1091 278 1109 una
294 1091 362 1110 cum
378 1084 439 1109 aliis
454 1083 549 1110 eidem
565 1083 710 1109 sanctitati
725 1084 816 1108 vestre
831 1082 1005 1116 presentavit
1020 1081 1300 1107 determinacionem
1315 1081 1404 1114 ipsius
1416 1081 1614 1107 Universitatis
1629 1089 1697 1107 cum
1713 1081 1836 1107 rotulo⁴.

307 1133 381 1158 Item
396 1132 477 1158 fratri
493 1132 607 1158 Matheo
624 1131 772 1161 Silvestris‚
784 1131 815 1157 in
830 1130 976 1164 theologia
991 1138 1081 1163 mag..
1098 1130 1188 1163 priori
1202 1131 1362 1155 conventus
1377 1130 1537 1156 Parisiensis
1548 1130 1664 1156 Ordinis
1678 1131 1802 1155 fratrum
1818 1130 1955 1156 Heremit.
1971 1131 1998 1158 S.
2010 1131 2084 1164 Aug.

308 1182 381 1208 Item
397 1181 498 1214 Egidio
513 1181 708 1214 Imperatoris,
725 1180 799 1206 dioc.
817 1180 977 1208 Parisiens..
995 1179 1163 1205 subbedello
1179 1179 1231 1205 sac.
1246 1179 1348 1205 theol..
1365 1179 1400 1205 de
1415 1179 1612 1205 matricularia
1628 1179 1658 1204 in
1673 1179 1740 1205 eccl.
1757 1179 1900 1206 Remensi.
1977 1179 2031 1214 [15]

314 1274 335 1296 1.
351 1273 508 1296 Possidebat
522 1275 584 1295 tunc
601 1275 773 1303 personatum
789 1272 820 1295 de
836 1271 941 1294 Baisieu
961 1271 1082 1294 Ambinn.
1103 1271 1196 1300 dioec„
1212 1271 1388 1302 capellaniam
1408 1271 1434 1294 in
1450 1272 1552 1302 capella
1568 1272 1593 1295 S.
1611 1272 1737 1303 Stephani
1753 1272 1852 1295 110οἀΡί
1869 1273 1962 1301 Paris„
1978 1281 1989 1296 ο(
2007 1281 2084 1304 quam

218 1318 251 1341 ad
266 1326 376 1349 presens
397 1312 449 1340 non
473 1317 573 1340 obtinet
596 1325 617 1345 1),
636 1325 729 1340 canon.
752 1317 816 1340 0001.
839 1316 969 1344 Αω11100.,
987 1324 1044 1339 can.
1064 1316 1126 1339 eccl.
1146 1315 1291 1345 Suession.,
1308 1316 1399 1347 prneb.
1422 1316 1448 1339 S.
1464 1316 1581 1339 Marcelli
1599 1317 1694 1345 Paris.,
1712 1317 1856 1340 cantoriam
1875 1317 2084 1340 Noviomensem.

218 1362 380 1386 Recordatur
394 1361 497 1392 gratiae
514 1363 596 1384 factae
611 1370 622 1384 (t
638 1361 664 1384 in
678 1361 773 1385 rotulo
788 1361 916 1385 nationis
933 1360 1099 1385 Gallicanae
1116 1360 1211 1387 Paris.,
1229 1360 1287 1391 ipso
1308 1363 1368 1383 tunc
1384 1360 1475 1383 nuntio
1493 1361 1526 1383 ad
1545 1364 1627 1384 sanct.
1644 1370 1668 1385 v.
1687 1369 1736 1392 pro
1752 1361 1820 1384 dicto
1838 1362 1924 1384 rotulo
1946 1362 2085 1390 destinato,

218 1415 248 1430 oe
270 1406 372 1430 baccal.
391 1407 512 1436 formato
527 1406 558 1429 i‘n
572 1406 652 1430 theol.
669 1405 824 1430 existenti»
843 1405 906 1434 (vid.
923 1405 955 1427 ad
970 1405 1033 1428 haec
1050 1413 1130 1436 supra
1146 1413 1173 1435 p.
1190 1405 1254 1434 ⁸255),
1271 1404 1407 1436 eidemque
1421 1413 1574 1428 eoncessum
1592 1405 1640 1428 t’uit
1654 1414 1665 1428 (ι
1679 1406 1748 1437 quod
1763 1406 1849 1437 possit
1863 1406 1928 1429 duas
1944 1406 2085 1437 dignitates

217 1451 295 1474 etiam
309 1453 414 1473 curatas
432 1449 538 1481 assequi
553 1453 578 1473 et
598 1453 685 1473 tenere
701 1458 723 1472 ».
745 1449 783 1472 Ad
800 1449 864 1472 haec
882 1449 934 1472 vid.
953 1448 1109 1473 Introducc.
1127 1449 1159 1471 nd
1175 1453 1225 1471 num
1239 1449 1307 1472 1504.
1323 1462 1353 1466 —
1371 1449 1393 1472 2.
1415 1450 1462 1473 An.
1479 1450 1539 1472 1368
1559 1452 1584 1472 et
1608 1450 1676 1473 1378.
1698 1449 1756 1473 Vid.
1775 1454 1813 1472 n0⁸
1834 1450 1893 1473 1348
1914 1453 1938 1473 et
1963 1450 2032 1473 1419.
2056 1464 2086 1468 —

218 1496 241 1519 3.
258 1496 277 1519 I.
293 1503 314 1518 e.
332 1495 363 1518 de
379 1495 463 1518 Salies
480 1494 686 1524 (lite-Guronne).
702 1494 759 1517 Vid.
776 1502 858 1525 supra
874 1502 901 1525 p.
918 1495 971 1522 398,
989 1497 1043 1516 not.
1059 1494 1098 1516 38.
1110 1507 1141 1511 —
1155 1494 1178 1516 4.
1196 1493 1292 1525 Utique
1312 1502 1354 1516 00.
1372 1494 1439 1516 1383.
1457 1493 1515 1517 Vid.
1532 1501 1612 1525 supra
1628 1498 1655 1516 0ο
1680 1494 1746 1523 11177,
1768 1497 1831 1522 not„
1852 1497 1877 1517 et
1898 1494 1956 1518 Lib.
1972 1501 2085 1524 procur.

217 1543 278 1564 nat.
292 1539 403 1570 Anylz'c.
419 1539 448 1562 in
462 1541 582 1563 Λυσίαν.
596 1538 628 1561 ad
640 1538 666 1562 h.
683 1546 726 1562 nn.
743 1538 818 1562 Febr.
834 1539 847 1561 3
865 1541 890 1561 et
905 1539 943 1561 26.

224 1693 364 1729 1539.
390 1711 403 1727 α
422 1701 543 1728 Botulus
558 1701 713 1736 facultatis
728 1701 913 1727 decretorum.
933 1711 946 1724 »

309 1792 495 1837 Supplicat
522 1791 701 1824 sanctitati
724 1798 845 1825 vestre
870 1798 990 1824 vestra
1011 1791 1140 1824 devota
1164 1790 1315 1824 facultas
1342 1790 1570 1823 decretorum
1597 1790 1765 1835 quatinus
1792 1791 1835 1823 de
1861 1790 1966 1824 solita
1987 1790 2087 1823 beni-

217 1859 353 1904 gnitate
369 1864 490 1892 vestre
511 1858 711 1891 clemencie
732 1858 770 1890 in
790 1858 960 1903 personis
982 1858 1239 1903 magistrorum
1257 1857 1351 1890 dicte
1372 1857 1551 1890 facultatis
1568 1857 1716 1902 gratiam
1740 1857 1933 1902 specialem
1954 1858 2087 1890 sacien—

217 1932 271 1958 tes
289 1925 426 1958 eisdem
448 1925 634 1970 magistris
656 1925 810 1957 inferius
827 1925 1021 1958 nominatis
1039 1924 1083 1957 de
1105 1924 1294 1957 beneficiis
1312 1923 1571 1957 ecclesiasticis
1660 1924 1945 1957 misericorditer
1959 1924 2087 1969 digne-

217 1992 305 2024 mini
326 1991 532 2036 providere.
541 2017 546 2023 .
555 2017 576 2023 ..

304 2090 379 2115 Item
395 2089 476 2114 fratri
492 2088 615 2115 Henrico
631 2089 757 2117 Bueuve,
775 2088 961 2114 Laudunens.
975 2088 1062 2118 dioc.‚
1079 2089 1212 2122 religioso
1229 2088 1254 2114 S.
1272 2089 1364 2115 Mauri
1379 2089 1414 2115 de
1430 2089 1549 2115 Fossatis
1562 2090 1647 2115 Paris.
1665 2089 1750 2119 dioc.‚
1765 2089 1948 2115 decretorum
1964 2089 2084 2118 doctori.

215 2140 282 2165 actu
298 2138 410 2171 regenti
426 2138 456 2163 in
469 2137 570 2164 eadem
585 2138 638 2163 fac.
656 2138 684 2163 et
698 2137 807 2163 decano
821 2137 953 2171 ejusdem
968 2138 1021 2163 sac.

304 2187 378 2213 Item
394 2187 533 2220 magistro
548 2186 703 2220 Radulpho
716 2186 752 2212 de
767 2186 855 2216 Lesia,
872 2186 977 2212 decret.
995 2186 1116 2216 doctori,
1131 2188 1198 2212 actu
1213 2187 1325 2220 regenti
1342 2187 1464 2212 Parisius
1476 2187 1507 2212 in
1523 2187 1574 2213 sac.
1590 2187 1728 2220 predicta.

305 2236 378 2262 Item
395 2236 534 2269 magistro
549 2235 677 2261 Johanni
692 2235 727 2261 de
740 2235 881 2268 Crepone,
896 2235 1111 2261 Constanciens.
1129 2235 1216 2265 dioc..
1230 2235 1306 2261 decr.
1323 2235 1444 2265 doctori,
1461 2237 1526 2262 actu
1542 2236 1654 2269 regenti
1670 2235 1792 2261 Parisius
1807 2237 1835 2261 et
1850 2236 1894 2262 lic.
1912 2236 1942 2261 in
1958 2236 2012 2268 leg.

304 2285 378 2311 Item
394 2285 533 2317 magistro
548 2284 675 2310 Johanni
697 2284 733 2310 de
753 2284 848 2314 Socco,
866 2284 1083 2317 consanguineo
1102 2284 1150 2310 ho.
1173 2292 1231 2311 me.
1255 2284 1394 2318 Stephani
1414 2285 1566 2318 quondam
1586 2284 1737 2311 cardinalis
1757 2284 1854 2314 Paris,
1869 2285 1945 2310 decr.
1962 2284 2083 2313 doctori,

215 2335 282 2360 actu
298 2333 410 2367 regenti
426 2333 549 2359 Parisius
563 2333 594 2359 in
609 2333 685 2359 dicta
701 2333 753 2359 fac.

304 2383 378 2409 Item
393 2382 475 2408 fratri
490 2382 642 2412 Richardo,
659 2382 770 2408 doctori
785 2383 851 2407 actu
867 2381 980 2414 regenti
996 2382 1118 2407 Parisius
1133 2381 1163 2407 in
1179 2382 1230 2408 sac.
1250 2382 1339 2411 decr,
1361 2382 1458 2408 abbati
1482 2382 1649 2408 monasterii
1673 2382 1699 2408 S.
1723 2382 1838 2408 Martini
1853 2383 1981 2408 Trecens.
1997 2382 2082 2411 dioc.‚

215 2431 284 2457 Ord.
302 2432 332 2457 B.
348 2432 423 2464 Aug.

306 2480 472 2514 Supplicato
487 2480 615 2510 dudum,
631 2479 762 2505 'videlicet
786 2487 864 2505 anno
886 2479 983 2513 primo
1005 2479 1156 2505 creationis
1171 2481 1261 2505 vestre
1280 2480 1311 2505 in
1327 2480 1414 2505 rotulo
1430 2480 1655 2506 baccallart'orum
1677 2480 1704 2505 ἰη
1725 2480 1838 2505 decretis
1854 2479 1976 2505 Parisius
1991 2487 2082 2504 01000

215 2529 297 2563 beata
312 2537 364 2562 per
379 2529 502 2555 verbum
519 2538 532 2553 «
550 2529 601 2554 fiat
621 2530 655 2554 ut
676 2529 787 2561 petitur
803 2538 816 2552 »
838 2528 951 2561 signato
966 2536 1019 2561 pro
1034 2530 1116 2561 parte
1131 2528 1251 2554 oratoris
1266 2528 1436 2554 venerahilis
1459 2529 1554 2554 fratris
1576 2529 1714 2554 Bernardi
1735 2529 1770 2554 de
1786 2528 1928 2557 Oratorio‚
1946 2527 2082 2553 monachi

215 2585 345 2611 expresse
359 2578 478 2611 professi
493 2578 638 2611 prioratus
651 2577 733 2603 Volte
746 2577 814 2603 Ord.
833 2577 962 2603 Cluniae.
977 2578 1005 2603 et
1019 2577 1093 2603 dioc.
1114 2577 1210 2603 Sancti
1232 2577 1318 2606 Flori,
1333 2577 1472 2610 quatinus
1491 2577 1655 2610 dignemini
1669 2577 1764 2603 eidem
1785 2577 1934 2610 providere
1948 2584 1997 2602 scu
2017 2583 2081 2609 spe-

215 2627 317 2653 cialem
333 2627 457 2659 gratiam
472 2627 563 2652 facore
578 2627 614 2652 de
629 2626 780 2655 beneficio,
795 2626 891 2652 officio
904 2634 953 2652 seu
969 2626 1100 2659 prioratu
1172 2626 1273 2660 (nunc)
1288 2626 1341 2651 sub
1353 2626 1419 2651 data
1435 2625 1537 2659 priori*
1554 2626 1575 2652 si
1590 2626 1693 2659 placet,
1708 2634 1755 2652 seu
1771 2625 1844 2655 taff,
1859 2633 1950 2659 quam
1965 2632 2081 2650 conces-

216 2675 287 2701 sistis
311 2675 454 2708 magistris
474 2675 672 2701 Universitatis
697 2675 845 2700 Parisiens.
869 2675 1058 2701 existentibus
1082 2675 1112 2700 in
1136 2675 1251 2700 secundo
1273 2682 1377 2700 eorum
1399 2675 1497 2704 rotulo,
1517 2675 1609 2700 ultimo
1633 2675 1727 2701 eidem
1749 2674 1893 2700 sanctitati
1914 2674 2080 2706 presentato,

216 2725 324 2757 quibus
339 2732 390 2757 per
405 2724 537 2757 primum
553 2724 678 2750 modum
693 2725 785 2750 fuerat
800 2724 960 2757 provisum.
978 2724 1086 2749 dictam
1102 2723 1229 2756 graciam
1244 2723 1408 2756 dignemini
1423 2724 1577 2750 extendere
1653 2725 1765 2749 attento
1781 2723 1860 2756 quod
1880 2723 1972 2748 dictus
1992 2729 2081 2754 expo—

216 2781 288 2799 nens
301 2773 439 2806 magister
452 2773 527 2799 dicte
542 2773 740 2799 Universitatis
754 2774 782 2799 et
797 2773 982 2799 decretorum
998 2773 1100 2798 doctor
1114 2774 1180 2798 actu
1197 2780 1298 2805 regens
1312 2774 1340 2798 ct
1355 2772 1453 2805 legens
1472 2773 1594 2798 Parisius
1609 2773 1748 2798 continue
1763 2773 1791 2798 et
1810 2771 1901 2796 tribus
1918 2771 2000 2796 annis
2013 2770 2082 2796 citra

215 2822 319 2848 existit.

305 2871 377 2897 Item
395 2870 531 2904 magistro
547 2871 689 2896 Richardo
705 2871 782 2896 Belet
797 2871 832 2897 (10
848 2871 983 2900 Ε111·01015,
998 2870 1109 2897 doctori
1124 2871 1200 2896 decr.
1217 2872 1284 2896 actu
1299 2870 1411 2903 regenti
1427 2870 1548 2896 Parisius
1560 2870 1607 2903 [de
1621 2877 1684 2895 000.
1701 2869 1768 2895 0001.
1786 2867 1972 2901 Ε1)1’010005.].
