2488 3386
202 340 298 376 1384]
615 354 662 375 ΑΒ
696 354 802 375 Auno
838 353 968 375 MCCCL
1004 354 1132 381 USQUE
1168 355 1215 375 AD
1251 355 1515 376 BENEDlC'rUM
1550 356 1642 377 Χιιι.
1994 345 2059 378 319

205 455 346 492 1485.
373 465 498 491 Clemens
519 466 571 491 VII
580 465 704 491 Iohanni
719 464 886 498 Blanchart,
905 465 1078 490 cancellario
1093 465 1199 499 Paris.,
1219 465 1348 500 injungit,
1369 469 1398 490 ut
1413 466 1550 500 inquirat,
1569 475 1606 491 an
1623 466 1728 492 bedelli
1742 466 1894 500 facultatis
1910 466 1992 493 theol.
2008 476 2059 502 pro

286 514 440 550 principiis
457 514 667 540 Sententiarum
677 513 745 550 plus
759 522 845 549 quam
861 517 917 540 tres
932 515 1049 548 francos
1065 515 1216 549 recipiant.

1285 582 1360 611 1384,
1377 582 1445 607 ιΙυηΙῘ
1456 582 1499 611 28,
1514 582 1585 613 apud
1597 582 1775 607 Villamnoram.

290 664 428 697 Dilecto
450 664 524 697 filio
549 690 569 696 ..
593 664 808 697 cancellario
831 664 985 696 ecclesie
1008 664 1118 697 Paris.
1143 664 1308 705 salutem⁷
1328 671 1394 697 etc.
1418 664 1582 696 Exhibita
1605 664 1710 697 nobis
1733 677 1796 709 pro
1818 671 1916 709 parte
1938 665 2058 697 dilecti

199 731 263 763 filii
283 730 458 764 Johannis
479 731 523 763 de
544 730 689 771 Basilia⁷
707 730 840 775 prioris
861 730 1062 775 generalis¹
1085 731 1234 763 fratrum
1255 731 1342 764 Ord.
1367 731 1538 763 Heremit.
1558 730 1593 765 S.
1619 731 1727 775 Aug.⁷
1751 731 1875 775 petitio
1897 731 2059 763 contine-

198 797 269 839 bat,
295 798 391 842 quod
413 797 497 830 licet
516 797 651 830 bedelli
672 797 928 830 Universitatis
948 797 1127 830 facultatis
1149 797 1333 842 theologie
1354 797 1572 830 parisiensis
1593 809 1658 842 pro
1680 804 1841 842 tempore
1863 797 2059 830 existentes

198 877 215 897 a
232 864 403 897 fratribus
421 864 507 897 dicti
524 864 611 897 Ord.
630 863 833 896 bacallariis
855 864 891 895 in
912 863 1078 896 facultate
1100 864 1273 909 predicta,
1292 864 1436 908 quando
1453 864 1586 896 faciunt
1608 875 1731 896 eorum
1754 864 1930 908 principia
1951 876 2060 908 super

198 931 333 964 lectura
354 930 438 963 libri
467 931 746 970 Sententiarum,
771 930 861 963 ultra
884 937 956 963 tres
978 931 1121 963 francos
1142 931 1218 963 auri
1243 931 1405 975 recipcre
1431 943 1503 963 non
1526 930 1693 971 debeant,
1715 937 1832 963 tamen
1853 930 1975 962 dilecti
1996 930 2059 962 filii

197 997 367 1030 Nicolaus
387 997 524 1030 Thome
546 1004 581 1030 et
610 997 762 1042 Egidius
794 997 1039 1042 Imperatoris,
1067 997 1200 1029 bedelli
1232 997 1326 1030 dicte
1347 997 1602 1030 Universitatis
1630 997 1673 1030 ab
1705 997 1914 1041 hujusmodi
1944 996 2060 1029 bacal-

197 1064 297 1097 lariis
329 1064 420 1097 ultra
448 1076 621 1097 summam
656 1064 833 1096 dictorum
862 1064 1065 1096 francorum
1097 1064 1247 1109 exigunt
1275 1071 1310 1096 et
1340 1070 1555 1109 extorquent
1582 1071 1615 1096 et
1645 1064 1732 1096 alias
1761 1076 1824 1096 eos
1855 1075 1964 1108 super
1989 1063 2059 1096 hiis

197 1138 348 1176 gravant
376 1131 625 1176 multipliciter
655 1138 689 1163 et
724 1130 948 1163 molestant&
981 1132 1100 1174 Quare
1131 1143 1195 1176 pro
1227 1138 1325 1176 parte
1356 1131 1441 1163 dicti
1476 1131 1607 1176 prioris
1637 1131 1743 1163 nobis
1778 1131 1844 1163 suit
1876 1130 2061 1163 humiliter

198 1197 438 1243 supplicatum
467 1204 505 1230 ut
534 1198 726 1242 providere
757 1209 867 1242 super
894 1197 964 1230 hiis
995 1197 1039 1230 de
1074 1197 1298 1243 benignitate
1333 1197 1531 1242 apostolica
1561 1198 1805 1242 dignarenmr.
1838 1199 1911 1230 Nos
1940 1197 2059 1242 itaque

197 1263 406 1309 hujusmodi
428 1264 756 1309 supplicationibus
778 1264 951 1304 inclinati,
975 1264 1187 1296 discretioni
1210 1271 1268 1297 tue
1290 1276 1353 1309 per
1374 1264 1571 1308 apostolica
1595 1264 1726 1308 scripta
1748 1264 1957 1296 mandamus
1978 1275 2059 1308 qua-

197 1331 294 1363 tinus
395 1331 491 1375 quod
517 1332 654 1375 justum
686 1331 795 1363 fuerit
820 1330 1062 1375 appellatione
1095 1338 1230 1364 remota
1260 1331 1447 1371 decernas,
1475 1331 1611 1363 faciens
1640 1331 1736 1375 quod
1762 1330 1968 1363 decreveris
1997 1341 2060 1374 per

197 1409 386 1430 censuram
409 1397 689 1430 ecclesiasticam
713 1397 863 1430 firmiter
883 1397 1082 1430 observari.
1110 1399 1294 1430 Testes...
1322 1399 1401 1429 Non
1428 1396 1649 1430 obstante...
1682 1398 1759 1429 Dat.
1791 1397 1884 1441 apud
1911 1396 2059 1430 Villam-

197 1476 325 1497 novam
347 1464 516 1497 Avinion.
540 1464 634 1497 dioc.
658 1464 708 1508 iiij
732 1464 801 1496 kal.
823 1464 921 1505 Julii,
940 1476 1033 1496 anuo
1057 1471 1171 1497 sexto.

289 1562 352 1593 Reg.
368 1562 423 1585 Vnt.
439 1562 521 1585 Aven.
536 1561 676 1585 Clementis
689 1562 744 1590 Vll,
758 1562 810 1584 vol.
827 1562 929 1591 xxxu,
945 1562 991 1586 fol.
1008 1562 1081 1585 5241‘.

289 1646 311 1669 1.
330 1646 387 1669 Vid.
405 1654 486 1677 supra
506 1650 534 1668 n⁰
553 1646 623 1669 1462.
646 1660 676 1664 -——
692 1647 714 1670 2.
731 1648 799 1670 Haec
819 1649 1009 1670 connectuntur
1032 1655 1091 1669 cum
1114 1646 1337 1675 accusationibus,
1356 1655 1422 1677 quae
1442 1646 1468 1669 in
1490 1646 1534 1669 lite
1556 1645 1742 1669 Universitatis
1764 1649 1854 1668 contra
1873 1645 2059 1668 cancellarium

194 1690 406 1721 proferebantur.
423 1691 481 1714 Vid.
496 1690 529 1713 „is
544 1691 603 1714 1504
622 1699 680 1722 sqq.
698 1691 845 1720 Caeterum,
859 1694 887 1714 ut
905 1694 1016 1722 apparet
1033 1691 1100 1714 infra
1118 1700 1130 1714 c
1146 1696 1174 1714 11⁰
1191 1692 1259 1721 1521,
1276 1691 1408 1714 Johaunes
1423 1692 1453 1713 de
1469 1691 1572 1713 Basilca
1589 1690 1677 1721 potius
1694 1690 1818 1713 defensor
1831 1698 1911 1721 quam
1924 1693 2060 1713 accusator

195 1735 346 1758 cancellarii
361 1735 489 1758 Johnnnis
505 1735 647 1758 Elam-hart
664 1736 722 1759 suit.
738 1736 835 1759 Saltem
854 1735 960 1758 minime
973 1739 1074 1767 partem
1090 1736 1159 1759 Petri
1176 1736 1207 1759 (le
1218 1735 1326 1759 Ailliaco
1338 1739 1443 1759 secutus
1454 1738 1503 1758 est.
