2488 3386
418 356 482 389 548
994 360 1314 383 CHARTULARIUM
1349 359 1540 381 UNIVERS.
1577 358 1705 380 PARIS.
2179 343 2278 380 [1392

424 454 561 491 1598.
588 461 742 487 Conatibus
757 460 918 496 aliquorum
934 468 1029 496 paene
1049 458 1186 485 evenisset
1209 462 1239 484 ut
1255 458 1306 484 viri
1324 457 1515 483 ecclesiastici
1529 456 1604 482 sicut
1619 456 1689 482 laici
1705 455 1911 492 temporalibus
1927 454 2050 480 dominis
2072 453 2195 480 ducatus
2210 455 2278 480 Nor-

506 511 640 537 manniae
661 510 689 535 in
709 518 800 535 causa
814 509 922 544 judicii
940 508 1184 537 submitterentur,
1201 507 1284 533 immo
1305 506 1375 532 laici
1390 509 1418 531 et
1437 505 1576 541 imprimis
1597 504 1722 531 curiales
1744 505 1917 530 recusabant
1932 511 2027 529 coram
2048 502 2236 528 Universitate
2252 502 2280 528 in

501 559 716 596 praejudicium
729 557 943 594 privilegiorum
953 556 1139 592 judicialiter
1153 563 1326 591 comparere,
1345 558 1372 581 et
1386 555 1540 590 supposita
1561 554 1759 580 Universitatis
1775 553 1816 579 ad
1829 546 2002 579 'exactiones
2017 552 2113 587 regias
2128 551 2279 577 solvendas

505 607 720 644 compellebant.
738 609 872 633 Doctores
889 610 915 632 et
931 605 1064 640 magistri
1078 604 1312 639 congregationes
1332 605 1462 638 fecerunt
1482 606 1509 629 et
1530 603 1738 638 querimoniam
1755 603 1832 628 circa
1857 604 1962 636 festum
1983 600 2142 634 Trinitatis,
2159 600 2237 626 Iunii
2252 601 2277 632 9,

504 657 544 683 ad
558 665 650 691 regem
666 655 846 688 detulerunt,·
857 655 916 689 sed,
933 655 1036 680 iterato
1053 653 1169 689 repulsa
1185 656 1314 688 accepta,
1336 652 1509 679 Universitas
1525 660 1544 677 a
1559 651 1729 677 lectionibus
1745 651 1875 685 cessavit,
1889 650 1978 676 donec
1993 658 2045 676 rex
2056 649 2127 675 Jutii
2141 650 2176 676 15
2191 648 2232 675 vel
2246 650 2280 675 16

505 706 607 732 rectori
627 709 656 731 et
669 705 767 739 viginti
781 704 928 740 deputatis
950 702 1156 736 Universitatis,
1175 705 1330 736 antequam
1351 701 1489 735 magister
1504 701 1533 726 in
1553 700 1698 735 theologia
1717 699 1858 736 placitum
1883 699 2082 725 Universitatis
2103 706 2198 724 coram
2214 706 2279 732 rege

505 754 651 790 explicare
664 754 798 789 potuerit,
817 752 965 778 orantibus
981 751 1090 777 annuit.

1549 786 1623 815 1392,
1639 785 1709 811 duni}
1721 785 1814 811 9-Julii
1828 785 1863 814 16,
1879 784 1993 810 Parisiis.

510 865 613 889 Chron.
629 865 667 888 du
682 864 731 888 rel.
748 864 780 887 de
795 863 997 892 Saint-Denys,
1011 861 1050 884 ed.
1069 861 1213 892 Bellaguet,
1229 861 1260 888 11,
1277 860 1361 883 12-16.
1379 860 1407 883 In
1423 861 1542 884 Λυσίαν.
1556 860 1693 889 Chartul.‚
1709 860 1728 887 1,
1744 868 1771 891 p.
1787 860 1841 888 666,
1855 861 1879 889 9,
1895 858 2030 887 scribitur,
2045 858 2109 881 Julii
2125 858 2155 881 16
2169 857 2281 881 Univer-

415 910 519 932 sitatem
529 909 585 940 jam
601 917 648 940 per
664 909 693 931 28
708 908 762 931 dies
779 916 794 930 a
811 906 966 930 lectionibus
983 914 1109 934 cessasse,
1126 905 1143 928 i.
1160 914 1181 930 e.
1199 913 1213 928 a
1228 904 1300 927 ιΙιιηίἰ
1314 905 1351 927 19.
1366 905 1474 927 Factum
1489 904 1577 935 potius
1594 904 1766 932 Normannos,
1784 912 1862 935 quam
1877 903 1944 927 alias
1961 903 2081 926 nationes
2100 902 2235 933 tangebat,
2252 905 2281 925 ut

415 962 427 976 ο
447 954 548 978 Chron.
564 956 589 976 et
604 961 616 976 e
629 956 658 975 n⁰
672 953 732 975 1593
748 954 866 982 apparet.
886 951 1008 979 Bulaeus,
1026 950 1067 975 lv.
1083 951 1138 975 673,
1157 949 1271 980 primam
1289 952 1392 980 partem
1408 948 1539 981 rubricae,
1555 948 1602 971 sed
1617 948 1695 971 nimis
1712 956 1840 977 mancam,
1854 956 1867 971 e
1883 947 2003 979 Guguino
2018 947 2051 970 ad
2065 955 2107 971 an.
2121 947 2179 970 1391
2194 946 2279 970 affert.

419 1093 558 1130 1599.
585 1103 644 1128 Lite
659 1105 735 1127 mota
752 1102 826 1127 inter
841 1101 1008 1135 magistrum
1027 1099 1206 1126 Guillelmum
1228 1099 1323 1125 Veulet
1334 1099 1351 1133 ¹,
1369 1099 1548 1125 licentiatum
1565 1099 1593 1124 in
1609 1098 1732 1125 decretis
1744 1098 2005 1134 paedagogumque
2018 1106 2055 1123 ex
2069 1106 2127 1123 una
2140 1100 2235 1133 parte,
2253 1100 2280 1123 et

502 1151 651 1177 Nicolaum
662 1151 768 1183 Bet-tin,
786 1150 1012 1175 examinatorem
1026 1148 1181 1182 Castelleti,
1195 1148 1403 1183 nonnullosque
1419 1148 1568 1182 virgiferos
1583 1156 1634 1173 seu
1648 1147 1801 1174 servientes
1815 1148 1876 1183 ejus
1890 1156 1927 1173 ex
1941 1146 2045 1180 altera,
2061 1146 2190 1182 queritur
2202 1154 2277 1181 mag.

507 1200 672 1226 Guillelmus
689 1199 764 1234 quod
779 1199 879 1224 domus
894 1207 948 1223 sua
967 1198 1008 1233 (in
1025 1206 1082 1233 qua
1095 1198 1179 1233 parvi
1193 1197 1341 1223 scholares
1360 1198 1438 1222 circa
1458 1197 1492 1224 50
1508 1200 1647 1232 tanquam
1662 1197 1689 1222 in
1709 1196 1828 1231 collegio
1851 1195 1980 1229 aluntur)
1999 1204 2017 1221 a
2033 1194 2153 1221 Nicolao
2169 1195 2278 1225 Bertin,

501 1250 529 1275 in
542 1248 668 1274 crastino
683 1249 709 1273 S.
727 1247 865 1282 Dionysii,
884 1247 995 1272 decima
1011 1246 1082 1272 hora
1094 1250 1162 1282 post
1178 1245 1332 1280 meridiem,
1352 1245 1459 1271 violata
1471 1245 1567 1280 fuerit.
1587 1245 1655 1271 libri
1666 1253 1820 1281 puerorum
1837 1244 1969 1279 lacerati,
1984 1244 2070 1281 pueri
2085 1243 2160 1269 male
2175 1242 2277 1277 habiti,

502 1306 620 1333 quorum
638 1305 710 1322 unus
726 1296 865 1322 Robertus
881 1295 916 1321 de
934 1297 960 1321 S.
981 1296 1127 1329 Germano,
1146 1303 1160 1320 e
1176 1294 1248 1320 lecto
1264 1298 1383 1329 tractus,
1400 1296 1462 1328 fere
1478 1294 1571 1319 nudus
1586 1295 1614 1320 in
1631 1293 1814 1320 Castelletum
1830 1293 1972 1319 abductus
1990 1293 2044 1327 sit;
2058 1301 2092 1318 ac
2105 1292 2180 1329 petit
2194 1292 2279 1318 Nico-

502 1346 579 1372 laum
597 1349 752 1380 gentesque
766 1346 826 1380 ejus
851 1344 892 1370 ad
911 1343 1058 1370 emendam
1082 1343 1277 1369 honorabilem
1301 1343 1494 1369 condemnari.
1513 1343 1652 1369 Nicolaus
1675 1342 1847 1369 adversatur
1861 1342 1982 1368 dicendo
1994 1341 2083 1378 plura
2099 1340 2246 1376 maleficia
2260 1349 2279 1366 a

501 1394 680 1421 scholaribus
695 1394 854 1420 commissa.
876 1393 1059 1426 Universitas,
1076 1401 1167 1418 causa
1192 1388 1336 1418 Guillelmi
1355 1396 1500 1428 suscepta,
1521 1392 1649 1426 negabat
1667 1391 1787 1418 Nicolao
1802 1392 1853 1426 jus
1876 1390 2027 1426 rumpendi
2046 1392 2134 1425 fores,
2160 1399 2222 1416 cum
2240 1389 2280 1415 ad

497 1443 640 1478 justitiam
655 1443 833 1469 ordinariam
849 1451 993 1468 recurrere
1010 1442 1034 1467 is
1045 1442 1196 1477 potuisset.
1216 1442 1301 1467 Curia
1314 1441 1449 1475 designat
1465 1441 1677 1467 commissarios
1691 1440 1731 1466 ad
1746 1440 1927 1466 concordiam
1943 1439 2145 1466 reducendam.

1367 1518 1438 1547 1391,
1454 1517 1569 1543 Decemb.
1589 1518 1709 1547 19-1392,
1724 1517 1833 1550 Augusti
1845 1517 1863 1546 1,
1879 1516 1993 1542 Parisiis.

507 1594 582 1617 Areh.
597 1597 650 1616 nat.
666 1593 750 1616 Paris.
767 1593 811 1615 Χῖ*
827 1593 886 1616 1476
901 1593 1013 1623 (Cons.),
1030 1594 1046 1616 f.
1063 1593 1101 1622 23,
1122 1592 1160 1621 29,
1179 1593 1217 1620 63,
1240 1592 1310 1615 1801).
1328 1592 1423 1615 Toxius
1439 1600 1482 1623 ap.
1499 1592 1567 1620 Bul„
1584 1592 1626 1622 IV,
1642 1592 1757 1615 674-678.
1771 1605 1802 1609 —
1816 1592 1851 1614 De
1866 1591 1917 1615 isto
1930 1590 2035 1622 negotio
2051 1590 2136 1613 adhuc
2151 1597 2192 1612 an.
2207 1589 2277 1618 1392,

414 1639 538 1663 Novemb.
553 1639 590 1668 18,
607 1641 632 1661 et
646 1646 687 1661 an.
704 1638 772 1665 1393,
790 1638 854 1668 Aug.
870 1639 892 1666 5,
910 1637 936 1660 in
952 1637 1026 1660 curia
1041 1637 1179 1668 agebatur,
1194 1645 1277 1668 neque
1292 1637 1326 1659 ad
1338 1637 1416 1660 finem
1428 1637 1585 1667 perductum
1601 1639 1657 1659 erat
1672 1636 1729 1667 (ΧΗὶ
1745 1636 1815 1665 1477,
1831 1636 1875 1659 fol.
1893 1637 1906 1658 3
1922 1638 1948 1659 et
1961 1635 2025 1665 171).

508 1710 530 1734 1.
545 1710 604 1733 Fuit
618 1713 670 1732 nat.
688 1709 790 1732 Picard.
802 1708 860 1732 Vid.
877 1716 958 1740 supra
971 1711 1021 1731 rot.
1037 1716 1079 1731 an.
1096 1708 1166 1736 1387,
1183 1716 1210 1739 p.
1225 1709 1280 1731 456.

422 1851 561 1888 1600.
588 1859 712 1885 Clemens
732 1860 783 1886 VII
795 1860 889 1893 (Petro
905 1859 940 1884 de
953 1858 1090 1893 Ailliaco)
1108 1858 1283 1885 cancellario
1299 1859 1394 1885 Paris.
1415 1859 1537 1894 injungit
1553 1862 1583 1884 ut
1595 1860 1710 1884 Petrum
1727 1858 1904 1884 salomonis·
1925 1858 1991 1885 ord.
2007 1858 2076 1885 Min.
2092 1867 2168 1884 anno
2182 1860 2281 1893 futuro

504 1909 543 1934 ad
559 1908 694 1943 legendas
709 1908 871 1934 Sententias
887 1908 1031 1934 admittat.
1050 1908 1114 1934 Dat.
1131 1908 1273 1934 Avinione
1288 1908 1327 1942 iiij
1343 1908 1383 1934 id.
1402 1908 1588 1942 Septembris,
1605 1916 1684 1934 anno
1700 1907 1932 1941 quartodecimo.
1949 1918 1962 1931 «
1978 1908 2038 1933 Viri
2055 1915 2131 1934 sacre
2145 1917 2170 1933 ».

1547 1984 1621 2013 1392,
1638 1983 1796 2016 Septembris
1813 1984 1850 2013 10,
1866 1983 1996 2012 tronione.

511 2060 573 2090 Reg.
589 2060 667 2082 Aven.
680 2058 761 2081 Clem.
778 2059 832 2087 Vll,
849 2059 899 2081 vol.
912 2059 982 2086 LXV,
1001 2059 1046 2082 sol.
1061 2059 1114 2082 436.
1137 2067 1147 2081 α
1163 2059 1291 2090 Expedita
1303 2059 1331 2090 iij
1348 2059 1400 2082 kal.
1416 2058 1492 2082 Febr.
1511 2067 1553 2082 an.
1569 2066 1610 2087 xv,
1623 2059 1721 2082 tradita
1737 2058 1807 2089 parti
1822 2059 1874 2082 kal.
1891 2059 1968 2082 Febr.
1980 2066 2023 2082 an.
2038 2066 2072 2082 xv
2088 2066 2099 2082 »
2116 2066 2158 2082 an.
2173 2059 2243 2083 1393.

511 2131 534 2153 1.
550 2131 597 2153 An.
621 2130 680 2153 1397
696 2129 845 2152 licentiatus
863 2133 903 2152 est
918 2129 943 2152 in
959 2130 1039 2153 theol.
1055 2138 1068 2152 e
1089 2130 1177 2154 Catal.
1201 2130 1292 2154 licent.
1316 2131 1363 2153 An.
1384 2130 1445 2153 1398
1460 2130 1517 2161 ipse
1533 2130 1625 2153 scribit
1641 2139 1652 2152 (ι
1669 2130 1736 2153 frere
1756 2130 1845 2153 Pierre
1868 2130 1999 2157 salemon,
2016 2129 2125 2153 maistre
2144 2133 2235 2161 regent
2250 2138 2283 2153 ou

419 2178 532 2198 couvant
544 2174 588 2197 des
601 2175 681 2197 freres
695 2175 814 2197 Meneurs
831 2182 842 2196 »
857 2174 943 2203 (Arch.
961 2178 1014 2197 nat.
1031 2174 1115 2198 Paris.
1130 2175 1153 2198 J.
1171 2175 1225 2204 517,
1237 2179 1266 2197 n⁰
1279 2175 1343 2203 207).
1357 2175 1491 2202 Quaedam
1505 2175 1536 2197 de
1552 2174 1597 2197 illo
1614 2174 1639 2197 in
1655 2175 1728 2198 Bibt.
1741 2175 1773 2198 de
1784 2169 1881 2198 Z'Ecole
1891 2175 1936 2199 des
1946 2175 2063 2203 chartes,
2080 2177 2149 2197 tome
2162 2174 2181 2198 L
2192 2175 2283 2204 (1889),

419 2228 446 2250 p.
462 2220 485 2248 9,
501 2222 553 2242 not.
572 2220 593 2248 4,
609 2222 633 2241 et
647 2227 674 2249 p.
691 2219 745 2241 576.

428 2314 567 2351 1601.
591 2323 652 2348 Lite
668 2327 743 2349 mota
759 2332 854 2348 coram
871 2323 1055 2348 Parlamento
1076 2324 1150 2349 inter
1165 2323 1314 2349 Nicasium
1330 2324 1436 2349 Morise
1450 2323 1610 2350 studentem
1628 2323 1887 2359 baccalareumque
1909 2324 1938 2349 in
1958 2323 2080 2349 decretis
2099 2327 2285 2359 curatumque

514 2374 540 2398 S.
557 2371 676 2397 Martini
695 2371 769 2405 Albi,
788 2372 876 2397 dioec.
899 2373 1111 2406 Rotomagens.,
1131 2376 1159 2398 et
1179 2373 1395 2398 Universitatem
1410 2373 1505 2398 Paris.
1525 2381 1561 2398 ex
1576 2381 1633 2398 una
1647 2376 1740 2408 parte,
1759 2381 1794 2398 ac
1813 2373 1941 2407 reginam
1955 2372 2095 2398 Blancam
2110 2372 2284 2408 amplecten-

513 2424 566 2446 tem
591 2421 717 2445 rationes
744 2421 896 2453 officiorum
918 2429 1032 2446 suorum
1049 2429 1085 2446 ex
1108 2420 1212 2454 altera,
1230 2430 1291 2446 cum
1311 2421 1491 2455 familiarius
1514 2421 1634 2455 Nicasiz',
1659 2421 1770 2446 nomine
1793 2421 1952 2455 Conterain,
1971 2420 2075 2446 missus
2096 2420 2136 2446 ad
2155 2420 2286 2447 redditus

514 2468 695 2502 colligend08‚
716 2469 789 2494 male
814 2473 956 2494 tractatus
979 2473 1054 2495 esset
1077 2478 1095 2495 a
1119 2470 1251 2504 gentibus
1276 2470 1474 2504 religiosorum
1501 2470 1556 2496 loci
1580 2470 1650 2496 dicti
1672 2470 1942 2503 Fantaine—Gueret,
1972 2469 2147 2496 Universitas
2166 2470 2287 2506 petebat

514 2526 631 2543 causam
647 2518 752 2543 remitti
767 2518 806 2543 ad
818 2518 1015 2553 praepositum
1031 2519 1136 2553 Paris„
1155 2523 1378 2545 conservatorem
1390 2519 1604 2555 privilegiorum
1626 2519 1832 2552 Universitatis,
1851 2518 2063 2544 contradicente
2084 2519 2193 2554 regina,
2212 2528 2287 2555 quae

513 2565 664 2602 privilegia
687 2567 911 2591 Not-marmorum
932 2567 1093 2602 objiciebat.
1122 2568 1295 2593 Universitas
1319 2572 1346 2594 et
1361 2568 1498 2593 Nicasius
1521 2568 1682 2602 arguebant
1709 2568 1924 2593 Universitatem
1949 2567 2121 2593 Normannis
2133 2571 2286 2604 praestare

512 2614 669 2651 privilegiis
680 2615 899 2649 antiquissimis,
913 2624 1003 2650 neque
1019 2616 1123 2641 ituram
1137 2617 1165 2642 in
1179 2618 1385 2642 Normanniam
1399 2620 1429 2642 ut
1442 2625 1561 2642 causam
1573 2620 1680 2651 ageret,
1694 2625 1784 2651 neque
1797 2625 1827 2642 se
1841 2616 1974 2642 citavisse
1986 2616 2114 2651 reginam
2128 2625 2143 2643 ‹
2155 2616 2286 2643 directe»

514 2663 566 2689 sed
582 2667 690 2688 tantum
702 2667 799 2697 gentes
816 2665 875 2698 ejus
895 2664 1024 2690 rebelles.
1048 2666 1132 2690 Curia
1148 2665 1271 2691 decrevit
1286 2667 1414 2700 reginam
1430 2667 1548 2701 ejusque
1560 2669 1658 2700 gentes
1677 2669 1760 2691 extra
1781 2674 1900 2691 causam
1923 2665 2056 2701 relinqui,
2081 2665 2159 2691 litem
2175 2674 2236 2691 vero
2251 2665 2287 2692 de

514 2712 645 2738 scholare
661 2716 687 2737 et
703 2712 845 2746 religiosis
859 2712 898 2737 ad
913 2713 987 2738 diem
1001 2714 1134 2739 mercurii
1147 2714 1336 2740 hebdomadis
1353 2715 1500 2750 sequentis
1514 2715 1628 2740 remitti.

1661 2777 1738 2806 1393,
1754 2777 1842 2802 Martii
1850 2777 1875 2806 4,
1891 2777 2003 2803 Parisiis.

520 2849 596 2872 Arch.
613 2852 665 2872 nat.
687 2849 770 2872 Puris.
786 2849 831 2871 X¹n
848 2849 907 2871 1477
929 2850 1040 2879 (Coris),
1063 2851 1107 2874 sol.
1123 2851 1185 2873 66¹³:
1202 2861 1212 2873 «
1229 2851 1312 2874 Mardi
1327 2852 1341 2874 4
1359 2852 1428 2874 Mars
1447 2851 1507 2874 1392
1523 2860 1544 2874 J).
1561 2865 1591 2868 —
1610 2851 1715 2874 Editum
1735 2851 1761 2874 in
1787 2855 1891 2875 extenso
1911 2851 1937 2874 in
1952 2852 2067 2876 Recueil
2081 2853 2126 2876 cles
2145 2851 2242 2882 privil.
2257 2853 2290 2875 de

429 2894 530 2918 l'Univ.
546 2895 579 2917 de
594 2894 688 2923 Paris,
702 2901 729 2924 p.
746 2893 784 2916 12.
799 2893 866 2920 Bul.,
882 2893 922 2921 IV,
937 2894 991 2916 682.
