2488 3386
179 321 275 358 1353]
592 333 638 354 ΑΒ
673 333 778 354 ANNO
812 332 944 355 mecei,
977 331 1108 359 USQUE
1144 331 1191 352 An
1228 331 1494 354 REM-:nicrum
1528 333 1619 355 xm.
2001 325 2041 357 19

268 408 339 440 Hec
368 413 451 439 sunt
481 406 654 438 beneficia
683 417 752 450 que
783 404 1067 450 supranominati
1098 404 1260 448 magistri
1292 410 1460 437 tenentur
1486 405 1666 438 dimittere
1697 406 1779 438 dum
1811 418 1948 447 eorum7
1972 420 2041 452 que

180 480 318 519 petunt,
338 473 473 505 fuerint
499 472 771 517 possessionem
794 471 975 516 pacificam
998 470 1167 510 assecuti7
1191 469 1235 502 de
1257 469 1390 514 quibus
1418 471 1657 515 infrascriptis
1684 472 1904 516 pauperibus
1930 474 2041 518 tnagi-

179 540 265 572 stris
286 539 465 584 supplicat
492 538 608 571 eidem
640 538 818 570 sanctitati
839 544 959 570 vestre
990 536 1112 569 eadem
1136 536 1362 569 Universitas
1393 543 1430 569 ut
1458 537 1629 581 dignetur
1655 538 1940 571 misericorditer
1962 551 2043 583 pro-

178 606 303 639 videre
324 618 403 638 cum
426 604 598 638 clausulis
620 604 753 649 quibus
774 615 882 648 supra
903 603 1105 648 oportunis.

269 716 405 742 Videlicet
420 715 547 741 Johanni
563 714 701 741 Savarici⁴
717 715 856 747 magistro
871 714 902 739 in
918 714 1061 740 medicina
1074 715 1103 740 et
1120 714 1149 739 in
1165 713 1285 742 artibus.
1303 713 1522 740 claromonten.
1539 714 1613 740 dioc.
1640 714 1684 748 [de
1699 715 1766 740 eccl.
1784 722 1844 748 par.
1863 715 1893 740 B.
1911 715 1996 741 Marie
2011 715 2046 741 de

180 765 206 792 S.
224 764 356 791 ffichario
371 764 505 790 Ambian.
524 762 608 798 dioc.]

268 814 341 839 Item
354 812 494 839 Gausrido
506 812 651 838 Vastinelli
667 812 798 841 diacono,
813 812 988 844 Rothomag.
1002 811 1076 837 dioc.
1093 811 1137 846 [de
1150 811 1217 837 eccl.
1231 819 1293 844 par.
1311 812 1346 837 de
1360 811 1500 837 Mesnillio
1513 811 1598 844 Ogeri
1614 811 1745 837 Baiocen.
1762 811 1848 845 dioc.]

267 863 341 888 Item
354 862 512 887 Guillelmo
527 861 671 887 Fourrarii
683 861 719 887 de
731 860 868 886 Atrebato
882 860 1022 893 magistro
1034 860 1065 886 in
1079 860 1190 886 artibus
1207 860 1252 894 [de
1267 867 1326 893 par.
1342 860 1409 886 eccl.
1424 860 1460 886 de
1475 860 1609 886 Biaumes
1623 860 1807 886 Cameracen.
1825 859 1910 895 dioc.]

267 911 340 937 Item
354 911 437 936 Petro
452 910 563 943 Torgne
579 910 716 943 magistro
731 910 761 935 in
776 909 895 938 artibus,
913 909 1093 935 Lemovicen.
1110 909 1183 935 dioc.
1200 908 1244 943 [de
1259 917 1319 942 par.
1335 909 1402 935 cccl.
1419 909 1454 935 de
1468 909 1689 942 Nealphacastri,
1704 909 1859 935 Carnoten.
1874 908 1959 943 dioc.]

269 960 342 985 Item
358 959 485 985 Johanni
498 959 629 992 Episcopi
643 959 783 991 magistro
798 958 828 984 in
841 957 961 987 artibus,
976 957 1105 983 Briocen.
1123 957 1196 983 dioc.
1215 956 1259 992 [de
1274 958 1403 983 cantoria
1417 958 1444 983 S.
1459 957 1608 983 clodoaldi
1623 957 1706 983 Paris.
1724 956 1809 992 dioc.]

270 1009 342 1034 Item
358 1008 464 1034 Jacobo
476 1008 511 1033 de
527 1007 682 1033 Pavillione
697 1007 809 1033 bedello
823 1007 898 1033 dicte
915 1006 1112 1032 Universitatis
1129 1006 1173 1040 [de
1188 1007 1255 1032 eccl.
1271 1014 1331 1040 par.
1348 1006 1383 1032 de
1399 1006 1540 1032 Balneolis
1554 1006 1639 1032 Paris.
1657 1005 1741 1040 dioc.]

274 1109 315 1140 Et
336 1108 433 1152 quod
462 1114 616 1140 transeat
646 1108 724 1140 sine
752 1107 819 1140 alia
849 1107 1016 1140 lectione.
1041 1127 1085 1131 -—
1112 1107 1198 1140 Fiat.
1222 1108 1265 1140 G.
1293 1127 1338 1131 —
1363 1108 1439 1140 Dat.
1472 1107 1567 1151 apud
1594 1106 1855 1140 Villamnovam
1878 1107 2046 1139 Aviuion.

183 1175 276 1207 dioc.
299 1186 319 1206 x
341 1173 409 1207 kal.
432 1174 543 1214 Junii,
565 1186 658 1206 anno
680 1174 808 1219 primo.

277 1286 339 1316 Reg.
356 1286 412 1308 Vnt.
430 1285 522 1316 Suppl.
537 1285 681 1308 Innocentii
695 1285 737 1312 Vl,
754 1293 795 1309 an.
811 1285 831 1312 1,
850 1293 877 1316 p.
896 1285 918 1310 1.
936 1285 981 1308 fol.
998 1285 1051 1308 195.
1069 1298 1093 1302 —
1112 1284 1215 1315 Ubique
1233 1284 1357 1307 additur:
1375 1284 1441 1307 Fiat.
1456 1285 1486 1309 G.

281 1382 300 1405 1.
314 1382 371 1405 Vid.
387 1382 418 1405 de
433 1381 490 1404 istis
505 1385 567 1405 tom.
580 1382 600 1404 ll
616 1382 756 1407 Charlul..
773 1382 905 1405 Indicen'l.
916 1396 946 1399 —
958 1383 980 1405 2.
997 1383 1031 1405 De
1043 1382 1091 1404 hnc
1107 1382 1232 1413 parochia
1249 1382 1376 1405 Robertus
1393 1382 1424 1404 de
1440 1381 1550 1404 Corbeia
1565 1384 1657 1412 postea
1668 1381 1791 1412 litigabat
1806 1385 1896 1404 contra
1906 1381 2050 1404 Johannem

184 1426 347 1454 Buticulurii,
372 1426 416 1457 qui
432 1426 537 1449 tenebat
561 1426 657 1448 dictum
676 1426 823 1455 eeclesiam,
846 1426 879 1449 ad
899 1426 1138 1457 praesentationem
1157 1426 1260 1449 abbatis
1281 1429 1305 1448 et
1324 1429 1466 1448 conventus
1488 1425 1639 1448 monasterii
1662 1425 1758 1448 montis
1779 1425 1804 1448 b.
1822 1425 1955 1448 Michaelis
1977 1434 2052 1456 spec-

184 1473 292 1493 tantem.
310 1470 464 1493 Proressum
482 1470 530 1493 suit
543 1478 631 1493 coram
649 1470 721 1492 curia
738 1470 818 1500 regis.
837 1470 894 1492 Vid.
911 1470 1077 1493 instrument.
1095 1470 1120 1492 in
1139 1470 1215 1493 Arch.
1233 1473 1285 1493 nat.
1303 1469 1386 1493 Paris.
1402 1469 1498 1495 X¹¹⁵-15.
1518 1470 1561 1492 sol.
1578 1469 1647 1496 3641’,
1665 1472 1755 1492 notatu
1771 1469 1888 1500 dignum,
1908 1478 1966 1492 cum
1983 1469 2007 1492 in
2024 1477 2052 1492 eo

185 1521 254 1539 usus
269 1518 293 1538 et
311 1514 524 1538 consuetudines
538 1515 661 1538 ducatus
675 1515 810 1546 (patriae)
821 1514 1016 1538 Norma'nrliae
1037 1514 1170 1537 observati
1187 1517 1277 1537 contra
1294 1514 1435 1537 Robertum
1453 1513 1605 1542 afferantur,
1625 1513 1720 1544 quibus
1735 1513 1862 1536 Robertus
1878 1522 1888 1535 «
1903 1513 2051 1544 privilegia,

184 1558 385 1581 consuetudines
406 1561 431 1581 et
450 1558 585 1581 libertates
608 1558 779 1582 Universitnti
803 1559 989 1589 magistrorum
1016 1562 1040 1581 et
1060 1558 1202 1581 scolarium
1225 1558 1308 1581 Paris.
1335 1566 1472 1580 concessas
1489 1561 1514 1580 et
1530 1558 1611 1580 multo
1630 1557 1791 1588 antiquiores
1813 1566 1890 1588 quam
1914 1557 2052 1588 privilegia

187 1602 381 1632 (Nox-manniae)
398 1603 514 1633 allegata
530 1611 542 1625 ν)
561 1603 711 1633 opponebat
727 1604 778 1631 (an.
793 1603 862 1630 1354,
878 1604 908 1625 30
923 1603 1002 1634 Maii).
1019 1603 1148 1626 Robertns
1162 1602 1300 1625 ecclesium
1313 1602 1434 1630 obtinuit,
1450 1610 1559 1633 eamque
1575 1610 1617 1625 an.
1636 1602 1705 1630 1363,
1722 1602 1797 1624 Febr.
1815 1602 1852 1629 10,
1869 1602 1952 1624 voluit
1967 1602 2054 1624 dimit-

185 1650 238 1670 tere
254 1655 302 1678 pro
322 1647 507 1678 praepositura
529 1647 673 1670 Bethuniae
693 1647 787 1670 Morin.
811 1647 893 1670 dioec.
913 1648 1017 1678 (Suppl.
1040 1647 1104 1671 Urb.
1123 1648 1152 1676 V,
1169 1655 1211 1670 an.
1229 1647 1250 1675 1,
1270 1655 1296 1678 p.
1316 1647 1338 1674 3,
1356 1647 1401 1669 sol.
1418 1647 1466 1675 77).
1491 1647 1526 1669 Dc
1549 1646 1661 1669 Roherto
1688 1646 1764 1677 plura
1789 1646 1858 1669 intra
1876 1646 1907 1668 ad
1927 1654 1968 1669 nn.
1986 1647 2053 1673 1365,

184 1691 255 1713 Junii
273 1692 309 1715 14,
327 1704 359 1708 —
378 1692 401 1714 3.
422 1692 469 1713 An.
491 1691 559 1718 1364,
577 1691 648 1714 Junii
666 1691 704 1719 21,
728 1691 844 1722 capitulo
865 1691 948 1714 Paris.
972 1691 1152 1722 praesentavit
1172 1691 1273 1714 lium-ns
1295 1690 1381 1721 regius
1402 1690 1529 1713 Johnnnis
1555 1690 1678 1718 defuncti,
1702 1693 1729 1712 ut
1748 1690 1857 1712 haberet
1878 1690 2053 1720 praebendum

185 1735 300 1758 defuncti
314 1743 384 1766 mng.
401 1735 489 1758 Heliae
505 1736 536 1758 de
554 1736 681 1763 Corsone;
700 1736 744 1758 sed
761 1735 833 1758 illius
849 1744 918 1766 mag.
936 1735 1077 1758 Nicholnus
1094 1736 1124 1758 dc
1143 1735 1265 1758 Dnnvitlu
1283 1734 1438 1757 auctoritate
1453 1737 1539 1765 apost.
1556 1737 1612 1757 erat
1629 1742 1777 1765 possessor,
1794 1737 1818 1756 et
1834 1742 1904 1764 mag.
1922 1734 2053 1757 Johnnnos

186 1779 218 1802 de
231 1780 346 1810 Pncynco
362 1779 516 1803 auctoritate
536 1779 609 1810 regia
625 1783 681 1802 erat
698 1780 836 1810 oppositor
852 1780 952 1810 gratiae
968 1780 1129 1810 apostolicae
1145 1779 1230 1808 (Arch.
1249 1782 1302 1803 nat.
1319 1778 1403 1802 Puris.
1421 1779 1469 1802 LL.
1487 1779 1532 1801 106
1540 1778 1559 1805 ¹³,
1579 1787 1604 1809 p.
1623 1779 1684 1808 513).
1706 1792 1730 1795 -—
1747 1779 1770 1801 4.
1785 1778 1833 1801 MS.
1847 1786 1851 1800 τ
1871 1789 1882 1799 «
1897 1778 2015 1801 anarici
2032 1788 2054 1802 »-

194 1998 335 2035 1214.
357 2008 477 2034 Botulus
494 2008 680 2043 quorumdam
698 2008 897 2042 magistrorum
912 2009 1006 2034 Paris.

1485 2060 1559 2087 1353.
1577 2059 1638 2084 Maii
1649 2060 1696 2084 29.

278 2155 462 2200 Supplicat
482 2155 659 2188 sanctitati
681 2162 800 2188 vestre
823 2155 950 2188 devota
971 2156 1042 2188 filia
1062 2162 1181 2188 vestra
1201 2156 1427 2188 Universitas
1448 2155 1666 2188 parisiensis
1688 2161 1864 2199 quatenus
1886 2154 1955 2187 sibi
1977 2166 2053 2198 spe-

188 2221 313 2254 cialem
335 2222 482 2266 gratiam
505 2222 678 2254 facientes
704 2222 740 2254 in
769 2234 944 2266 personas
973 2222 1283 2266 insrascriptorum
1315 2222 1570 2266 magistrorum
1600 2222 1643 2253 de
1674 2221 1861 2253 beneficiis
1888 2221 2052 2253 ecclesia-

189 2288 289 2321 sticis
311 2288 550 2333 infrascriptis
571 2289 608 2320 in
629 2300 753 2320 eorum
776 2288 1305 2333 supplicationibus'contentis
1329 2288 1529 2333 dignemini
1552 2287 1837 2320 misericorditer
1863 2287 2052 2331 providere

189 2366 267 2386 cum
290 2354 562 2387 inhibitione...

279 2470 376 2496 Primo
394 2471 533 2503 magistro
551 2471 678 2496 Johanni
694 2470 779 2504 ogeri
794 2471 829 2497 de
848 2471 951 2497 Sancto
966 2471 1101 2497 Medardo
1116 2479 1203 2503 supra
1220 2471 1348 2496 Moutem
1367 2471 1440 2496 dioc.
1457 2471 1629 2496 Cathalaun.
1649 2470 1787 2503 magistro
1807 2470 1836 2494 in
1853 2469 2006 2502 theologia,
2024 2469 2051 2493 in

191 2518 302 2544 artibus
318 2521 345 2544 et
361 2519 506 2545 medicina
522 2518 566 2554 [dc
581 2519 648 2545 ecel.
664 2527 724 2553 par.
741 2520 776 2545 (10
791 2520 949 2545 Morsavilla
963 2519 1162 2545 Constantien.
1177 2518 1262 2553 dioc.]

278 2567 352 2592 Item
366 2567 506 2599 magistro
521 2567 648 2593 Johanni
662 2568 820 2593 Vavassoris
834 2568 973 2601 magistro
989 2568 1019 2593 in
1035 2568 1180 2600 theologia
1196 2569 1223 2593 ct
1237 2568 1266 2593 in
1281 2568 1400 2596 artibus.
1416 2568 1590 2599 Rothomag.
1603 2567 1676 2591 dioc.
1691 2565 1736 2600 [(10
1749 2566 1816 2592 eccl.
1832 2573 1891 2599 par.
1907 2566 1932 2591 S.
1948 2565 2051 2590 Macuti

188 2615 224 2641 de
234 2615 378 2641 Follevilla
390 2616 481 2649 ejusd.
498 2615 582 2650 dioc.]

279 2664 351 2689 Item
368 2664 507 2697 magistro
520 2665 647 2690 Johanni
661 2665 739 2691 Baka
754 2665 893 2698 magistro
907 2665 937 2691 in
953 2665 1072 2694 artibus,
1087 2666 1206 2691 Tol-nac.
1221 2666 1295 2691 dioc.
1314 2664 1358 2699 [de
1373 2665 1440 2690 eccl.
1458 2672 1518 2697 par.
1533 2664 1569 2689 de
1582 2663 1708 2689 Pratellis
1724 2663 1895 2688 Cathalaun.
1912 2661 1998 2695 dioc.]

279 2713 352 2738 Item
370 2713 509 2746 magistro
524 2713 651 2739 Johanni
667 2714 823 2747 Guyrberti
842 2715 1021 2740 Ruthenens.
1040 2714 1113 2740 dioc.
1131 2714 1269 2746 magistro
1288 2714 1317 2739 in
1334 2713 1445 2738 artibus
1465 2712 1508 2747 [de
1520 2713 1587 2738 eccl.
1604 2712 1630 2737 S.
1647 2712 1744 2737 Jacobi
1763 2712 1798 2737 de
1813 2711 1947 2736 Ulteriori
1965 2711 2051 2735 Portu

190 2761 264 2787 dioc.
279 2761 464 2795 Rothomag.]

280 2810 353 2835 Item
369 2810 509 2843 magistro
525 2810 608 2836 Petro
623 2811 658 2836 de
674 2811 781 2844 Fayaeo
800 2811 921 2836 Pal-isius
939 2811 1074 2839 oriundo,
1097 2811 1176 2836 fratri
1189 2810 1295 2836 domus
1314 2811 1409 2835 sancte
1425 2809 1581 2834 Kallierine
1598 2808 1719 2833 Parisius
1734 2808 1802 2833 Ord.
1822 2807 1847 2832 S.
1870 2806 2050 2839 Augustini*¹

191 2857 330 2890 magistro
344 2858 468 2891 antiquo
483 2858 513 2883 in
530 2866 605 2884 sacra
619 2859 764 2891 theologia
781 2858 824 2893 [de
836 2859 903 2885 eccl.
919 2867 979 2892 par.
998 2859 1024 2884 S.
1042 2859 1157 2884 Martini
1173 2859 1208 2884 de
1223 2859 1397 2891 Escopasour
1411 2858 1554 2883 Baioceus.
1571 2855 1657 2890 dioc.]
