2488 3386
448 332 509 364 176
1021 336 1339 359 cuAn’rULAan
1375 334 1564 356 univi-:ns
1601 334 1729 355 PAnis.
2116 364 2119 367 Ι
2208 318 2308 355 [1368

451 444 590 481 1343.
620 453 749 478 Urbanus
771 451 958 485 V((;1·imeri0
976 449 1131 483 Bonisacii)
1153 447 1327 473 cancellario
1348 446 1509 471 Parisiensi
1526 454 1579 481 pro
1598 446 1682 471 Petro
1699 445 1827 478 Borroni,
1849 444 1915 470 Ord.
1936 444 2053 477 Praed.,
2072 443 2137 469 olim
2152 452 2204 479 per·
2219 443 2308 478 magi-

533 506 620 527 strum
641 501 723 526 Ord.*
742 500 842 526 idoneo
858 503 968 534 reperto
992 502 1018 523 et
1042 498 1153 523 demam
1175 496 1313 532 deputato
1333 496 1372 521 ad
1395 494 1542 528 legendum
1564 494 1667 520 libram
1689 495 1812 519 Seatent.
1833 493 1861 518 in
1881 493 1977 519 stadio
1998 493 2106 523 Paris.,·
2122 492 2174 518 sed
2191 496 2309 528 propter

534 549 742 575 multitudinem
763 549 884 574 aliorum
907 548 977 572 dicti
1001 546 1065 572 Ord.
1085 546 1134 581 qui
1149 546 1237 580 juxta
1261 545 1344 570 ritum
1371 544 1434 570 Ord.
1456 543 1496 569 ad
1515 542 1663 577 legendum
1686 542 1868 578 praedictam
1892 542 1995 567 librum
2017 541 2162 575 assignati
2179 544 2305 575 fuerant,

533 601 592 634 ipse
610 600 709 623 Petrus
727 606 815 632 usqae
831 596 870 621 ad
885 596 987 621 maltos
1003 604 1093 620 annos
1114 603 1167 619 noa
1188 597 1287 629 sperat
1307 593 1453 618 ordinarie
1476 593 1503 618 in
1524 591 1621 618 eodem
1640 591 1737 617 studio
1760 591 1852 625 legere
1871 600 1964 626 posse.
1988 590 2088 616 Eidem
2104 589 2144 615 ad
2159 589 2307 624 legendam

535 649 561 672 ia
579 647 668 672 hieme
681 650 747 682 post
760 646 889 681 promime
904 647 1031 679 saturam
1053 643 1216 669 immediate
1236 642 1367 675 sequenti
1387 641 1428 667 vel
1450 641 1477 666 in
1500 640 1686 676 subsequenti
1708 639 1872 665 immediate
1890 643 1956 675 post
1976 639 2055 664 illam
2077 635 2186 665 dictam>
2206 638 2308 664 librum

534 697 561 722 in
582 695 715 722 secundis
737 695 822 720 scolis
845 693 976 730 praefati
997 692 1064 718 Ord.
1086 692 1176 717 locum
1196 691 1334 725 assignet.
1353 691 1462 717 Datum
1484 690 1564 724 apud
1579 689 1879 718 Montemssaseonem,
1896 689 2062 722 Balneoreg.
2079 688 2166 718 dioc„
2184 688 2232 722 xiij
2249 688 2306 713 kal.

535 745 614 775 Julii,
628 752 706 770 anno
719 746 807 770 sexto.
826 754 839 767 «
853 743 896 768 llli
911 743 963 776 qui
979 752 1002 767 n.

1453 788 1528 817 1368,
1544 788 1615 814 «lunii
1626 788 1664 817 19,
1681 788 1750 820 apud
1760 788 2022 812 Montemtlasconem.

540 874 602 903 tir-g.
621 873 677 895 Vnt.
701 873 780 894 Aven.
803 869 902 894 Urbani
918 870 947 899 V,
963 869 1014 892 vol.
1032 869 1094 896 XIX,
1113 869 1157 891 fol.
1174 867 1244 891 360b.
1262 881 1293 885 —
1309 868 1344 890 Ex
1361 867 1450 891 Catal.
1471 867 1565 891 licent.
1581 866 1658 896 (Bibl.
1672 869 1726 889 nat.
1742 866 1825 889 Paris.
1842 874 1906 888 mss.
1923 866 1968 889 lat.
1985 866 2072 894 5657·‚
2093 865 2178 895 12850)
2199 867 2312 896 apparet

447 926 503 941 eum
521 919 543 946 (α
560 916 673 948 Bayroni
687 918 708 945 u)
724 915 804 939 fuisse
819 914 980 937 licentiatum
998 922 1039 936 un.
1054 913 1168 936 1374-75.
1186 913 1214 935 ln
1230 913 1291 943 ch.
1306 912 1386 935 Aven.
1400 912 1481 935 Clem.
1498 912 1552 939 vn,
1570 911 1621 935 vol.
1636 911 1709 939 XXV,
1727 912 1745 934 f.
1761 911 1814 939 276,
1832 910 1957 933 scribitur
1972 919 1983 933 (ι
2000 909 2110 933 Barroni
2127 917 2151 932 ι).

539 1002 561 1024 1.
578 1001 659 1023 Eliam
676 999 815 1023 Raimundi
831 998 999 1025 Tolosanum,
1021 1004 1062 1019 an.
1085 996 1144 1019 1367
1165 995 1190 1018 in
1207 996 1270 1026 Cap.
1288 1003 1358 1026 gen„
1380 995 1510 1018 Avenione
1526 995 1666 1023 celebrato,
1687 995 1808 1023 electum,
1824 994 1868 1026 qui
1884 1003 1932 1026 per
1949 995 1978 1018 22
1994 1003 2077 1018 annos
2093 1002 2163 1026 mag,
2179 993 2311 1025 generalis

449 1047 506 1074 suit,
523 1049 548 1069 et
565 1049 681 1076 tempore
696 1043 846 1067 schismatis
862 1050 959 1073 papam
975 1041 1180 1064 Avenionensem
1194 1043 1299 1063 secutus
1315 1043 1364 1063 est.
1379 1040 1436 1063 Vid.
1453 1040 1591 1068 Chartul.‚
1604 1041 1635 1067 ΙΙ,
1653 1044 1681 1062 n0
1697 1040 1766 1068 1180,
1782 1042 1835 1063 not.
1850 1041 1873 1064 5.

454 1225 592 1262 1344.
622 1233 752 1259 Urbanus
782 1234 805 1258 V
823 1232 973 1266 (Grimerio
998 1230 1155 1264 Bonisacii)
1183 1228 1357 1255 cancellario
1385 1228 1555 1262 Parisiensi,
1582 1231 1613 1253 ut
1645 1227 1812 1253 Guillelmus
1839 1229 1940 1263 Goyon,
1973 1228 2038 1254 Ord.
2068 1228 2184 1259 Praed⁴¹
2212 1229 2312 1264 quiin

537 1284 694 1316 Itotomag„
712 1281 855 1315 Andegav.
874 1284 901 1306 et
923 1282 1096 1305 Nannetens.
1120 1279 1190 1304 locis
1211 1278 1281 1304 dicti
1307 1278 1372 1303 Ord.
1391 1277 1479 1303 lector
1493 1277 1559 1310 suit,
1585 1276 1625 1302 ad
1647 1276 1787 1311 legendas
1810 1278 1974 1303 sententias
1997 1281 2121 1314 tempore
2144 1277 2262 1304 hiemali
2281 1281 2313 1304 ut

538 1331 725 1357 baccalareus
739 1331 767 1355 in
782 1329 876 1355 alter-a
897 1329 1018 1354 duat-am
1037 1327 1200 1353 scholar-um
1222 1327 1321 1352 domus
1344 1326 1414 1352 dicti
1433 1325 1498 1351 Ord.
1517 1335 1592 1351 anno
1604 1326 1736 1362 proxime
1751 1328 1849 1360 ficturo
1865 1326 2031 1362 recipiatur.
2051 1327 2116 1352 Dat.
2132 1327 2212 1361 apud
2228 1327 2312 1354 Mon-

531 1381 750 1407 temssasconem
766 1388 781 1404 v
798 1380 853 1405 kal.
873 1378 1006 1412 Augusti,
1023 1385 1102 1403 anno
1116 1379 1204 1403 sexto.
1224 1387 1236 1400 α
1252 1376 1399 1418 νίἲίιείιειό
1414 1386 1437 1400 n.

1461 1451 1533 1479 1368,
1549 1450 1611 1476 dulit
1622 1451 1666 1480 28,
1683 1451 1756 1483 apud
1767 1451 2027 1478 Montemt'laseonem.

544 1541 604 1570 Reg.
623 1540 679 1562 vat.
697 1540 775 1562 Avcn.
790 1538 889 1561 Urbani
902 1538 930 1563 V,
942 1537 994 1559 vol.
1008 1537 1084 1564 XVH,
1099 1536 1142 1559 tol.
1156 1537 1210 1559 533.
1222 1549 1252 1552 —
1265 1536 1311 1558 An.
1329 1535 1397 1563 1371,
1413 1534 1488 1558 Febr.
1504 1535 1531 1557 21
1544 1534 1609 1565 (viiij
1626 1534 1679 1558 kal.
1692 1534 1778 1557 Martii
1792 1537 1875 1564 nn.1)‚
1892 1535 2040 1558 Sententias
2051 1535 2107 1567 jam
2123 1544 2134 1558 α
2145 1535 2279 1559 ordinarie
2291 1545 2314 1565 ν,

451 1586 466 1610 i.
483 1594 505 1608 c.
520 1585 544 1607 in
557 1584 650 1609 hieme,
666 1583 739 1614 legit.
756 1586 780 1605 ct
797 1582 939 1613 Gregorius
956 1582 986 1604 ΧΙ
1004 1581 1052 1603 sub
1069 1581 1116 1603 huc
1135 1579 1260 1611 temporis
1278 1582 1338 1602 nota
1353 1579 1386 1602 ud
1405 1579 1475 1610 (doh.
1491 1579 1522 1602 de
1537 1579 1638 1608 Calore)
1654 1579 1762 1604 cancell.
1783 1579 1867 1602 Paris.
1885 1580 2037 1603 mandatum
2056 1580 2151 1604 direxit
2172 1580 2314 1604 Guillelmo

451 1629 582 1653 licentiam
598 1628 707 1652 docendi
723 1631 748 1651 et.
760 1626 942 1658 magisterium
958 1626 982 1648 in
998 1626 1077 1649 theol.
1094 1625 1208 1648 donandi
1224 1625 1297 1655 (Reg.
1314 1625 1393 1647 Aven.
1409 1623 1530 1654 Gregorii
1546 1624 1587 1651 XI,
1605 1623 1657 1647 vol.
1671 1624 1704 1651 ΙΙ,
1722 1623 1766 1647 fol.
1783 1623 1864 1653 273b).
1882 1634 1892 1646 α
1912 1624 1965 1647 Viri
1978 1632 2051 1648 sacre
2065 1633 2087 1648 »-

456 1809 596 1846 1345.
621 1817 791 1850 aichardus,
810 1816 902 1841 abbas
919 1817 944 1841 S.
966 1815 1098 1840 Germani
1117 1814 1153 1840 de
1172 1814 1279 1847 pratis,
1298 1813 1430 1839 declarat
1445 1814 1491 1847 sus
1504 1817 1679 1849 patronatus
1695 1815 1723 1840 in
1739 1813 1805 1840 eccl.
1819 1814 1937 1850 paroch.
1957 1816 1983 1840 S.
2003 1815 2136 1840 Germani
2151 1822 2315 1841 concessum

541 1876 603 1893 esse
618 1866 655 1892 ab
669 1866 791 1892 abbatia
812 1864 995 1891 Universitati
1010 1864 1104 1889 Paris.

1602 1908 1675 1938 7388,
1693 1908 1851 1941 Septembris
1868 1909 1899 1937 11,
1914 1909 2028 1934 Pal-ielis.

541 1994 730 2028 Universis
755 1999 943 2038 presentes
964 1992 1101 2024 litteras
1122 1992 1343 2036 inspecturis
1365 1991 1585 2024 Richardus¹
1617 1991 1859 2036 permissione
1887 1992 2008 2024 divina
2031 1991 2179 2025 humilis
2203 1991 2315 2025 abbas
2344 1985 2361 1999 ⁵

454 2061 662 2095 monasterii
685 2060 803 2093 Sancti
825 2059 994 2092 Germani
1012 2059 1056 2090 de
1078 2058 1192 2090 Pratis
1208 2059 1307 2102 juxta
1329 2058 1489 2091 Parisius
1510 2064 1680 2103 totusque
1701 2058 1865 2102 ejusdem
1890 2058 1960 2090 loci
1985 2065 2199 2100 conventus,
2222 2064 2316 2092 eter-

455 2142 532 2162 nam
556 2129 590 2160 in
613 2127 766 2160 Domino
790 2126 954 2158 salutem.
982 2126 1110 2157 Notum
1138 2125 1289 2157 facimus
1311 2124 1407 2169 quod
1429 2136 1509 2157 cum
1536 2136 1653 2169 nuper
1674 2137 1716 2157 ex
1737 2124 2006 2157 deliberacione
2033 2131 2169 2158 matura
2195 2125 2315 2170 magni

454 2195 597 2228 consilii
615 2193 751 2226 domini
772 2192 886 2224 nostri
906 2192 1002 2236 regis
1025 2203 1088 2235 pro
1111 2191 1227 2223 tocius
1249 2191 1366 2235 regni,
1390 2191 1441 2223 rei
1464 2190 1608 2235 publice
1629 2190 1788 2236 villeque
1805 2191 2023 2224 Parisiensis
2044 2197 2079 2223 et
2097 2203 2162 2224 sue
2179 2197 2316 2224 nostre-

454 2274 523 2306 que
550 2260 703 2293 ecclesie
728 2258 887 2303 predicte
917 2258 1119 2297 commodo7
1151 2257 1309 2290 tuicione
1330 2269 1394 2290 seu
1417 2257 1644 2290 deffensione
1670 2257 1819 2302 speciali
1849 2257 1893 2290 ab
1915 2257 2073 2290 inimicis
2099 2257 2184 2290 dicti
2211 2257 2316 2302 regni

455 2326 710 2360 infestantibus
732 2325 1012 2368 circumquaque
1039 2323 1145 2356 nohis
1170 2330 1377 2368 preceptum
1401 2323 1466 2356 fuit
1488 2330 1522 2356 et
1543 2324 1748 2356 mandatum
1770 2324 1960 2357 ecclesiam
1989 2330 2149 2356 nostram
2175 2323 2317 2368 predic-

456 2402 523 2427 tam
556 2392 669 2425 muris
691 2390 975 2436 propugnaculis
1001 2396 1036 2422 et
1056 2390 1201 2422 fossatis
1222 2389 1376 2434 aliisque
1400 2391 1679 2434 emparamentis
1701 2390 1920 2423 necessariis
1945 2390 2077 2431 claudi7
2100 2389 2316 2428 circumdari

456 2473 521 2494 seu
538 2458 722 2492 fortificari
741 2457 874 2490 debere
892 2463 924 2489 et
943 2468 1006 2501 pro
1027 2456 1205 2488 fortalicio
1222 2456 1396 2501 deinceps
1419 2457 1579 2501 reputari
1599 2463 1631 2489 et
1652 2456 1791 2497 haberi⁷
1809 2457 2012 2501 domosque
2033 2463 2068 2489 et
2087 2456 2155 2489 alia
2175 2455 2316 2489 edificia

456 2535 488 2560 et
511 2526 654 2571 singula
676 2524 742 2557 alia
763 2523 986 2567 hereditagia
1007 2523 1100 2554 circa
1126 2522 1310 2566 predictos
1332 2534 1455 2555 muros
1482 2523 1685 2563 existentia,
1709 2523 1835 2556 nociva
1861 2522 2137 2568 quomodolibet
2155 2529 2216 2556 aut
2235 2535 2317 2568 pre-

451 2592 636 2638 judicialia
667 2590 843 2623 fortalicio
871 2588 1059 2633 prelibatO,
1088 2588 1225 2621 destrui
1255 2588 1411 2621 totaliter
1437 2595 1469 2621 et
1494 2589 1662 2622 demoliri
1686 2590 1846 2630 omnino,
1878 2602 1923 2622 ne
1954 2601 2018 2634 per
2041 2601 2081 2622 ea
2107 2596 2167 2622 aut
2191 2601 2316 2623 eorum

455 2661 573 2704 aliqua
594 2664 653 2691 aut
673 2656 818 2700 aliquod
841 2655 1006 2687 clausuro
1027 2654 1195 2687 fortalicii
1219 2655 1370 2699 predicti
1387 2655 1588 2700 complecio
1611 2656 1749 2688 differri
1765 2663 1825 2689 aut
1840 2656 2009 2701 impediri
2030 2655 2176 2697 valeret,
2195 2662 2231 2694 et
2249 2667 2317 2689 nos

456 2739 498 2759 ex
519 2723 746 2769 beneplacito
768 2721 904 2754 donnini
926 2721 1039 2753 nostri
1065 2721 1162 2765 regis
1185 2721 1377 2753 occasione
1399 2721 1661 2765 premissorum
1684 2729 1892 2755 teneremur
1915 2734 2193 2767 recompensare
2220 2734 2317 2755 com-

456 2798 620 2838 petenter
637 2788 767 2822 rectori
785 2794 819 2820 ct
835 2787 936 2819 matri
955 2793 1078 2819 nostre
1095 2787 1329 2820 Universitati
1346 2788 1542 2821 Parisiensi
1559 2800 1598 2821 ac
1615 2789 1788 2834 magistro
1807 2788 1988 2834 Stephano
2005 2789 2050 2821 de
2067 2788 2316 2830 Calvomonte‚

455 2857 658 2892 bachalario
685 2856 721 2887 in
748 2853 943 2897 theologia,
968 2853 1153 2897 capellano
1179 2860 1354 2897 perpetuo
1381 2854 1580 2898 capellanie
1611 2855 1730 2888 Sancti
1758 2855 1903 2888 Martini
1929 2855 1973 2888 de
2000 2855 2164 2896 Ordeis',
2194 2866 2316 2888 neces-
