<?xml version="1.0" encoding="UTF-8"?>
<!DOCTYPE html PUBLIC "-//W3C//DTD XHTML 1.0 Transitional//EN"
    "http://www.w3.org/TR/xhtml1/DTD/xhtml1-transitional.dtd">
<html xmlns="http://www.w3.org/1999/xhtml" xml:lang="en" lang="en">
 <head>
  <title>
</title>
<meta http-equiv="Content-Type" content="text/html;charset=utf-8" />
  <meta name='ocr-system' content='tesseract 3.04.00' />
  <meta name='ocr-capabilities' content='ocr_page ocr_carea ocr_par ocr_line ocrx_word'/>
</head>
<body>
  <div class='ocr_page' id='page_1' title='image "auctariumchartul03univuoft_0143.png"; bbox 0 0 2488 3386; ppageno 0'>
   <div class='ocr_carea' id='block_1_1' title="bbox 196 322 2055 368">
    <p class='ocr_par' dir='ltr' id='par_1_1' title="bbox 196 322 2055 368">
     <span class='ocr_line' id='line_1_1' title="bbox 196 322 2055 368; baseline 0.005 -10"><span class='ocrx_word' id='word_1_1' title='bbox 196 322 293 359; x_wconf 89' lang='lat'><strong>1362]</strong></span> <span class='ocrx_word' id='word_1_2' title='bbox 613 337 656 358; x_wconf 70' lang='lat' dir='ltr'><em>AB</em></span> <span class='ocrx_word' id='word_1_3' title='bbox 692 337 796 359; x_wconf 72' lang='lat' dir='ltr'>ANNO</span> <span class='ocrx_word' id='word_1_4' title='bbox 830 338 961 360; x_wconf 82' lang='lat' dir='ltr'>MCCCL</span> <span class='ocrx_word' id='word_1_5' title='bbox 994 339 1124 368; x_wconf 77' lang='lat' dir='ltr'><em>usQUE</em></span> <span class='ocrx_word' id='word_1_6' title='bbox 1160 340 1207 361; x_wconf 69' lang='lat' dir='ltr'><em>AD</em></span> <span class='ocrx_word' id='word_1_7' title='bbox 1242 341 1507 363; x_wconf 75' lang='lat' dir='ltr'>BENEDICTUM</span> <span class='ocrx_word' id='word_1_8' title='bbox 1543 343 1632 364; x_wconf 85' lang='lat' dir='ltr'><em>x111.</em></span> <span class='ocrx_word' id='word_1_9' title='bbox 2010 337 2055 368; x_wconf 79' lang='lat'><em>95</em></span> 
     </span>
    </p>
   </div>
   <div class='ocr_carea' id='block_1_2' title="bbox 197 438 2056 634">
    <p class='ocr_par' dir='ltr' id='par_1_2' title="bbox 197 438 2056 634">
     <span class='ocr_line' id='line_1_2' title="bbox 197 438 2053 490; baseline 0.004 -16"><span class='ocrx_word' id='word_1_10' title='bbox 197 438 337 475; x_wconf 79' lang='grc'><strong>1269.</strong></span> <span class='ocrx_word' id='word_1_11' title='bbox 366 448 539 474; x_wconf 77' lang='grc' dir='ltr'><em>Πηίνενείἰαε</em></span> <span class='ocrx_word' id='word_1_12' title='bbox 553 449 644 474; x_wconf 77' lang='lat' dir='ltr'><em>studii</em></span> <span class='ocrx_word' id='word_1_13' title='bbox 654 449 839 483; x_wconf 73' lang='lat' dir='ltr'><em>parisiensis,</em></span> <span class='ocrx_word' id='word_1_14' title='bbox 852 450 995 476; x_wconf 76' lang='lat' dir='ltr'><em>lohannes</em></span> <span class='ocrx_word' id='word_1_15' title='bbox 1007 451 1099 476; x_wconf 77' lang='lat' dir='ltr'><em>abbas</em></span> <span class='ocrx_word' id='word_1_16' title='bbox 1115 452 1283 477; x_wconf 82' lang='lat' dir='ltr'><em>monasterii</em></span> <span class='ocrx_word' id='word_1_17' title='bbox 1293 453 1586 479; x_wconf 81' lang='lat' dir='ltr'><em>Praemonstratensis</em></span> <span class='ocrx_word' id='word_1_18' title='bbox 1597 453 1614 487; x_wconf 76' lang='lat'><em>⁴,</em></span> <span class='ocrx_word' id='word_1_19' title='bbox 1630 458 1773 489; x_wconf 79' lang='lat' dir='ltr'><em>totumque</em></span> <span class='ocrx_word' id='word_1_20' title='bbox 1788 455 1944 490; x_wconf 79' lang='lat' dir='ltr'><em>capitulum</em></span> <span class='ocrx_word' id='word_1_21' title='bbox 1961 457 2053 482; x_wconf 77' lang='lat' dir='ltr'><em>abba-</em></span> 
     </span>
     <span class='ocr_line' id='line_1_3' title="bbox 281 497 2056 538; baseline 0.005 -17"><span class='ocrx_word' id='word_1_22' title='bbox 281 499 338 522; x_wconf 78' lang='lat' dir='ltr'><em>tum</em></span> <span class='ocrx_word' id='word_1_23' title='bbox 358 497 651 523; x_wconf 80' lang='lat' dir='ltr'><em>Praemonstratensis</em></span> <span class='ocrx_word' id='word_1_24' title='bbox 679 497 744 524; x_wconf 82' lang='lat' dir='ltr'><em>Ord.</em></span> <span class='ocrx_word' id='word_1_25' title='bbox 767 498 902 532; x_wconf 80' lang='lat' dir='ltr'><em>generale</em></span> <span class='ocrx_word' id='word_1_26' title='bbox 922 499 1088 535; x_wconf 78' lang='lat' dir='ltr'><em>supplicant</em></span> <span class='ocrx_word' id='word_1_27' title='bbox 1107 509 1160 535; x_wconf 85' lang='lat' dir='ltr'><em>pro</em></span> <span class='ocrx_word' id='word_1_28' title='bbox 1184 502 1277 534; x_wconf 75' lang='lat' dir='ltr'><em>fratre</em></span> <span class='ocrx_word' id='word_1_29' title='bbox 1299 500 1441 526; x_wconf 69' lang='lat' dir='ltr'><em>Everardo</em></span> <span class='ocrx_word' id='word_1_30' title='bbox 1466 501 1501 527; x_wconf 86' lang='lat' dir='ltr'><em>de</em></span> <span class='ocrx_word' id='word_1_31' title='bbox 1523 502 1734 537; x_wconf 75' lang='lat' dir='ltr'><em>Brugglzenoye‚</em></span> <span class='ocrx_word' id='word_1_32' title='bbox 1766 504 1901 529; x_wconf 82' lang='lat' dir='ltr'><em>canonico</em></span> <span class='ocrx_word' id='word_1_33' title='bbox 1927 505 2056 538; x_wconf 74' lang='lat' dir='ltr'><em>regulari</em></span> 
     </span>
     <span class='ocr_line' id='line_1_4' title="bbox 280 545 2053 587; baseline 0.005 -17"><span class='ocrx_word' id='word_1_34' title='bbox 280 545 447 571; x_wconf 80' lang='lat' dir='ltr'><em>monasterii</em></span> <span class='ocrx_word' id='word_1_35' title='bbox 471 545 712 581; x_wconf 82' lang='lat' dir='ltr'><em>Capenbergensis</em></span> <span class='ocrx_word' id='word_1_36' title='bbox 737 546 808 572; x_wconf 82' lang='lat' dir='ltr'><em>dicti</em></span> <span class='ocrx_word' id='word_1_37' title='bbox 831 547 896 573; x_wconf 80' lang='lat' dir='ltr'><em>ord.</em></span> <span class='ocrx_word' id='word_1_38' title='bbox 923 547 1063 574; x_wconf 80' lang='lat' dir='ltr'><em>dioecesis</em></span> <span class='ocrx_word' id='word_1_39' title='bbox 1086 549 1331 582; x_wconf 70' lang='lat' dir='ltr'><em>Monosteriensis,</em></span> <span class='ocrx_word' id='word_1_40' title='bbox 1356 549 1526 575; x_wconf 81' lang='lat' dir='ltr'><em>baccalareo</em></span> <span class='ocrx_word' id='word_1_41' title='bbox 1549 551 1577 575; x_wconf 85' lang='lat' dir='ltr'><em>in</em></span> <span class='ocrx_word' id='word_1_42' title='bbox 1596 559 1683 576; x_wconf 82' lang='lat' dir='ltr'><em>sacra</em></span> <span class='ocrx_word' id='word_1_43' title='bbox 1706 551 1857 585; x_wconf 72' lang='lat' dir='ltr'><em>theologia,</em></span> <span class='ocrx_word' id='word_1_44' title='bbox 1881 553 1930 587; x_wconf 81' lang='lat' dir='ltr'><em>qui</em></span> <span class='ocrx_word' id='word_1_45' title='bbox 1947 553 2053 578; x_wconf 81' lang='lat' dir='ltr'><em>dudum</em></span> 
     </span>
     <span class='ocr_line' id='line_1_5' title="bbox 279 593 2053 634; baseline 0.005 -16"><span class='ocrx_word' id='word_1_46' title='bbox 279 593 403 618; x_wconf 87' lang='lat' dir='ltr'><em>Parisiis</em></span> <span class='ocrx_word' id='word_1_47' title='bbox 421 593 534 619; x_wconf 81' lang='lat' dir='ltr'><em>studuit</em></span> <span class='ocrx_word' id='word_1_48' title='bbox 554 598 641 629; x_wconf 84' lang='lat' dir='ltr'><em>atque</em></span> <span class='ocrx_word' id='word_1_49' title='bbox 661 594 738 629; x_wconf 79' lang='lat' dir='ltr'><em>legit,</em></span> <span class='ocrx_word' id='word_1_50' title='bbox 757 598 787 620; x_wconf 78' lang='lat' dir='ltr'><em>ut</em></span> <span class='ocrx_word' id='word_1_51' title='bbox 803 595 969 629; x_wconf 83' lang='lat' dir='ltr'><em>beneficium</em></span> <span class='ocrx_word' id='word_1_52' title='bbox 985 596 1014 622; x_wconf 91' lang='lat' dir='ltr'><em>in</em></span> <span class='ocrx_word' id='word_1_53' title='bbox 1030 596 1118 623; x_wconf 83' lang='lat' dir='ltr'><em>dioec.</em></span> <span class='ocrx_word' id='word_1_54' title='bbox 1137 597 1285 623; x_wconf 77' lang='lat' dir='ltr'><em>Leodiens.</em></span> <span class='ocrx_word' id='word_1_55' title='bbox 1303 597 1340 623; x_wconf 87' lang='lat' dir='ltr'><em>ab</em></span> <span class='ocrx_word' id='word_1_56' title='bbox 1362 597 1473 623; x_wconf 78' lang='lat' dir='ltr'><em>Urbano</em></span> <span class='ocrx_word' id='word_1_57' title='bbox 1496 599 1519 624; x_wconf 81' lang='lat' dir='ltr'><em>V</em></span> <span class='ocrx_word' id='word_1_58' title='bbox 1534 599 1664 634; x_wconf 77' lang='lat' dir='ltr'><em>recipiat.</em></span> <span class='ocrx_word' id='word_1_59' title='bbox 1689 600 1752 625; x_wconf 84' lang='lat' dir='ltr'><em>Dat..</em></span> <span class='ocrx_word' id='word_1_60' title='bbox 1770 600 1911 627; x_wconf 70' lang='lat' dir='ltr'><em>Avinione</em></span> <span class='ocrx_word' id='word_1_61' title='bbox 1930 602 1974 634; x_wconf 78' lang='lat' dir='ltr'><em>xvj</em></span> <span class='ocrx_word' id='word_1_62' title='bbox 1996 602 2053 627; x_wconf 80' lang='lat' dir='ltr'><em>kal.</em></span> 
     </span>
    </p>
   </div>
   <div class='ocr_carea' id='block_1_3' title="bbox 279 642 1770 712">
    <p class='ocr_par' dir='ltr' id='par_1_3' title="bbox 279 642 1770 712">
     <span class='ocr_line' id='line_1_6' title="bbox 279 642 633 676; baseline 0.006 -9"><span class='ocrx_word' id='word_1_63' title='bbox 279 642 418 671; x_wconf 83' lang='lat' dir='ltr'><em>Januarii,</em></span> <span class='ocrx_word' id='word_1_64' title='bbox 434 650 512 668; x_wconf 88' lang='lat' dir='ltr'><em>anno</em></span> <span class='ocrx_word' id='word_1_65' title='bbox 527 643 633 676; x_wconf 87' lang='lat' dir='ltr'><em>primo.</em></span> 
     </span>
     <span class='ocr_line' id='line_1_7' title="bbox 1482 683 1770 712; baseline 0.003 -4"><span class='ocrx_word' id='word_1_66' title='bbox 1482 683 1554 712; x_wconf 79' lang='lat'><strong><em>1362,</em></strong></span> <span class='ocrx_word' id='word_1_67' title='bbox 1570 683 1717 709; x_wconf 74' lang='lat' dir='ltr'><em>Decembris</em></span> <span class='ocrx_word' id='word_1_68' title='bbox 1732 685 1770 709; x_wconf 95' lang='grc'><em>17.</em></span> 
     </span>
    </p>
   </div>
   <div class='ocr_carea' id='block_1_4' title="bbox 283 725 1029 758">
    <p class='ocr_par' dir='ltr' id='par_1_4' title="bbox 283 725 1029 758">
     <span class='ocr_line' id='line_1_8' title="bbox 283 725 1029 758; baseline 0.005 -11"><span class='ocrx_word' id='word_1_69' title='bbox 283 725 345 756; x_wconf 81' lang='lat' dir='ltr'><em>Reg.</em></span> <span class='ocrx_word' id='word_1_70' title='bbox 362 725 419 748; x_wconf 75' lang='lat' dir='ltr'><em>vat.</em></span> <span class='ocrx_word' id='word_1_71' title='bbox 438 725 556 757; x_wconf 91' lang='lat' dir='ltr'><em>Supplic.</em></span> <span class='ocrx_word' id='word_1_72' title='bbox 572 726 671 749; x_wconf 77' lang='lat' dir='ltr'><em>Urbani</em></span> <span class='ocrx_word' id='word_1_73' title='bbox 685 727 714 756; x_wconf 89' lang='lat' dir='ltr'><em>V,</em></span> <span class='ocrx_word' id='word_1_74' title='bbox 732 735 773 750; x_wconf 82' lang='lat' dir='ltr'><em>un.</em></span> <span class='ocrx_word' id='word_1_75' title='bbox 792 727 813 755; x_wconf 87' lang='lat'><em>1,</em></span> <span class='ocrx_word' id='word_1_76' title='bbox 829 736 856 758; x_wconf 87' lang='lat' dir='ltr'><em>p.</em></span> <span class='ocrx_word' id='word_1_77' title='bbox 873 727 896 756; x_wconf 79' lang='lat'><em>1,</em></span> <span class='ocrx_word' id='word_1_78' title='bbox 914 728 957 751; x_wconf 81' lang='lat' dir='ltr'><em>sol.</em></span> <span class='ocrx_word' id='word_1_79' title='bbox 976 728 1029 752; x_wconf 76' lang='lat'><em>134.</em></span> 
     </span>
    </p>
   </div>
   <div class='ocr_carea' id='block_1_5' title="bbox 187 809 2054 975">
    <p class='ocr_par' dir='ltr' id='par_1_5' title="bbox 187 809 2054 975">
     <span class='ocr_line' id='line_1_9' title="bbox 282 809 2054 845; baseline 0.003 -13"><span class='ocrx_word' id='word_1_80' title='bbox 282 809 305 831; x_wconf 81' lang='lat' dir='ltr'><em>‘l-</em></span> <span class='ocrx_word' id='word_1_81' title='bbox 323 809 351 831; x_wconf 83' lang='lat' dir='ltr'><em>In</em></span> <span class='ocrx_word' id='word_1_82' title='bbox 366 809 440 833; x_wconf 84' lang='lat' dir='ltr'><em>Gall.</em></span> <span class='ocrx_word' id='word_1_83' title='bbox 456 810 563 839; x_wconf 73' lang='lat' dir='ltr'><em>christ.9</em></span> <span class='ocrx_word' id='word_1_84' title='bbox 579 810 619 838; x_wconf 83' lang='lat' dir='ltr'><em>IX,</em></span> <span class='ocrx_word' id='word_1_85' title='bbox 636 811 691 839; x_wconf 73' lang='lat'><em>054,</em></span> <span class='ocrx_word' id='word_1_86' title='bbox 713 811 746 833; x_wconf 79' lang='lat' dir='ltr'><em>ab</em></span> <span class='ocrx_word' id='word_1_87' title='bbox 767 819 810 834; x_wconf 78' lang='lat' dir='ltr'><em>an.</em></span> <span class='ocrx_word' id='word_1_88' title='bbox 830 811 969 835; x_wconf 78' lang='lat'>1352-1365</span> <span class='ocrx_word' id='word_1_89' title='bbox 989 820 1129 843; x_wconf 77' lang='lat' dir='ltr'>perperam</span> <span class='ocrx_word' id='word_1_90' title='bbox 1147 815 1253 837; x_wconf 73' lang='lat' dir='ltr'><em>notatur</em></span> <span class='ocrx_word' id='word_1_91' title='bbox 1267 813 1359 835; x_wconf 77' lang='lat' dir='ltr'><em>Petrus</em></span> <span class='ocrx_word' id='word_1_92' title='bbox 1375 812 1406 835; x_wconf 90' lang='lat' dir='ltr'><em>de</em></span> <span class='ocrx_word' id='word_1_93' title='bbox 1425 812 1586 837; x_wconf 83' lang='lat' dir='ltr'><em>Saint-Froi.</em></span> <span class='ocrx_word' id='word_1_94' title='bbox 1602 814 1750 837; x_wconf 71' lang='lat' dir='ltr'><em>Secundum</em></span> <span class='ocrx_word' id='word_1_95' title='bbox 1768 815 1831 845; x_wconf 76' lang='lat' dir='ltr'><em>ch.</em></span> <span class='ocrx_word' id='word_1_96' title='bbox 1848 816 1904 838; x_wconf 73' lang='lat' dir='ltr'><em>Yat.</em></span> <span class='ocrx_word' id='word_1_97' title='bbox 1922 816 2054 839; x_wconf 79' lang='lat' dir='ltr'><em>innocent.</em></span> 
     </span>
     <span class='ocr_line' id='line_1_10' title="bbox 191 852 2054 890; baseline 0.004 -15"><span class='ocrx_word' id='word_1_98' title='bbox 191 852 230 880; x_wconf 80' lang='lat' dir='ltr'><em>Vl,</em></span> <span class='ocrx_word' id='word_1_99' title='bbox 246 856 275 875; x_wconf 88' lang='lat' dir='ltr'><em>n⁰</em></span> <span class='ocrx_word' id='word_1_100' title='bbox 287 852 340 881; x_wconf 84' lang='grc'><strong>219,</strong></span> <span class='ocrx_word' id='word_1_101' title='bbox 361 854 378 876; x_wconf 78' lang='lat' dir='ltr'><em>f.</em></span> <span class='ocrx_word' id='word_1_102' title='bbox 395 853 449 882; x_wconf 78' lang='lat'><strong>60¹³,</strong></span> <span class='ocrx_word' id='word_1_103' title='bbox 467 862 510 877; x_wconf 86' lang='lat' dir='ltr'><em>un.</em></span> <span class='ocrx_word' id='word_1_104' title='bbox 529 854 595 883; x_wconf 83' lang='lat'><strong>1353,</strong></span> <span class='ocrx_word' id='word_1_105' title='bbox 606 855 715 878; x_wconf 76' lang='lat' dir='ltr'><em>Januur.</em></span> <span class='ocrx_word' id='word_1_106' title='bbox 731 857 755 882; x_wconf 82' lang='lat'><em>9,</em></span> <span class='ocrx_word' id='word_1_107' title='bbox 771 859 832 886; x_wconf 86' lang='lat' dir='ltr'><em>post</em></span> <span class='ocrx_word' id='word_1_108' title='bbox 847 856 946 878; x_wconf 87' lang='lat' dir='ltr'><em>obitum</em></span> <span class='ocrx_word' id='word_1_109' title='bbox 962 856 1089 879; x_wconf 68' lang='lat' dir='ltr'><em>,Iohannis</em></span> <span class='ocrx_word' id='word_1_110' title='bbox 1106 856 1314 879; x_wconf 77' lang='lat' dir='ltr'><em>alter-lohannes</em></span> <span class='ocrx_word' id='word_1_111' title='bbox 1331 857 1360 879; x_wconf 85' lang='lat' dir='ltr'><em>fit</em></span> <span class='ocrx_word' id='word_1_112' title='bbox 1374 857 1457 879; x_wconf 81' lang='lat' dir='ltr'><em>abbas</em></span> <span class='ocrx_word' id='word_1_113' title='bbox 1473 858 1688 885; x_wconf 80' lang='lat' dir='ltr'><em>Praemonstrat.,</em></span> <span class='ocrx_word' id='word_1_114' title='bbox 1705 858 1748 887; x_wconf 79' lang='lat' dir='ltr'><em>qui</em></span> <span class='ocrx_word' id='word_1_115' title='bbox 1764 867 1882 882; x_wconf 82' lang='lat' dir='ltr'><em>camerae</em></span> <span class='ocrx_word' id='word_1_116' title='bbox 1897 863 1982 890; x_wconf 83' lang='lat' dir='ltr'><em>apost.</em></span> <span class='ocrx_word' id='word_1_117' title='bbox 1996 861 2054 883; x_wconf 83' lang='lat' dir='ltr'><em>eod.</em></span> 
     </span>
     <span class='ocr_line' id='line_1_11' title="bbox 188 896 2054 933; baseline 0.004 -14"><span class='ocrx_word' id='word_1_118' title='bbox 188 903 240 924; x_wconf 66' lang='lat' dir='ltr'><em>an„</em></span> <span class='ocrx_word' id='word_1_119' title='bbox 257 896 446 925; x_wconf 76' lang='lat' dir='ltr'><em>Decembr.11,</em></span> <span class='ocrx_word' id='word_1_120' title='bbox 469 899 513 921; x_wconf 83' lang='lat'><em>562</em></span> <span class='ocrx_word' id='word_1_121' title='bbox 535 899 592 922; x_wconf 83' lang='lat' dir='ltr'><em>flor.</em></span> <span class='ocrx_word' id='word_1_122' title='bbox 616 899 673 922; x_wconf 78' lang='lat' dir='ltr'><em>auri</em></span> <span class='ocrx_word' id='word_1_123' title='bbox 697 899 776 923; x_wconf 83' lang='lat' dir='ltr'><em>solvit</em></span> <span class='ocrx_word' id='word_1_124' title='bbox 794 900 865 930; x_wconf 84' lang='lat' dir='ltr'><em>(Reg.</em></span> <span class='ocrx_word' id='word_1_125' title='bbox 885 901 965 923; x_wconf 76' lang='lat' dir='ltr'><em>Aven.</em></span> <span class='ocrx_word' id='word_1_126' title='bbox 982 900 1080 929; x_wconf 62' lang='lat' dir='ltr'><em>innoc„</em></span> <span class='ocrx_word' id='word_1_127' title='bbox 1100 901 1153 923; x_wconf 86' lang='lat' dir='ltr'><em>vol.</em></span> <span class='ocrx_word' id='word_1_128' title='bbox 1173 901 1206 929; x_wconf 80' lang='grc' dir='ltr'><em>ΙΙ,</em></span> <span class='ocrx_word' id='word_1_129' title='bbox 1230 902 1247 924; x_wconf 81' lang='lat' dir='ltr'><em>f.</em></span> <span class='ocrx_word' id='word_1_130' title='bbox 1270 900 1355 932; x_wconf 75' lang='lat' dir='ltr'>352b);</span> <span class='ocrx_word' id='word_1_131' title='bbox 1379 904 1404 923; x_wconf 78' lang='lat' dir='ltr'><em>et</em></span> <span class='ocrx_word' id='word_1_132' title='bbox 1425 909 1467 924; x_wconf 81' lang='lat' dir='ltr'><em>nn.</em></span> <span class='ocrx_word' id='word_1_133' title='bbox 1484 902 1552 929; x_wconf 82' lang='lat'><strong>1368,</strong></span> <span class='ocrx_word' id='word_1_134' title='bbox 1570 902 1656 925; x_wconf 82' lang='lat' dir='ltr'><em>Martii</em></span> <span class='ocrx_word' id='word_1_135' title='bbox 1673 903 1710 929; x_wconf 74' lang='lat'><em>20,</em></span> <span class='ocrx_word' id='word_1_136' title='bbox 1726 906 1787 933; x_wconf 86' lang='lat' dir='ltr'><em>post</em></span> <span class='ocrx_word' id='word_1_137' title='bbox 1801 903 1902 926; x_wconf 87' lang='lat' dir='ltr'><em>obitum</em></span> <span class='ocrx_word' id='word_1_138' title='bbox 1916 904 2054 931; x_wconf 83' lang='lat' dir='ltr'><em>Johannis,</em></span> 
     </span>
     <span class='ocr_line' id='line_1_12' title="bbox 187 940 1551 975; baseline 0.004 -12"><span class='ocrx_word' id='word_1_139' title='bbox 187 940 347 972; x_wconf 79' lang='lat' dir='ltr'>Stephanus,</span> <span class='ocrx_word' id='word_1_140' title='bbox 363 941 437 972; x_wconf 81' lang='lat' dir='ltr'><em>prius</em></span> <span class='ocrx_word' id='word_1_141' title='bbox 455 942 538 966; x_wconf 78' lang='lat' dir='ltr'><em>abbas</em></span> <span class='ocrx_word' id='word_1_142' title='bbox 554 943 685 973; x_wconf 83' lang='lat' dir='ltr'><em>Parcens.,</em></span> <span class='ocrx_word' id='word_1_143' title='bbox 700 944 729 967; x_wconf 78' lang='lat' dir='ltr'><em>fit</em></span> <span class='ocrx_word' id='word_1_144' title='bbox 743 944 826 967; x_wconf 76' lang='lat' dir='ltr'><em>abbas</em></span> <span class='ocrx_word' id='word_1_145' title='bbox 838 945 939 968; x_wconf 82' lang='lat' dir='ltr'><em>Praem.</em></span> <span class='ocrx_word' id='word_1_146' title='bbox 958 945 1028 975; x_wconf 77' lang='lat' dir='ltr'><em>(Reg.</em></span> <span class='ocrx_word' id='word_1_147' title='bbox 1048 946 1127 968; x_wconf 76' lang='lat' dir='ltr'><em>Aven.</em></span> <span class='ocrx_word' id='word_1_148' title='bbox 1143 945 1209 968; x_wconf 83' lang='lat' dir='ltr'><em>Urb.</em></span> <span class='ocrx_word' id='word_1_149' title='bbox 1225 945 1255 974; x_wconf 85' lang='lat' dir='ltr'><em>V,</em></span> <span class='ocrx_word' id='word_1_150' title='bbox 1271 946 1323 968; x_wconf 89' lang='lat' dir='ltr'><em>vol.</em></span> <span class='ocrx_word' id='word_1_151' title='bbox 1342 945 1419 975; x_wconf 81' lang='lat' dir='ltr'><em>xvn,</em></span> <span class='ocrx_word' id='word_1_152' title='bbox 1435 946 1453 969; x_wconf 86' lang='lat' dir='ltr'><em>s.</em></span> <span class='ocrx_word' id='word_1_153' title='bbox 1470 946 1551 975; x_wconf 68' lang='lat'><em>15312).</em></span> 
     </span>
    </p>
   </div>
   <div class='ocr_carea' id='block_1_6' title="bbox 191 1107 1768 1219">
    <p class='ocr_par' dir='ltr' id='par_1_6' title="bbox 191 1107 1768 1219">
     <span class='ocr_line' id='line_1_13' title="bbox 191 1107 1343 1154; baseline 0.002 -11"><span class='ocrx_word' id='word_1_154' title='bbox 191 1107 332 1148; x_wconf 80' lang='lat'>1270,</span> <span class='ocrx_word' id='word_1_155' title='bbox 353 1117 477 1143; x_wconf 77' lang='lat' dir='ltr'><em>Articuli</em></span> <span class='ocrx_word' id='word_1_156' title='bbox 491 1126 510 1143; x_wconf 86' lang='lat' dir='ltr'><em>a</em></span> <span class='ocrx_word' id='word_1_157' title='bbox 525 1118 663 1144; x_wconf 73' lang='lat' dir='ltr'><em>Ludovico</em></span> <span class='ocrx_word' id='word_1_158' title='bbox 679 1118 714 1144; x_wconf 88' lang='lat' dir='ltr'><em>de</em></span> <span class='ocrx_word' id='word_1_159' title='bbox 727 1118 841 1152; x_wconf 74' lang='lat' dir='ltr'><em>Pudnu,</em></span> <span class='ocrx_word' id='word_1_160' title='bbox 862 1119 928 1145; x_wconf 83' lang='lat' dir='ltr'><em>Ord.</em></span> <span class='ocrx_word' id='word_1_161' title='bbox 947 1120 1059 1154; x_wconf 65' lang='lat' dir='ltr'><em>Minor„</em></span> <span class='ocrx_word' id='word_1_162' title='bbox 1074 1120 1198 1146; x_wconf 83' lang='lat' dir='ltr'><em>Parisiis</em></span> <span class='ocrx_word' id='word_1_163' title='bbox 1211 1120 1343 1146; x_wconf 72' lang='lat' dir='ltr'><em>revocati.</em></span> 
     </span>
     <span class='ocr_line' id='line_1_14' title="bbox 1504 1189 1768 1219; baseline 0.004 -4"><span class='ocrx_word' id='word_1_164' title='bbox 1504 1189 1544 1215; x_wconf 75' lang='lat' dir='ltr'><em>An.</em></span> <span class='ocrx_word' id='word_1_165' title='bbox 1562 1190 1639 1219; x_wconf 81' lang='lat'><strong><em>1362,</em></strong></span> <span class='ocrx_word' id='word_1_166' title='bbox 1656 1190 1768 1216; x_wconf 78' lang='lat' dir='ltr'><em>Parisiis.</em></span> 
     </span>
    </p>
   </div>
   <div class='ocr_carea' id='block_1_7' title="bbox 175 1270 2052 2844">
    <p class='ocr_par' dir='ltr' id='par_1_7' title="bbox 186 1270 2052 1383">
     <span class='ocr_line' id='line_1_15' title="bbox 274 1270 2052 1318; baseline 0.002 -15"><span class='ocrx_word' id='word_1_167' title='bbox 274 1270 403 1315; x_wconf 85' lang='lat' dir='ltr'><em>Aliqua</em></span> <span class='ocrx_word' id='word_1_168' title='bbox 425 1271 498 1303; x_wconf 87' lang='lat' dir='ltr'><em>dixi</em></span> <span class='ocrx_word' id='word_1_169' title='bbox 518 1271 555 1303; x_wconf 92' lang='lat' dir='ltr'><em>in</em></span> <span class='ocrx_word' id='word_1_170' title='bbox 571 1271 662 1303; x_wconf 84' lang='lat' dir='ltr'><em>meis</em></span> <span class='ocrx_word' id='word_1_171' title='bbox 682 1271 846 1315; x_wconf 79' lang='lat' dir='ltr'><em>vesperis</em></span> <span class='ocrx_word' id='word_1_172' title='bbox 868 1278 1016 1316; x_wconf 88' lang='lat' dir='ltr'><em>propter</em></span> <span class='ocrx_word' id='word_1_173' title='bbox 1032 1284 1102 1316; x_wconf 88' lang='lat' dir='ltr'><em>que</em></span> <span class='ocrx_word' id='word_1_174' title='bbox 1124 1272 1294 1305; x_wconf 87' lang='lat' dir='ltr'><em>dominus</em></span> <span class='ocrx_word' id='word_1_175' title='bbox 1315 1272 1553 1305; x_wconf 87' lang='lat' dir='ltr'><em>cancellarius</em></span> <span class='ocrx_word' id='word_1_176' title='bbox 1575 1280 1607 1305; x_wconf 90' lang='lat' dir='ltr'><em>et</em></span> <span class='ocrx_word' id='word_1_177' title='bbox 1631 1274 1793 1318; x_wconf 73' lang='lat' dir='ltr'><em>magistri</em></span> <span class='ocrx_word' id='word_1_178' title='bbox 1814 1274 1929 1306; x_wconf 78' lang='lat' dir='ltr'><em>nostri</em></span> <span class='ocrx_word' id='word_1_179' title='bbox 1952 1286 2052 1307; x_wconf 87' lang='lat' dir='ltr'><em>reve-</em></span> 
     </span>
     <span class='ocr_line' id='line_1_16' title="bbox 186 1337 1650 1383; baseline 0.002 -14"><span class='ocrx_word' id='word_1_180' title='bbox 186 1337 289 1370; x_wconf 83' lang='lat' dir='ltr'><em>rendi</em></span> <span class='ocrx_word' id='word_1_181' title='bbox 309 1337 488 1370; x_wconf 75' lang='lat' dir='ltr'><em>facultatis</em></span> <span class='ocrx_word' id='word_1_182' title='bbox 509 1337 713 1382; x_wconf 82' lang='lat' dir='ltr'>theologice</span> <span class='ocrx_word' id='word_1_183' title='bbox 735 1337 951 1370; x_wconf 85' lang='lat' dir='ltr'><em>ordinarunt</em></span> <span class='ocrx_word' id='word_1_184' title='bbox 971 1338 1067 1382; x_wconf 87' lang='lat' dir='ltr'><em>quod</em></span> <span class='ocrx_word' id='word_1_185' title='bbox 1091 1338 1247 1371; x_wconf 81' lang='lat' dir='ltr'><em>dicerem</em></span> <span class='ocrx_word' id='word_1_186' title='bbox 1271 1351 1311 1371; x_wconf 88' lang='lat' dir='ltr'><em>ea</em></span> <span class='ocrx_word' id='word_1_187' title='bbox 1333 1351 1402 1383; x_wconf 85' lang='lat' dir='ltr'><em>quc</em></span> <span class='ocrx_word' id='word_1_188' title='bbox 1424 1346 1650 1383; x_wconf 81' lang='lat' dir='ltr'><em>sequuntur:</em></span> 
     </span>
    </p>

    <p class='ocr_par' dir='ltr' id='par_1_8' title="bbox 182 1403 2051 1713">
     <span class='ocr_line' id='line_1_17' title="bbox 273 1403 2051 1451; baseline 0.002 -16"><span class='ocrx_word' id='word_1_189' title='bbox 273 1403 405 1444; x_wconf 74' lang='lat' dir='ltr'><em>Primo,</em></span> <span class='ocrx_word' id='word_1_190' title='bbox 428 1403 615 1448; x_wconf 82' lang='lat' dir='ltr'><em>probando</em></span> <span class='ocrx_word' id='word_1_191' title='bbox 642 1403 791 1448; x_wconf 78' lang='lat' dir='ltr'><em>primam</em></span> <span class='ocrx_word' id='word_1_192' title='bbox 821 1410 955 1448; x_wconf 88' lang='lat' dir='ltr'><em>partem</em></span> <span class='ocrx_word' id='word_1_193' title='bbox 983 1405 1097 1448; x_wconf 79' lang='lat' dir='ltr'><em>prime</em></span> <span class='ocrx_word' id='word_1_194' title='bbox 1129 1405 1400 1449; x_wconf 85' lang='lat' dir='ltr'><em>supposicionis</em></span> <span class='ocrx_word' id='word_1_195' title='bbox 1432 1417 1509 1438; x_wconf 86' lang='lat' dir='ltr'><em>mee</em></span> <span class='ocrx_word' id='word_1_196' title='bbox 1539 1406 1590 1438; x_wconf 89' lang='lat' dir='ltr'><em>sic</em></span> <span class='ocrx_word' id='word_1_197' title='bbox 1617 1406 1720 1450; x_wconf 81' lang='lat' dir='ltr'><em>argui</em></span> <span class='ocrx_word' id='word_1_198' title='bbox 1746 1418 1752 1438; x_wconf 90' lang='lat'>:</span> <span class='ocrx_word' id='word_1_199' title='bbox 1780 1407 1834 1438; x_wconf 77' lang='lat' dir='ltr'><em>Ad</em></span> <span class='ocrx_word' id='word_1_200' title='bbox 1862 1407 2051 1451; x_wconf 83' lang='lat' dir='ltr'><em>quodlibet</em></span> 
     </span>
     <span class='ocr_line' id='line_1_18' title="bbox 184 1469 2049 1516; baseline 0.002 -14"><span class='ocrx_word' id='word_1_201' title='bbox 184 1481 316 1503; x_wconf 89' lang='lat' dir='ltr'><em>novum</em></span> <span class='ocrx_word' id='word_1_202' title='bbox 332 1469 426 1503; x_wconf 86' lang='lat' dir='ltr'><em>velle</em></span> <span class='ocrx_word' id='word_1_203' title='bbox 442 1469 499 1502; x_wconf 91' lang='lat' dir='ltr'><em>vel</em></span> <span class='ocrx_word' id='word_1_204' title='bbox 520 1469 618 1502; x_wconf 89' lang='lat' dir='ltr'><em>nolle</em></span> <span class='ocrx_word' id='word_1_205' title='bbox 640 1477 807 1514; x_wconf 86' lang='lat' dir='ltr'><em>respectu</em></span> <span class='ocrx_word' id='word_1_206' title='bbox 824 1470 1020 1514; x_wconf 84' lang='lat' dir='ltr'><em>cujuslibet</em></span> <span class='ocrx_word' id='word_1_207' title='bbox 1041 1471 1282 1515; x_wconf 85' lang='lat' dir='ltr'><em>producibilis</em></span> <span class='ocrx_word' id='word_1_208' title='bbox 1299 1471 1343 1504; x_wconf 89' lang='lat' dir='ltr'><em>ad</em></span> <span class='ocrx_word' id='word_1_209' title='bbox 1364 1478 1462 1504; x_wconf 85' lang='lat' dir='ltr'><em>extra</em></span> <span class='ocrx_word' id='word_1_210' title='bbox 1484 1472 1648 1516; x_wconf 87' lang='lat' dir='ltr'><em>sequitur</em></span> <span class='ocrx_word' id='word_1_211' title='bbox 1666 1473 1872 1505; x_wconf 86' lang='lat' dir='ltr'><em>necessario</em></span> <span class='ocrx_word' id='word_1_212' title='bbox 1895 1474 2049 1506; x_wconf 84' lang='lat' dir='ltr'><em>mutacio</em></span> 
     </span>
     <span class='ocr_line' id='line_1_19' title="bbox 183 1536 2049 1583; baseline 0.002 -15"><span class='ocrx_word' id='word_1_213' title='bbox 183 1536 220 1568; x_wconf 91' lang='lat' dir='ltr'><em>in</em></span> <span class='ocrx_word' id='word_1_214' title='bbox 240 1536 423 1569; x_wconf 87' lang='lat' dir='ltr'><em>voluntate</em></span> <span class='ocrx_word' id='word_1_215' title='bbox 445 1536 614 1581; x_wconf 86' lang='lat' dir='ltr'><em>perfecta.</em></span> <span class='ocrx_word' id='word_1_216' title='bbox 632 1556 676 1560; x_wconf 90' lang='lat'><strong>—</strong></span> <span class='ocrx_word' id='word_1_217' title='bbox 696 1536 812 1569; x_wconf 91' lang='lat' dir='ltr'><em>Debui</em></span> <span class='ocrx_word' id='word_1_218' title='bbox 834 1537 1000 1581; x_wconf 83' lang='lat' dir='ltr'><em>arguisse</em></span> <span class='ocrx_word' id='word_1_219' title='bbox 1021 1537 1227 1582; x_wconf 75' lang='lat' dir='ltr'><em>ypotlietice</em></span> <span class='ocrx_word' id='word_1_220' title='bbox 1250 1538 1301 1570; x_wconf 86' lang='lat' dir='ltr'><em>sic</em></span> <span class='ocrx_word' id='word_1_221' title='bbox 1321 1549 1327 1569; x_wconf 91' lang='lat'>:</span> <span class='ocrx_word' id='word_1_222' title='bbox 1353 1538 1388 1570; x_wconf 87' lang='lat' dir='ltr'><em>Si</em></span> <span class='ocrx_word' id='word_1_223' title='bbox 1410 1539 1508 1570; x_wconf 85' lang='lat' dir='ltr'><em>Deus</em></span> <span class='ocrx_word' id='word_1_224' title='bbox 1530 1538 1574 1570; x_wconf 90' lang='lat' dir='ltr'><em>de</em></span> <span class='ocrx_word' id='word_1_225' title='bbox 1597 1551 1689 1571; x_wconf 89' lang='lat' dir='ltr'><em>novo</em></span> <span class='ocrx_word' id='word_1_226' title='bbox 1711 1539 1847 1583; x_wconf 87' lang='lat' dir='ltr'><em>aliquid</em></span> <span class='ocrx_word' id='word_1_227' title='bbox 1868 1539 1975 1572; x_wconf 83' lang='lat' dir='ltr'><em>vellet</em></span> <span class='ocrx_word' id='word_1_228' title='bbox 1993 1540 2049 1573; x_wconf 92' lang='lat' dir='ltr'><em>vel</em></span> 
     </span>
     <span class='ocr_line' id='line_1_20' title="bbox 182 1602 2049 1649; baseline 0.002 -15"><span class='ocrx_word' id='word_1_229' title='bbox 182 1602 297 1635; x_wconf 88' lang='lat' dir='ltr'><em>nollet</em></span> <span class='ocrx_word' id='word_1_230' title='bbox 316 1602 359 1635; x_wconf 86' lang='lat' dir='ltr'><em>ad</em></span> <span class='ocrx_word' id='word_1_231' title='bbox 380 1609 490 1643; x_wconf 79' lang='lat' dir='ltr'><em>extra,</em></span> <span class='ocrx_word' id='word_1_232' title='bbox 514 1614 578 1635; x_wconf 84' lang='lat' dir='ltr'><em>seu</em></span> <span class='ocrx_word' id='word_1_233' title='bbox 607 1603 637 1635; x_wconf 81' lang='lat' dir='ltr'><em>si</em></span> <span class='ocrx_word' id='word_1_234' title='bbox 665 1603 701 1635; x_wconf 88' lang='lat' dir='ltr'><em>in</em></span> <span class='ocrx_word' id='word_1_235' title='bbox 723 1604 798 1635; x_wconf 90' lang='lat' dir='ltr'><em>Deo</em></span> <span class='ocrx_word' id='word_1_236' title='bbox 821 1610 919 1635; x_wconf 84' lang='lat' dir='ltr'><em>esset</em></span> <span class='ocrx_word' id='word_1_237' title='bbox 944 1615 1074 1636; x_wconf 90' lang='lat' dir='ltr'><em>novum</em></span> <span class='ocrx_word' id='word_1_238' title='bbox 1097 1603 1190 1636; x_wconf 88' lang='lat' dir='ltr'><em>velle</em></span> <span class='ocrx_word' id='word_1_239' title='bbox 1211 1604 1268 1636; x_wconf 87' lang='lat' dir='ltr'><em>vel</em></span> <span class='ocrx_word' id='word_1_240' title='bbox 1295 1604 1392 1636; x_wconf 90' lang='lat' dir='ltr'><em>nolle</em></span> <span class='ocrx_word' id='word_1_241' title='bbox 1414 1604 1457 1636; x_wconf 89' lang='lat' dir='ltr'><em>ad</em></span> <span class='ocrx_word' id='word_1_242' title='bbox 1485 1611 1595 1645; x_wconf 74' lang='lat' dir='ltr'><em>extra,</em></span> <span class='ocrx_word' id='word_1_243' title='bbox 1619 1605 1696 1649; x_wconf 84' lang='lat' dir='ltr'><em>ipse</em></span> <span class='ocrx_word' id='word_1_244' title='bbox 1719 1606 1915 1638; x_wconf 88' lang='lat' dir='ltr'><em>intrinsece</em></span> <span class='ocrx_word' id='word_1_245' title='bbox 1938 1613 2049 1639; x_wconf 87' lang='lat' dir='ltr'><em>muta-</em></span> 
     </span>
     <span class='ocr_line' id='line_1_21' title="bbox 182 1669 1967 1713; baseline 0.002 -12"><span class='ocrx_word' id='word_1_246' title='bbox 182 1675 293 1701; x_wconf 86' lang='lat' dir='ltr'><em>retur.</em></span> <span class='ocrx_word' id='word_1_247' title='bbox 317 1669 432 1713; x_wconf 84' lang='lat' dir='ltr'><em>Igitur</em></span> <span class='ocrx_word' id='word_1_248' title='bbox 452 1669 546 1702; x_wconf 82' lang='lat' dir='ltr'><em>velle</em></span> <span class='ocrx_word' id='word_1_249' title='bbox 567 1675 602 1701; x_wconf 85' lang='lat' dir='ltr'><em>et</em></span> <span class='ocrx_word' id='word_1_250' title='bbox 622 1669 719 1701; x_wconf 90' lang='lat' dir='ltr'><em>nolle</em></span> <span class='ocrx_word' id='word_1_251' title='bbox 741 1669 867 1702; x_wconf 86' lang='lat' dir='ltr'><em>dicunt</em></span> <span class='ocrx_word' id='word_1_252' title='bbox 887 1669 1224 1702; x_wconf 86' lang='lat' dir='ltr'><em>denominacionem</em></span> <span class='ocrx_word' id='word_1_253' title='bbox 1247 1671 1493 1703; x_wconf 84' lang='lat' dir='ltr'><em>intrinsecam.</em></span> <span class='ocrx_word' id='word_1_254' title='bbox 1519 1673 1560 1703; x_wconf 80' lang='lat' dir='ltr'><em>Et</em></span> <span class='ocrx_word' id='word_1_255' title='bbox 1581 1671 1646 1704; x_wconf 84' lang='lat' dir='ltr'><em>liec</em></span> <span class='ocrx_word' id='word_1_256' title='bbox 1668 1672 1734 1704; x_wconf 88' lang='lat' dir='ltr'><em>suit</em></span> <span class='ocrx_word' id='word_1_257' title='bbox 1756 1684 1856 1705; x_wconf 88' lang='lat' dir='ltr'><em>mens</em></span> <span class='ocrx_word' id='word_1_258' title='bbox 1878 1685 1967 1705; x_wconf 87' lang='lat' dir='ltr'><em>mea.</em></span> 
     </span>
    </p>

    <p class='ocr_par' dir='ltr' id='par_1_9' title="bbox 179 1734 2049 2112">
     <span class='ocr_line' id='line_1_22' title="bbox 270 1734 2047 1782; baseline 0.002 -15"><span class='ocrx_word' id='word_1_259' title='bbox 270 1736 304 1767; x_wconf 90' lang='lat'><em>2⁰</em></span> <span class='ocrx_word' id='word_1_260' title='bbox 330 1736 397 1767; x_wconf 87' lang='lat' dir='ltr'><em>Per</em></span> <span class='ocrx_word' id='word_1_261' title='bbox 417 1734 485 1768; x_wconf 92' lang='lat' dir='ltr'><em>hoc</em></span> <span class='ocrx_word' id='word_1_262' title='bbox 506 1735 603 1780; x_wconf 90' lang='lat' dir='ltr'><em>quod</em></span> <span class='ocrx_word' id='word_1_263' title='bbox 625 1735 697 1768; x_wconf 88' lang='lat' dir='ltr'><em>dixi</em></span> <span class='ocrx_word' id='word_1_264' title='bbox 718 1735 754 1767; x_wconf 87' lang='lat' dir='ltr'><em>iu</em></span> <span class='ocrx_word' id='word_1_265' title='bbox 776 1737 811 1767; x_wconf 64' lang='lat'><em>2³</em></span> <span class='ocrx_word' id='word_1_266' title='bbox 832 1735 1051 1780; x_wconf 88' lang='lat' dir='ltr'><em>probacione</em></span> <span class='ocrx_word' id='word_1_267' title='bbox 1074 1736 1183 1780; x_wconf 89' lang='lat' dir='ltr'><em>hujus</em></span> <span class='ocrx_word' id='word_1_268' title='bbox 1204 1737 1301 1781; x_wconf 91' lang='lat' dir='ltr'><em>quod</em></span> <span class='ocrx_word' id='word_1_269' title='bbox 1324 1743 1391 1769; x_wconf 85' lang='lat' dir='ltr'><em>tam</em></span> <span class='ocrx_word' id='word_1_270' title='bbox 1413 1737 1506 1769; x_wconf 86' lang='lat' dir='ltr'><em>velle</em></span> <span class='ocrx_word' id='word_1_271' title='bbox 1535 1749 1639 1782; x_wconf 90' lang='lat' dir='ltr'><em>quam</em></span> <span class='ocrx_word' id='word_1_272' title='bbox 1671 1737 1767 1770; x_wconf 87' lang='lat' dir='ltr'><em>nolle</em></span> <span class='ocrx_word' id='word_1_273' title='bbox 1796 1738 1838 1770; x_wconf 90' lang='lat' dir='ltr'><em>ad</em></span> <span class='ocrx_word' id='word_1_274' title='bbox 1869 1746 1965 1771; x_wconf 86' lang='lat' dir='ltr'><em>extra</em></span> <span class='ocrx_word' id='word_1_275' title='bbox 1994 1746 2047 1772; x_wconf 79' lang='lat' dir='ltr'><em>est</em></span> 
     </span>
     <span class='ocr_line' id='line_1_23' title="bbox 181 1801 2049 1849; baseline 0.002 -15"><span class='ocrx_word' id='word_1_276' title='bbox 181 1807 281 1834; x_wconf 85' lang='lat' dir='ltr'><em>actus</em></span> <span class='ocrx_word' id='word_1_277' title='bbox 302 1801 419 1834; x_wconf 88' lang='lat' dir='ltr'><em>vitalis</em></span> <span class='ocrx_word' id='word_1_278' title='bbox 446 1802 603 1846; x_wconf 87' lang='lat' dir='ltr'><em>perfecte</em></span> <span class='ocrx_word' id='word_1_279' title='bbox 624 1802 819 1835; x_wconf 86' lang='lat' dir='ltr'><em>voluntatis</em></span> <span class='ocrx_word' id='word_1_280' title='bbox 850 1802 963 1847; x_wconf 83' lang='lat' dir='ltr'><em>ipsam</em></span> <span class='ocrx_word' id='word_1_281' title='bbox 992 1802 1186 1835; x_wconf 88' lang='lat' dir='ltr'><em>immutans</em></span> <span class='ocrx_word' id='word_1_282' title='bbox 1207 1803 1376 1844; x_wconf 74' lang='lat' dir='ltr'><em>vitaliter,</em></span> <span class='ocrx_word' id='word_1_283' title='bbox 1398 1815 1470 1835; x_wconf 90' lang='lat' dir='ltr'><em>non</em></span> <span class='ocrx_word' id='word_1_284' title='bbox 1499 1804 1661 1836; x_wconf 80' lang='lat' dir='ltr'><em>intellexi</em></span> <span class='ocrx_word' id='word_1_285' title='bbox 1689 1804 1785 1848; x_wconf 86' lang='lat' dir='ltr'><em>quod</em></span> <span class='ocrx_word' id='word_1_286' title='bbox 1817 1817 1880 1849; x_wconf 85' lang='lat' dir='ltr'><em>per</em></span> <span class='ocrx_word' id='word_1_287' title='bbox 1900 1805 1992 1838; x_wconf 87' lang='lat' dir='ltr'><em>velle</em></span> <span class='ocrx_word' id='word_1_288' title='bbox 2014 1813 2049 1838; x_wconf 89' lang='lat' dir='ltr'><em>et</em></span> 
     </span>
     <span class='ocr_line' id='line_1_24' title="bbox 181 1867 2047 1916; baseline 0.002 -16"><span class='ocrx_word' id='word_1_289' title='bbox 181 1867 278 1900; x_wconf 88' lang='lat' dir='ltr'><em>nolle</em></span> <span class='ocrx_word' id='word_1_290' title='bbox 299 1869 397 1900; x_wconf 90' lang='lat' dir='ltr'><em>Deus</em></span> <span class='ocrx_word' id='word_1_291' title='bbox 418 1874 616 1901; x_wconf 86' lang='lat' dir='ltr'><em>mutaretur</em></span> <span class='ocrx_word' id='word_1_292' title='bbox 636 1868 847 1909; x_wconf 77' lang='lat' dir='ltr'><em>intrinsece,</em></span> <span class='ocrx_word' id='word_1_293' title='bbox 870 1869 934 1901; x_wconf 81' lang='lat' dir='ltr'><em>sed</em></span> <span class='ocrx_word' id='word_1_294' title='bbox 956 1869 1053 1913; x_wconf 88' lang='lat' dir='ltr'><em>quod</em></span> <span class='ocrx_word' id='word_1_295' title='bbox 1075 1875 1160 1901; x_wconf 85' lang='lat' dir='ltr'><em>sunt</em></span> <span class='ocrx_word' id='word_1_296' title='bbox 1185 1870 1422 1914; x_wconf 83' lang='lat' dir='ltr'><em>operaciones</em></span> <span class='ocrx_word' id='word_1_297' title='bbox 1447 1869 1490 1902; x_wconf 85' lang='lat' dir='ltr'><em>ab</em></span> <span class='ocrx_word' id='word_1_298' title='bbox 1518 1870 1598 1914; x_wconf 84' lang='lat' dir='ltr'><em>ipso</em></span> <span class='ocrx_word' id='word_1_299' title='bbox 1620 1877 1840 1903; x_wconf 81' lang='lat' dir='ltr'><em>emanantes.</em></span> <span class='ocrx_word' id='word_1_300' title='bbox 1869 1872 1938 1904; x_wconf 86' lang='lat' dir='ltr'><em>Sed</em></span> <span class='ocrx_word' id='word_1_301' title='bbox 1966 1872 2047 1916; x_wconf 82' lang='lat' dir='ltr'><em>quia</em></span> 
     </span>
     <span class='ocr_line' id='line_1_25' title="bbox 179 1934 2046 1981; baseline 0.003 -15"><span class='ocrx_word' id='word_1_302' title='bbox 179 1934 274 1978; x_wconf 90' lang='lat' dir='ltr'><em>apud</em></span> <span class='ocrx_word' id='word_1_303' title='bbox 295 1934 428 1967; x_wconf 85' lang='lat' dir='ltr'><em>multos</em></span> <span class='ocrx_word' id='word_1_304' title='bbox 452 1934 514 1966; x_wconf 87' lang='lat' dir='ltr'><em>ille</em></span> <span class='ocrx_word' id='word_1_305' title='bbox 544 1934 673 1967; x_wconf 85' lang='lat' dir='ltr'><em>modus</em></span> <span class='ocrx_word' id='word_1_306' title='bbox 701 1934 888 1979; x_wconf 78' lang='lat' dir='ltr'><em>loquendi7</em></span> <span class='ocrx_word' id='word_1_307' title='bbox 915 1935 1008 1968; x_wconf 86' lang='lat' dir='ltr'><em>velle</em></span> <span class='ocrx_word' id='word_1_308' title='bbox 1039 1935 1201 1968; x_wconf 91' lang='lat' dir='ltr'><em>divinum</em></span> <span class='ocrx_word' id='word_1_309' title='bbox 1230 1935 1393 1968; x_wconf 84' lang='lat' dir='ltr'><em>immutat</em></span> <span class='ocrx_word' id='word_1_310' title='bbox 1413 1936 1634 1969; x_wconf 88' lang='lat' dir='ltr'><em>voluntatem</em></span> <span class='ocrx_word' id='word_1_311' title='bbox 1663 1937 1834 1978; x_wconf 68' lang='lat' dir='ltr'><em>divinam7</em></span> <span class='ocrx_word' id='word_1_312' title='bbox 1865 1938 2046 1981; x_wconf 78' lang='lat' dir='ltr'><em>significat</em></span> 
     </span>
     <span class='ocr_line' id='line_1_26' title="bbox 179 2000 2042 2047; baseline 0.002 -15"><span class='ocrx_word' id='word_1_313' title='bbox 179 2000 278 2045; x_wconf 91' lang='lat' dir='ltr'><em>quod</em></span> <span class='ocrx_word' id='word_1_314' title='bbox 307 2000 385 2045; x_wconf 86' lang='lat' dir='ltr'><em>ipse</em></span> <span class='ocrx_word' id='word_1_315' title='bbox 414 2000 621 2033; x_wconf 87' lang='lat' dir='ltr'><em>intellectus</em></span> <span class='ocrx_word' id='word_1_316' title='bbox 648 2001 878 2042; x_wconf 88' lang='lat' dir='ltr'><em>immutat[ur]</em></span> <span class='ocrx_word' id='word_1_317' title='bbox 905 2013 911 2033; x_wconf 91' lang='lat'>:</span> <span class='ocrx_word' id='word_1_318' title='bbox 942 2001 1024 2034; x_wconf 90' lang='lat' dir='ltr'><em>ideo</em></span> <span class='ocrx_word' id='word_1_319' title='bbox 1054 2014 1126 2034; x_wconf 91' lang='lat' dir='ltr'><em>non</em></span> <span class='ocrx_word' id='word_1_320' title='bbox 1156 2001 1273 2046; x_wconf 82' lang='lat' dir='ltr'><em>placet</em></span> <span class='ocrx_word' id='word_1_321' title='bbox 1302 2002 1448 2034; x_wconf 92' lang='lat' dir='ltr'><em>domino</em></span> <span class='ocrx_word' id='word_1_322' title='bbox 1479 2002 1694 2035; x_wconf 87' lang='lat' dir='ltr'><em>cancellario</em></span> <span class='ocrx_word' id='word_1_323' title='bbox 1727 2015 1843 2047; x_wconf 88' lang='lat' dir='ltr'><em>neque</em></span> <span class='ocrx_word' id='word_1_324' title='bbox 1873 2004 2042 2043; x_wconf 72' lang='lat' dir='ltr'><em>facultati,</em></span> 
     </span>
     <span class='ocr_line' id='line_1_27' title="bbox 180 2066 1148 2112; baseline 0.001 -13"><span class='ocrx_word' id='word_1_325' title='bbox 180 2067 277 2111; x_wconf 91' lang='lat' dir='ltr'><em>quod</em></span> <span class='ocrx_word' id='word_1_326' title='bbox 299 2066 467 2099; x_wconf 85' lang='lat' dir='ltr'><em>decetero</em></span> <span class='ocrx_word' id='word_1_327' title='bbox 489 2067 549 2099; x_wconf 89' lang='lat' dir='ltr'><em>tali</em></span> <span class='ocrx_word' id='word_1_328' title='bbox 571 2068 677 2099; x_wconf 88' lang='lat' dir='ltr'><em>modo</em></span> <span class='ocrx_word' id='word_1_329' title='bbox 700 2068 781 2112; x_wconf 86' lang='lat' dir='ltr'><em>quis</em></span> <span class='ocrx_word' id='word_1_330' title='bbox 803 2074 922 2100; x_wconf 83' lang='lat' dir='ltr'><em>utatur</em></span> <span class='ocrx_word' id='word_1_331' title='bbox 943 2068 979 2100; x_wconf 88' lang='lat' dir='ltr'><em>in</em></span> <span class='ocrx_word' id='word_1_332' title='bbox 1001 2068 1148 2101; x_wconf 78' lang='lat' dir='ltr'><em>(livinis.</em></span> 
     </span>
    </p>

    <p class='ocr_par' dir='ltr' id='par_1_10' title="bbox 176 2133 2043 2643">
     <span class='ocr_line' id='line_1_28' title="bbox 267 2133 2043 2180; baseline 0.002 -15"><span class='ocrx_word' id='word_1_333' title='bbox 267 2134 302 2166; x_wconf 89' lang='lat'><em>3⁰</em></span> <span class='ocrx_word' id='word_1_334' title='bbox 326 2133 406 2165; x_wconf 91' lang='lat' dir='ltr'><em>Dixi</em></span> <span class='ocrx_word' id='word_1_335' title='bbox 435 2133 472 2165; x_wconf 90' lang='lat' dir='ltr'><em>in</em></span> <span class='ocrx_word' id='word_1_336' title='bbox 498 2134 532 2165; x_wconf 88' lang='lat'><em>2⁰</em></span> <span class='ocrx_word' id='word_1_337' title='bbox 553 2133 749 2166; x_wconf 79' lang='lat' dir='ltr'><em>correlario</em></span> <span class='ocrx_word' id='word_1_338' title='bbox 774 2135 804 2166; x_wconf 69' lang='grc' dir='ltr'><em>1ο</em></span> <span class='ocrx_word' id='word_1_339' title='bbox 826 2135 1111 2179; x_wconf 74' lang='lat' dir='ltr'><em>supposicionis.</em></span> <span class='ocrx_word' id='word_1_340' title='bbox 1140 2136 1237 2180; x_wconf 87' lang='lat' dir='ltr'><em>quod</em></span> <span class='ocrx_word' id='word_1_341' title='bbox 1267 2136 1352 2168; x_wconf 90' lang='lat' dir='ltr'><em>licet</em></span> <span class='ocrx_word' id='word_1_342' title='bbox 1383 2136 1539 2180; x_wconf 82' lang='lat' dir='ltr'><em>perfecte</em></span> <span class='ocrx_word' id='word_1_343' title='bbox 1562 2136 1755 2168; x_wconf 86' lang='lat' dir='ltr'><em>voluntatis</em></span> <span class='ocrx_word' id='word_1_344' title='bbox 1786 2148 1850 2168; x_wconf 78' lang='lat' dir='ltr'><em>seu</em></span> <span class='ocrx_word' id='word_1_345' title='bbox 1878 2137 2043 2169; x_wconf 83' lang='lat' dir='ltr'><em>essencie</em></span> 
     </span>
     <span class='ocr_line' id='line_1_29' title="bbox 179 2199 2042 2244; baseline 0.002 -13"><span class='ocrx_word' id='word_1_346' title='bbox 179 2199 300 2232; x_wconf 86' lang='lat' dir='ltr'><em>divine</em></span> <span class='ocrx_word' id='word_1_347' title='bbox 321 2199 511 2244; x_wconf 86' lang='lat' dir='ltr'><em>quodlibet</em></span> <span class='ocrx_word' id='word_1_348' title='bbox 537 2200 772 2232; x_wconf 78' lang='lat' dir='ltr'><em>intrinsecum</em></span> <span class='ocrx_word' id='word_1_349' title='bbox 796 2201 843 2233; x_wconf 86' lang='lat' dir='ltr'><em>sit</em></span> <span class='ocrx_word' id='word_1_350' title='bbox 872 2202 1117 2234; x_wconf 86' lang='lat' dir='ltr'><em>necessarium</em></span> <span class='ocrx_word' id='word_1_351' title='bbox 1148 2202 1314 2235; x_wconf 83' lang='lat' dir='ltr'><em>absolute</em></span> <span class='ocrx_word' id='word_1_352' title='bbox 1336 2202 1536 2235; x_wconf 80' lang='lat' dir='ltr'><em>secundum</em></span> <span class='ocrx_word' id='word_1_353' title='bbox 1559 2214 1662 2234; x_wconf 87' lang='lat' dir='ltr'><em>suum</em></span> <span class='ocrx_word' id='word_1_354' title='bbox 1686 2215 1767 2235; x_wconf 76' lang='lat' dir='ltr'><em>csse</em></span> <span class='ocrx_word' id='word_1_355' title='bbox 1796 2202 1903 2239; x_wconf 62' lang='lat' dir='ltr'><em>reale„</em></span> <span class='ocrx_word' id='word_1_356' title='bbox 1927 2209 2042 2235; x_wconf 84' lang='lat' dir='ltr'><em>tamen</em></span> 
     </span>
     <span class='ocr_line' id='line_1_30' title="bbox 178 2265 2041 2311; baseline 0.002 -13"><span class='ocrx_word' id='word_1_357' title='bbox 178 2265 325 2310; x_wconf 85' lang='lat' dir='ltr'><em>aliquod</em></span> <span class='ocrx_word' id='word_1_358' title='bbox 346 2266 581 2299; x_wconf 87' lang='lat' dir='ltr'><em>intrinsecum</em></span> <span class='ocrx_word' id='word_1_359' title='bbox 605 2273 660 2299; x_wconf 89' lang='lat' dir='ltr'><em>est</em></span> <span class='ocrx_word' id='word_1_360' title='bbox 681 2267 899 2311; x_wconf 85' lang='lat' dir='ltr'><em>contingens</em></span> <span class='ocrx_word' id='word_1_361' title='bbox 921 2274 955 2300; x_wconf 89' lang='lat' dir='ltr'><em>et</em></span> <span class='ocrx_word' id='word_1_362' title='bbox 976 2280 1047 2300; x_wconf 90' lang='lat' dir='ltr'><em>non</em></span> <span class='ocrx_word' id='word_1_363' title='bbox 1070 2268 1121 2300; x_wconf 90' lang='lat' dir='ltr'><em>sic</em></span> <span class='ocrx_word' id='word_1_364' title='bbox 1144 2269 1389 2301; x_wconf 82' lang='lat' dir='ltr'><em>necessarium</em></span> <span class='ocrx_word' id='word_1_365' title='bbox 1413 2269 1613 2301; x_wconf 79' lang='lat' dir='ltr'><em>secundum</em></span> <span class='ocrx_word' id='word_1_366' title='bbox 1636 2281 1739 2301; x_wconf 86' lang='lat' dir='ltr'><em>suum</em></span> <span class='ocrx_word' id='word_1_367' title='bbox 1770 2281 1851 2301; x_wconf 84' lang='lat' dir='ltr'><em>csse</em></span> <span class='ocrx_word' id='word_1_368' title='bbox 1879 2269 2041 2310; x_wconf 80' lang='lat' dir='ltr'><em>formale⁷</em></span> 
     </span>
     <span class='ocr_line' id='line_1_31' title="bbox 178 2332 2038 2380; baseline 0.001 -15"><span class='ocrx_word' id='word_1_369' title='bbox 178 2338 274 2377; x_wconf 86' lang='lat' dir='ltr'><em>patet</em></span> <span class='ocrx_word' id='word_1_370' title='bbox 293 2332 337 2365; x_wconf 89' lang='lat' dir='ltr'><em>de</em></span> <span class='ocrx_word' id='word_1_371' title='bbox 358 2333 451 2366; x_wconf 78' lang='lat' dir='ltr'><em>velle</em></span> <span class='ocrx_word' id='word_1_372' title='bbox 475 2340 510 2366; x_wconf 86' lang='lat' dir='ltr'><em>et</em></span> <span class='ocrx_word' id='word_1_373' title='bbox 531 2333 627 2366; x_wconf 85' lang='lat' dir='ltr'><em>nolle</em></span> <span class='ocrx_word' id='word_1_374' title='bbox 649 2333 771 2366; x_wconf 89' lang='lat' dir='ltr'><em>divino</em></span> <span class='ocrx_word' id='word_1_375' title='bbox 793 2334 836 2366; x_wconf 89' lang='lat' dir='ltr'><em>ad</em></span> <span class='ocrx_word' id='word_1_376' title='bbox 858 2341 967 2367; x_wconf 86' lang='lat' dir='ltr'><em>extra.</em></span> <span class='ocrx_word' id='word_1_377' title='bbox 992 2335 1093 2367; x_wconf 86' lang='lat' dir='ltr'><em>Istud</em></span> <span class='ocrx_word' id='word_1_378' title='bbox 1115 2335 1167 2367; x_wconf 89' lang='lat' dir='ltr'><em>sic</em></span> <span class='ocrx_word' id='word_1_379' title='bbox 1192 2335 1343 2380; x_wconf 86' lang='lat' dir='ltr'><em>explano</em></span> <span class='ocrx_word' id='word_1_380' title='bbox 1366 2342 1401 2367; x_wconf 86' lang='lat' dir='ltr'><em>ct</em></span> <span class='ocrx_word' id='word_1_381' title='bbox 1426 2335 1506 2367; x_wconf 78' lang='lat' dir='ltr'><em>dico</em></span> <span class='ocrx_word' id='word_1_382' title='bbox 1528 2335 1642 2379; x_wconf 85' lang='lat' dir='ltr'><em>quod¹</em></span> <span class='ocrx_word' id='word_1_383' title='bbox 1668 2335 1778 2367; x_wconf 89' lang='lat' dir='ltr'><em>nichil</em></span> <span class='ocrx_word' id='word_1_384' title='bbox 1805 2335 2038 2368; x_wconf 85' lang='lat' dir='ltr'><em>intrinsecum</em></span> 
     </span>
     <span class='ocr_line' id='line_1_32' title="bbox 178 2399 2040 2446; baseline 0.002 -15"><span class='ocrx_word' id='word_1_385' title='bbox 178 2399 253 2431; x_wconf 91' lang='lat' dir='ltr'><em>Deo</em></span> <span class='ocrx_word' id='word_1_386' title='bbox 275 2405 330 2431; x_wconf 89' lang='lat' dir='ltr'><em>est</em></span> <span class='ocrx_word' id='word_1_387' title='bbox 349 2399 579 2444; x_wconf 73' lang='lat' dir='ltr'><em>contingens,</em></span> <span class='ocrx_word' id='word_1_388' title='bbox 597 2399 682 2432; x_wconf 87' lang='lat' dir='ltr'><em>licet</em></span> <span class='ocrx_word' id='word_1_389' title='bbox 700 2400 847 2444; x_wconf 87' lang='lat' dir='ltr'><em>aliquod</em></span> <span class='ocrx_word' id='word_1_390' title='bbox 869 2401 1107 2433; x_wconf 86' lang='lat' dir='ltr'><em>intrinsecum</em></span> <span class='ocrx_word' id='word_1_391' title='bbox 1129 2403 1204 2434; x_wconf 93' lang='lat' dir='ltr'><em>Deo</em></span> <span class='ocrx_word' id='word_1_392' title='bbox 1227 2402 1274 2434; x_wconf 86' lang='lat' dir='ltr'><em>sit</em></span> <span class='ocrx_word' id='word_1_393' title='bbox 1293 2401 1446 2434; x_wconf 86' lang='lat' dir='ltr'><em>liberum</em></span> <span class='ocrx_word' id='word_1_394' title='bbox 1470 2401 1634 2434; x_wconf 83' lang='lat' dir='ltr'><em>libertate</em></span> <span class='ocrx_word' id='word_1_395' title='bbox 1651 2402 1906 2446; x_wconf 78' lang='lat' dir='ltr'><em>contingencie</em></span> <span class='ocrx_word' id='word_1_396' title='bbox 1923 2414 2040 2434; x_wconf 88' lang='lat' dir='ltr'><em>causa-</em></span> 
     </span>
     <span class='ocr_line' id='line_1_33' title="bbox 177 2464 2036 2512; baseline 0.002 -15"><span class='ocrx_word' id='word_1_397' title='bbox 177 2464 298 2498; x_wconf 88' lang='lat' dir='ltr'><em>litatis.</em></span> <span class='ocrx_word' id='word_1_398' title='bbox 322 2465 426 2498; x_wconf 91' lang='lat' dir='ltr'><em>Unde</em></span> <span class='ocrx_word' id='word_1_399' title='bbox 452 2466 621 2498; x_wconf 89' lang='lat' dir='ltr'><em>dominus</em></span> <span class='ocrx_word' id='word_1_400' title='bbox 649 2466 887 2499; x_wconf 84' lang='lat' dir='ltr'><em>cancellarius</em></span> <span class='ocrx_word' id='word_1_401' title='bbox 915 2474 950 2500; x_wconf 89' lang='lat' dir='ltr'><em>et</em></span> <span class='ocrx_word' id='word_1_402' title='bbox 976 2468 1125 2500; x_wconf 85' lang='lat' dir='ltr'><em>facultas</em></span> <span class='ocrx_word' id='word_1_403' title='bbox 1155 2467 1246 2500; x_wconf 87' lang='lat' dir='ltr'><em>hanc</em></span> <span class='ocrx_word' id='word_1_404' title='bbox 1277 2468 1570 2512; x_wconf 62' lang='lat' dir='ltr'><em>proposit-ionem</em></span> <span class='ocrx_word' id='word_1_405' title='bbox 1593 2483 1608 2498; x_wconf 83' lang='lat'>«</span> <span class='ocrx_word' id='word_1_406' title='bbox 1636 2468 1772 2512; x_wconf 84' lang='lat' dir='ltr'><em>aliquid</em></span> <span class='ocrx_word' id='word_1_407' title='bbox 1803 2468 2036 2501; x_wconf 85' lang='lat' dir='ltr'><em>intrinsecum</em></span> 
     </span>
     <span class='ocr_line' id='line_1_34' title="bbox 177 2532 2037 2578; baseline 0.001 -14"><span class='ocrx_word' id='word_1_408' title='bbox 177 2532 253 2564; x_wconf 90' lang='lat' dir='ltr'><em>Deo</em></span> <span class='ocrx_word' id='word_1_409' title='bbox 281 2538 337 2564; x_wconf 86' lang='lat' dir='ltr'><em>est</em></span> <span class='ocrx_word' id='word_1_410' title='bbox 362 2533 580 2577; x_wconf 84' lang='lat' dir='ltr'><em>contingens</em></span> <span class='ocrx_word' id='word_1_411' title='bbox 608 2547 623 2563; x_wconf 86' lang='lat'>»</span> <span class='ocrx_word' id='word_1_412' title='bbox 653 2533 852 2565; x_wconf 77' lang='lat' dir='ltr'><em>secundum</em></span> <span class='ocrx_word' id='word_1_413' title='bbox 880 2534 1103 2567; x_wconf 88' lang='lat' dir='ltr'><em>intellectum</em></span> <span class='ocrx_word' id='word_1_414' title='bbox 1126 2546 1231 2578; x_wconf 88' lang='lat' dir='ltr'><em>quem</em></span> <span class='ocrx_word' id='word_1_415' title='bbox 1257 2535 1340 2567; x_wconf 84' lang='lat' dir='ltr'><em>facit</em></span> <span class='ocrx_word' id='word_1_416' title='bbox 1361 2541 1525 2578; x_wconf 87' lang='lat' dir='ltr'><em>tanquam</em></span> <span class='ocrx_word' id='word_1_417' title='bbox 1549 2534 1632 2566; x_wconf 85' lang='lat' dir='ltr'><em>fidei</em></span> <span class='ocrx_word' id='word_1_418' title='bbox 1656 2534 1832 2566; x_wconf 82' lang='lat' dir='ltr'><em>katholico</em></span> <span class='ocrx_word' id='word_1_419' title='bbox 1855 2534 2037 2566; x_wconf 83' lang='lat' dir='ltr'><em>dissonam</em></span> 
     </span>
     <span class='ocr_line' id='line_1_35' title="bbox 176 2597 405 2643; baseline 0.004 -13"><span class='ocrx_word' id='word_1_420' title='bbox 176 2597 405 2643; x_wconf 81' lang='lat' dir='ltr'><em>[dampnant].</em></span> 
     </span>
    </p>

    <p class='ocr_par' dir='ltr' id='par_1_11' title="bbox 175 2665 2035 2844">
     <span class='ocr_line' id='line_1_36' title="bbox 264 2665 2035 2711; baseline 0.001 -14"><span class='ocrx_word' id='word_1_421' title='bbox 264 2665 411 2707; x_wconf 87' lang='lat' dir='ltr'><em>Quarto.</em></span> <span class='ocrx_word' id='word_1_422' title='bbox 441 2665 612 2698; x_wconf 86' lang='lat' dir='ltr'><em>Similiter</em></span> <span class='ocrx_word' id='word_1_423' title='bbox 640 2666 729 2698; x_wconf 91' lang='lat' dir='ltr'><em>illud</em></span> <span class='ocrx_word' id='word_1_424' title='bbox 761 2667 857 2711; x_wconf 91' lang='lat' dir='ltr'><em>quod</em></span> <span class='ocrx_word' id='word_1_425' title='bbox 888 2667 960 2699; x_wconf 85' lang='lat' dir='ltr'><em>dixi</em></span> <span class='ocrx_word' id='word_1_426' title='bbox 991 2667 1027 2699; x_wconf 87' lang='lat' dir='ltr'><em>in</em></span> <span class='ocrx_word' id='word_1_427' title='bbox 1057 2667 1252 2699; x_wconf 83' lang='lat' dir='ltr'><em>correlario</em></span> <span class='ocrx_word' id='word_1_428' title='bbox 1281 2668 1329 2707; x_wconf 73' lang='lat'><em>3⁰,</em></span> <span class='ocrx_word' id='word_1_429' title='bbox 1361 2667 1457 2711; x_wconf 89' lang='lat' dir='ltr'><em>quod</em></span> <span class='ocrx_word' id='word_1_430' title='bbox 1487 2673 1556 2699; x_wconf 85' lang='lat' dir='ltr'><em>stat</em></span> <span class='ocrx_word' id='word_1_431' title='bbox 1585 2668 1698 2698; x_wconf 88' lang='lat' dir='ltr'><em>Deum</em></span> <span class='ocrx_word' id='word_1_432' title='bbox 1728 2678 1808 2698; x_wconf 86' lang='lat' dir='ltr'><em>esse</em></span> <span class='ocrx_word' id='word_1_433' title='bbox 1839 2667 2035 2699; x_wconf 79' lang='lat' dir='ltr'><em>intrinsece</em></span> 
     </span>
     <span class='ocr_line' id='line_1_37' title="bbox 177 2729 2033 2778; baseline 0.001 -16"><span class='ocrx_word' id='word_1_434' title='bbox 177 2729 381 2775; x_wconf 82' lang='lat' dir='ltr'><em>aliqualem,</em></span> <span class='ocrx_word' id='word_1_435' title='bbox 399 2738 433 2764; x_wconf 88' lang='lat' dir='ltr'><em>et</em></span> <span class='ocrx_word' id='word_1_436' title='bbox 453 2732 570 2776; x_wconf 86' lang='lat' dir='ltr'><em>ipsum</em></span> <span class='ocrx_word' id='word_1_437' title='bbox 595 2744 704 2777; x_wconf 87' lang='lat' dir='ltr'><em>posse</em></span> <span class='ocrx_word' id='word_1_438' title='bbox 726 2745 799 2765; x_wconf 88' lang='lat' dir='ltr'><em>non</em></span> <span class='ocrx_word' id='word_1_439' title='bbox 821 2745 902 2765; x_wconf 88' lang='lat' dir='ltr'><em>esse</em></span> <span class='ocrx_word' id='word_1_440' title='bbox 925 2733 1043 2774; x_wconf 71' lang='lat' dir='ltr'><em>talem,</em></span> <span class='ocrx_word' id='word_1_441' title='bbox 1067 2740 1101 2765; x_wconf 87' lang='lat' dir='ltr'><em>et</em></span> <span class='ocrx_word' id='word_1_442' title='bbox 1122 2740 1238 2766; x_wconf 85' lang='lat' dir='ltr'><em>tamen</em></span> <span class='ocrx_word' id='word_1_443' title='bbox 1259 2734 1377 2778; x_wconf 87' lang='lat' dir='ltr'><em>ipsum</em></span> <span class='ocrx_word' id='word_1_444' title='bbox 1398 2745 1479 2765; x_wconf 84' lang='lat' dir='ltr'><em>esse</em></span> <span class='ocrx_word' id='word_1_445' title='bbox 1503 2733 1604 2765; x_wconf 86' lang='lat' dir='ltr'><em>talem</em></span> <span class='ocrx_word' id='word_1_446' title='bbox 1628 2732 1911 2772; x_wconf 71' lang='lat' dir='ltr'><em>innnutabiliter⁷</em></span> <span class='ocrx_word' id='word_1_447' title='bbox 1934 2732 2033 2764; x_wconf 84' lang='lat' dir='ltr'><em>intel-</em></span> 
     </span>
     <span class='ocr_line' id='line_1_38' title="bbox 175 2795 2029 2844; baseline 0.001 -16"><span class='ocrx_word' id='word_1_448' title='bbox 175 2795 249 2841; x_wconf 86' lang='lat' dir='ltr'><em>ligo</em></span> <span class='ocrx_word' id='word_1_449' title='bbox 269 2797 327 2830; x_wconf 89' lang='lat' dir='ltr'><em>vel</em></span> <span class='ocrx_word' id='word_1_450' title='bbox 347 2797 456 2830; x_wconf 85' lang='lat' dir='ltr'><em>debet</em></span> <span class='ocrx_word' id='word_1_451' title='bbox 476 2798 527 2830; x_wconf 91' lang='lat' dir='ltr'><em>sic</em></span> <span class='ocrx_word' id='word_1_452' title='bbox 548 2798 703 2843; x_wconf 88' lang='lat' dir='ltr'><em>intelligi</em></span> <span class='ocrx_word' id='word_1_453' title='bbox 723 2811 729 2831; x_wconf 95' lang='lat'><strong>:</strong></span> <span class='ocrx_word' id='word_1_454' title='bbox 749 2800 822 2832; x_wconf 87' lang='lat' dir='ltr'><em>Stat</em></span> <span class='ocrx_word' id='word_1_455' title='bbox 844 2800 957 2831; x_wconf 88' lang='lat' dir='ltr'><em>Deum</em></span> <span class='ocrx_word' id='word_1_456' title='bbox 974 2799 1067 2832; x_wconf 92' lang='lat' dir='ltr'><em>velle</em></span> <span class='ocrx_word' id='word_1_457' title='bbox 1088 2799 1224 2844; x_wconf 88' lang='lat' dir='ltr'><em>aliquid</em></span> <span class='ocrx_word' id='word_1_458' title='bbox 1245 2800 1287 2831; x_wconf 86' lang='lat' dir='ltr'><em>ad</em></span> <span class='ocrx_word' id='word_1_459' title='bbox 1310 2806 1419 2840; x_wconf 71' lang='lat' dir='ltr'><em>extra,</em></span> <span class='ocrx_word' id='word_1_460' title='bbox 1438 2805 1471 2831; x_wconf 85' lang='lat' dir='ltr'><em>et</em></span> <span class='ocrx_word' id='word_1_461' title='bbox 1492 2799 1610 2843; x_wconf 78' lang='lat' dir='ltr'><em>ipsum</em></span> <span class='ocrx_word' id='word_1_462' title='bbox 1634 2810 1740 2842; x_wconf 82' lang='lat' dir='ltr'><em>posse</em></span> <span class='ocrx_word' id='word_1_463' title='bbox 1762 2798 1829 2830; x_wconf 89' lang='lat' dir='ltr'><em>hoc</em></span> <span class='ocrx_word' id='word_1_464' title='bbox 1851 2810 2029 2842; x_wconf 84' lang='lat' dir='ltr'><em>nunquam</em></span> 
     </span>
    </p>
   </div>
   <div class='ocr_carea' id='block_1_8' title="bbox 174 2862 772 2904">
    <p class='ocr_par' dir='ltr' id='par_1_12' title="bbox 174 2862 772 2904">
     <span class='ocr_line' id='line_1_39' title="bbox 174 2862 772 2904; baseline 0.005 -10"><span class='ocrx_word' id='word_1_465' title='bbox 174 2862 280 2904; x_wconf 83' lang='lat' dir='ltr'><em>velle,</em></span> <span class='ocrx_word' id='word_1_466' title='bbox 298 2869 333 2895; x_wconf 87' lang='lat' dir='ltr'><em>et</em></span> <span class='ocrx_word' id='word_1_467' title='bbox 353 2870 470 2896; x_wconf 87' lang='lat' dir='ltr'><em>tamen</em></span> <span class='ocrx_word' id='word_1_468' title='bbox 491 2864 772 2898; x_wconf 85' lang='lat' dir='ltr'><em>immutabiliter.</em></span> 
     </span>
    </p>
   </div>
  </div>
 </body>
</html>
