2488 3386
417 324 481 355 526
990 327 1307 351 cnxa’rumamm
1342 327 1532 349 UNIVERS.
1570 327 1698 349 mals.
2178 314 2276 350 [1387

421 448 559 484 1577.
584 456 732 482 Ηενοεαίὶο
748 455 885 481 Iohannis
901 454 991 487 Adae,
1014 453 1078 479 ord.
1096 453 1211 486 Praeti.y
1230 461 1303 487 mag.
1322 453 1350 478 in
1367 452 1520 487 theologia.

1470 540 1545 569 7389.
1559 540 1617 572 Aug.
1633 540 1677 570 20,
1693 539 1873 572 29-Septemb.
1892 540 1927 569 12,
1944 540 1988 565 26.

504 628 543 659 In
565 626 710 659 nomine
734 626 889 666 Domini,
913 637 1028 658 amen.
1053 625 1156 656 Anno
1178 623 1221 656 ab
1245 623 1501 656 incarnacione
1523 623 1687 668 ejusdem
1709 624 1854 656 Domini
1881 623 2076 656 millesimo
2098 629 2277 657 trecente-

415 694 508 727 simo
530 693 775 737 octuagesimo
798 704 906 732 nono,
925 691 1130 723 indiccione
1148 689 1374 730 duodecima,
1394 689 1530 722 mensis
1551 690 1709 735 Augusti
1730 690 1788 723 die
1805 690 1990 731 vicesima,
2008 701 2078 734 que
2099 696 2175 723 erat
2196 689 2275 722 dies

416 760 535 793 Sancti
557 759 743 800 Bernardi,
763 758 992 804 pontificatus
1080 756 1280 790 Clementis
1297 756 1418 789 divina
1440 756 1674 801 providencia
1689 769 1779 802 pape
1797 757 1940 801 septimi
1957 768 2051 790 anno
2068 756 2274 798 undecimo,

414 827 451 859 in
472 825 733 860 venerabilium
756 832 789 858 et
811 825 1143 869 circonspectoruni
1165 823 1325 856 virorum
1347 823 1603 868 magistrorum
1628 830 1663 856 et
1683 823 1912 856 dominorum
1938 823 2114 858 Johannis
2135 823 2277 857 Caverii

416 893 569 926 rectoris
597 891 852 925 Universitatis
882 891 992 924 studii
1020 890 1250 929 Parisiensis‚
1279 889 1455 922 Johannis
1483 889 1653 930 Goulain,
1681 890 1726 922 de
1754 889 1842 923 Ord.
1873 891 1912 922 B.
1942 890 2054 925 Mai-ie
2083 889 2127 922 de
2153 891 2276 922 Monte

414 959 585 1000 Carmeli,
608 959 737 991 Hervei
769 958 914 998 Sulven7
945 956 1136 989 reverendi
1159 957 1195 988 in
1221 956 1368 989 Christo
1397 956 1509 1001 patris
1536 957 1632 989 Petri
1660 956 1800 989 abbatis
1830 957 1949 990 Sancti
1976 957 2135 990 Victoris
2164 968 2276 1001 prope

414 1026 574 1059 Parisius
595 1037 695 1058 sacre
717 1024 901 1069 theologie
922 1024 1124 1063 doctorum,
1146 1023 1286 1056 Yvonis
1308 1024 1506 1067 Karengar,
1531 1023 1673 1056 Ricardi
1698 1023 1801 1056 Belet
1821 1023 2048 1058 decretorum
2072 1023 2275 1064 doctorum,

413 1092 594 1126 Guidonis
616 1091 741 1125 Garini
769 1091 806 1123 in
827 1090 993 1123 facultate
1015 1090 1193 1122 medicine
1220 1090 1397 1135 magistri,
1422 1089 1615 1123 Guillermi
1644 1089 1789 1122 Gratier
1809 1089 1890 1123 loco
1912 1089 2075 1129 Francie,
2101 1088 2277 1122 Johannis

421 1161 614 1192 Houssette
633 1158 712 1190 loco
735 1157 910 1198 Picardie,
930 1157 1054 1190 Ursini
1076 1157 1119 1189 de
1136 1156 1318 1189 Talvande
1340 1156 1547 1196 Norinnnie,
1566 1155 1795 1197 Tli[i]elmani
1817 1156 1860 1190 de
1881 1156 2052 1189 Treveris
2075 1155 2277 1201 Anglicane

412 1226 601 1258 nacionum
629 1231 900 1270 procuratorum
924 1224 960 1256 in
984 1224 1111 1256 artium
1138 1223 1305 1256 facultate
1326 1223 1596 1268 magistrorumq
1615 1222 1929 1268 plurimorumque
1950 1222 2102 1255 aliorum
2197 1234 2277 1268 pre-

411 1293 532 1325 sencia
550 1291 790 1337 personaliter
810 1291 1030 1324 constitutus
1047 1290 1220 1335 magister
1235 1289 1420 1323 Johannes
1438 1290 1528 1329 Ade,
1545 1289 1720 1330 Jacobita,
1738 1290 1774 1323 in
1796 1289 1980 1335 theologia
2000 1289 2185 1334 magister,
2204 1301 2277 1322 non

414 1360 447 1392 vi
471 1366 530 1392 aut
549 1365 645 1391 metu
669 1358 711 1391 ad
733 1358 800 1391 hoc
822 1358 1006 1398 inductus,
1033 1369 1106 1390 non
1132 1357 1436 1393 incarceracionis
1458 1369 1524 1390 nec
1550 1356 1671 1402 aliquo
1699 1356 1769 1391 alio
1793 1356 2060 1401 compulsionis
2084 1356 2213 1389 timore
2233 1356 2277 1389 ad

412 1426 479 1458 hoc
500 1432 645 1458 coactus
739 1425 775 1457 in
796 1425 940 1469 signum
959 1424 1118 1469 perfecte
1135 1424 1372 1456 contricionis
1389 1435 1454 1456 sue
1476 1423 1655 1468 quendam
1675 1435 1839 1456 errorum
1859 1434 2007 1455 suorum
2030 1422 2276 1467 predictorum

414 1492 660 1525 revocacionis
682 1491 836 1524 rotulum
860 1491 896 1523 in
920 1490 1042 1523 verbis
1069 1490 1190 1523 latinis
1216 1491 1389 1535 scriptum
1418 1490 1485 1523 alta
1514 1497 1548 1523 et
1573 1489 1798 1535 intelligibili
1817 1501 1906 1522 voce
1928 1489 1972 1522 de
1993 1488 2106 1522 verbo
2131 1489 2174 1522 ad
2197 1501 2277 1522 ver-

413 1559 496 1591 bum
519 1559 664 1603 legit....

502 1657 620 1684 Domini
643 1656 700 1682 mei
724 1657 882 1686 reverendi,
899 1664 952 1689 ego
973 1657 1060 1682 frater
1075 1656 1223 1682 Johannes
1242 1656 1302 1682 Ade
1321 1656 1357 1682 de
1379 1655 1489 1682 Ordine
1509 1655 1635 1681 fratrum
1662 1655 1890 1685 Predicatorum‚
1906 1655 2044 1688 magister
2067 1655 2098 1680 in
2117 1654 2275 1688 theologia,

412 1706 496 1732 venio
512 1706 558 1732 hic
572 1705 688 1739 propria
703 1706 854 1731 voluntate
868 1705 903 1731 ad
917 1705 1113 1731 revocandum
1128 1707 1218 1731 certas
1232 1704 1446 1739 proposiciones
1460 1704 1529 1730 alias
1547 1711 1598 1738 per
1613 1712 1660 1730 me
1675 1704 1804 1730 indebite
1823 1704 1958 1738 pluribus
1972 1704 2003 1729 in
2018 1703 2087 1730 locis
2099 1705 2226 1729 assertas.
2243 1703 2278 1729 Et

413 1755 508 1789 primo
531 1755 598 1783 dixi.
620 1755 687 1780 alias
711 1754 816 1781 asserui
836 1756 864 1780 et
887 1755 1002 1788 publice
1025 1754 1171 1787 predicavi
1193 1754 1224 1779 in
1245 1761 1388 1783 sermone,
1405 1753 1486 1787 quod
1513 1754 1620 1779 festum
1642 1753 1849 1786 Conccpcionis
1871 1753 1952 1779 beate
1967 1754 1995 1778 et
2015 1752 2138 1785 gloriose
2153 1751 2278 1785 Virginis

413 1804 499 1830 Mario
520 1811 580 1829 non
595 1805 656 1830 crat
669 1804 952 1837 sollempnizandum
968 1811 1020 1830 nec
1037 1803 1204 1833 colendum.
1225 1804 1253 1829 et
1267 1803 1319 1836 qui
1342 1801 1492 1837 cole[re]nt
1511 1802 1625 1828 dictum
1645 1802 1752 1828 festum
1768 1802 1844 1828 male
1863 1802 1990 1827 facerent
2004 1801 2071 1835 plus
2085 1809 2176 1835 quam
2192 1801 2274 1827 bene.

413 1853 489 1879 Illud
504 1860 604 1879 revoco
619 1854 762 1886 tanquam
777 1853 893 1881 salsum.
907 1854 1179 1886 presumptuosum,
1194 1852 1396 1878 scandalosum
1409 1853 1438 1878 et
1452 1851 1569 1884 piarum
1584 1851 1703 1877 aurium
1717 1851 1901 1877 offensivum.

500 1903 574 1928 Item
589 1902 656 1931 dixi.
678 1901 785 1928 asserui
805 1903 834 1927 et
855 1902 969 1935 publice
984 1901 1127 1935 predicavi
1146 1901 1177 1926 in
1193 1908 1336 1930 sermone,
1351 1900 1432 1934 quod
1446 1900 1498 1934 qui
1518 1908 1578 1926 non
1593 1900 1698 1926 coleret
1714 1907 1766 1926 nec
1786 1900 2019 1933 sollempnizaret
2031 1899 2145 1925 dictum
2159 1899 2276 1928 festum,

414 1959 473 1977 non
488 1952 626 1984 peccaret.
643 1951 776 1984 quamvis
788 1958 841 1984 ego
856 1951 958 1976 scirem
973 1951 1142 1984 episcopum
1157 1950 1315 1983 precepisse
1329 1949 1521 1978 contrarium,
1538 1950 1566 1975 et
1581 1949 1660 1982 quod
1676 1950 1776 1982 gentes
1789 1956 1849 1974 non
1864 1948 2003 1975 deberent
2016 1948 2164 1974 dimittere
2177 1954 2278 1981 operas

411 2008 475 2026 suas
491 2001 610 2033 propter
625 1999 737 2026 dictum
751 2000 867 2025 festum.
882 2000 958 2025 Illud
972 2007 1074 2026 revoco
1089 2001 1232 2033 tanquam
1248 1999 1364 2027 salsum.
1380 1999 1653 2032 presumptuosum,
1671 1997 1873 2024 scandalosum
1888 1997 1919 2023 in
1932 1998 2138 2030 contemptum
2150 1996 2276 2030 episcopi

412 2050 440 2074 et
451 2048 629 2074 auctoritatis
641 2048 806 2082 episcopalis
818 2050 846 2074 et
860 2048 978 2081 piarum
990 2048 1109 2074 aurium
1124 2048 1307 2074 offensivum.

500 2098 573 2123 Item
588 2097 763 2131 predicando
777 2097 814 2123 ad
824 2098 970 2131 populum
985 2097 1131 2131 increpavi
1150 2097 1214 2123 illos
1228 2097 1280 2130 qui
1295 2096 1325 2122 in
1347 2096 1464 2122 laudem
1479 2096 1605 2129 Virginis
1622 2095 1708 2122 Marie
1724 2095 1872 2125 tenebant.
1888 2103 1953 2121 eam
1968 2103 2028 2121 non
2048 2095 2133 2120 fuisse
2147 2094 2178 2120 in
2192 2093 2276 2127 origi-

414 2146 472 2171 nali
487 2148 603 2179 peccato
618 2148 798 2179 conceptam,
815 2146 1042 2180 improperando
1056 2146 1095 2173 eis
1109 2148 1138 2172 et
1150 2146 1273 2172 dicendo
1289 2154 1294 2170 :
1311 2147 1352 2171 En
1368 2143 1524 2171 vole's-vous
1534 2145 1614 2178 faire
1630 2152 1681 2170 une
1694 2145 1807 2170 deesse?
1824 2146 1890 2170 Tout
1906 2144 1999 2177 ainssy
2011 2151 2112 2169 comme
2126 2144 2196 2176 ceJ'e
2212 2150 2275 2169 vos-

411 2195 478 2221 sisse
501 2195 559 2220 (lire
581 2203 632 2229 que
648 2195 691 2228 luy
713 2195 848 2221 attribuer
863 2195 928 2221 celte
943 2196 1036 2230 loenye
1050 2195 1127 2221 estoit
1144 2195 1169 2221 la
1183 2195 1262 2228 faire
1277 2194 1377 2220 deesse.
1394 2194 1470 2220 Illud
1490 2201 1590 2220 revoco
1610 2195 1754 2227 tanquam
1770 2193 1875 2219 falsum
1897 2195 1925 2219 et
1947 2193 1977 2218 in
1998 2193 2056 2218 fide
2075 2199 2232 2218 erroneum
2248 2193 2278 2218 et

412 2244 528 2277 piarum
544 2244 662 2269 aurium
678 2244 824 2277 potissime
840 2244 1011 2270 devotarum
1027 2244 1138 2277 Virgini
1150 2243 1336 2270 ostensivum.

500 2293 572 2318 Item
593 2293 662 2321 dixi,
679 2293 784 2318 asserui
806 2294 834 2318 et
853 2293 996 2326 predicavi
1015 2292 1106 2326 quod,
1130 2293 1151 2318 si
1171 2293 1236 2326 quis
1251 2292 1355 2318 haheat
1370 2294 1507 2318 curatum
1523 2293 1623 2317 contra
1646 2299 1735 2325 quem
1758 2291 1877 2317 haberet
1892 2297 2043 2316 rancorem
2059 2290 2102 2315 vel
2117 2289 2198 2323 quod
2212 2296 2275 2315 cre—

411 2342 491 2367 deret
515 2349 583 2366 cum
606 2349 665 2367 non
689 2349 746 2367 esse
770 2342 929 2374 ydoneum.
952 2342 1032 2375 quod
1054 2342 1225 2367 auctoritate
1245 2341 1362 2374 propria
1383 2341 1424 2366 ire
1446 2342 1540 2374 posset
1555 2341 1590 2366 ad
1605 2340 1708 2369 alium.
1725 2341 1753 2366 et
1774 2339 1855 2373 quod
1876 2339 1981 2365 melius
1995 2340 2066 2364 esset
2081 2338 2277 2364 sacerdotibus

412 2389 620 2415 confitentibus
639 2390 668 2414 in
686 2390 800 2415 ccclesia
821 2390 916 2416 Sancti
933 2391 1030 2416 Jacobi
1045 2391 1080 2416 de
1095 2390 1277 2416 Carnificcria
1293 2389 1373 2423 quod
1389 2389 1465 2415 irent
1479 2389 1515 2415 ad
1531 2397 1707 2417 sermonem,
1724 2396 1814 2422 quam
1830 2388 1962 2414 confiteri
1979 2387 2043 2413 illos
2062 2395 2136 2420 quos
2151 2387 2275 2412 confite-

413 2438 521 2463 bantur
541 2438 571 2463 in
587 2438 661 2463 dicta
678 2439 803 2468 ecclesia.
820 2439 871 2465 ubi
887 2447 940 2472 ego
955 2440 1150 2472 predicabam.
1168 2439 1270 2472 Quoad
1285 2439 1314 2464 id
1330 2438 1410 2471 quod
1426 2438 1485 2464 dixi
1502 2438 1583 2471 quod
1599 2437 1771 2463 auctoritate
1788 2436 1905 2470 propria
1924 2436 1954 2461 in
1972 2436 2084 2462 casibus
2105 2435 2276 2469 supradictis

412 2487 452 2512 irc
468 2489 561 2520 potest
576 2487 610 2512 ad
627 2488 728 2516 alium.
745 2488 808 2513 dico
823 2488 904 2521 quod
919 2488 993 2514 illud
1007 2490 1049 2514 est
1064 2490 1272 2521 contempnere
1285 2489 1313 2513 et
1326 2487 1503 2521 vilipendere
1518 2487 1721 2512 auctoritatem
1745 2484 1909 2518 superioris,
1927 2485 1987 2510 sine
2002 2492 2133 2518 quorum
2157 2484 2276 2510 licencia

412 2535 443 2561 in
458 2536 563 2561 talibus
585 2537 635 2561 aut
659 2536 800 2562 similibus
819 2537 929 2562 casibus
950 2545 1011 2563 non
1031 2537 1098 2563 licet
1112 2537 1148 2563 ad
1163 2537 1255 2562 alium
1271 2537 1311 2563 ire
1324 2544 1330 2564 ;
1347 2538 1375 2562 et
1390 2543 1503 2570 expono
1518 2535 1598 2569 quod
1613 2535 1634 2561 si
1650 2535 1734 2560 vadat
1750 2534 1786 2560 ad
1801 2534 1969 2567 religiosum
1982 2541 2034 2566 per
2047 2541 2154 2567 papam
2168 2534 2197 2559 et
2211 2533 2274 2566 epi—

413 2591 534 2617 scopum
550 2584 662 2610 notorie
680 2585 885 2618 approbatum,
906 2586 979 2611 illud
994 2594 1055 2611 non
1069 2588 1111 2612 est
1125 2585 1296 2612 auctoritate
1310 2585 1437 2619 propria,
1454 2585 1502 2610 sed
1516 2584 1687 2610 auctoritate
1700 2583 1863 2616 superioris.
1879 2584 1913 2608 ut
1926 2582 2119 2616 premittitur.
2134 2582 2187 2608 sibi
2201 2589 2274 2608 con—

412 2640 495 2658 cessa.
518 2633 587 2658 Dico
608 2633 698 2659 eciam
716 2634 796 2666 quod
812 2642 863 2660 nec
884 2642 987 2660 rancor
1002 2642 1053 2661 nec
1072 2634 1226 2660 credulitas
1245 2634 1280 2659 de
1304 2641 1365 2659 non
1381 2633 1545 2666 ydoneitate
1560 2634 1629 2658 sunt
1649 2631 1824 2658 sufficientes
1844 2638 1927 2657 cause
1942 2631 1977 2657 de
1998 2631 2117 2656 vitando
2136 2632 2274 2661 curatum

413 2688 511 2710 suum.
529 2689 598 2714 ymo
611 2682 686 2707 male
701 2682 767 2707 facit
781 2682 908 2708 tenendo
922 2691 1073 2709 rancorem
1089 2685 1117 2709 et
1131 2682 1248 2716 propria
1262 2682 1433 2708 auctoritate
1448 2681 1592 2707 credendo
1607 2682 1744 2706 curatum
1760 2687 1821 2706 non
1835 2687 1893 2705 esse
1908 2679 2067 2712 ydoneum.

500 2731 573 2756 Item
595 2730 653 2755 dixi
668 2731 697 2756 et
715 2731 821 2756 asserui
837 2732 916 2764 quod
939 2732 1039 2758 fratres
1061 2732 1254 2757 Predicatores
1275 2732 1357 2757 erant
1372 2730 1464 2756 curati
1484 2731 1512 2756 et
1531 2737 1605 2763 papa
1627 2731 1655 2755 et
1674 2729 1833 2763 episcopus,
1851 2730 1879 2754 et
1899 2728 1979 2761 quod
1999 2729 2020 2754 si
2040 2728 2132 2754 curati
2154 2728 2273 2754 illorum

412 2786 540 2811 quorum
552 2779 703 2805 audierant
715 2780 914 2809 consessiones,
931 2781 1042 2806 nollent
1055 2780 1122 2813 ipsis
1134 2780 1299 2805 ministrare
1314 2778 1495 2805 eucaristiam
1511 2786 1545 2804 ex
1560 2786 1593 2804 eo
1608 2778 1687 2812 quod
1700 2778 1753 2811 ipsi
1769 2785 1829 2803 non
1844 2779 1937 2803 essent
1952 2777 2071 2803 confessi
2086 2777 2153 2810 ipsis
2167 2777 2274 2803 curatis

411 2834 461 2852 seu
478 2827 637 2853 commissis
651 2827 687 2853 ab
701 2828 778 2861 ipsis,
795 2828 874 2861 quod
887 2829 909 2853 si
923 2829 976 2862 ipsi
991 2829 1123 2855 venirent
1137 2829 1174 2854 ad
1188 2829 1263 2862 ipsos
1278 2828 1433 2860 religiosos,
1450 2827 1531 2860 quod
1546 2827 1598 2860 ipsi
1614 2827 1816 2852 ministrarent
1831 2826 1869 2852 eis
1884 2826 2078 2855 eucaristiam,
2095 2826 2163 2859 quia
2178 2825 2273 2859 majo-

413 2883 475 2901 rem
492 2877 663 2909 potestatem
679 2876 824 2902 habebant
840 2885 930 2910 quam
945 2878 1046 2903 curatii
1063 2878 1140 2903 Illud
1154 2884 1255 2903 revoco
1270 2878 1298 2903 et
1310 2876 1375 2902 dico
1390 2883 1437 2902 me
1453 2876 1520 2902 salse
1536 2877 1563 2901 et
1586 2876 1661 2902 male
1673 2875 1785 2903 dixisse,
1802 2875 1903 2901 fratres
1924 2874 2066 2900 Jacobitas
2085 2874 2201 2900 Ordinis
2216 2873 2273 2900 mei
