2488 3386
194 361 289 397 1379]
609 373 653 394 ΑΒ
688 373 793 394 ANNO
827 373 958 395 Mcch
991 374 1121 402 USQUE
1158 374 1205 395 AD
1241 375 1506 397 BENEDICTUM
1542 376 1632 397 Χιιι.
1989 368 2053 400 239

191 447 251 480 tati
268 447 523 481 Universitatis
539 446 647 479 simul
663 447 876 491 congregati
892 447 1021 487 etnam]
1039 459 1104 492 per
1118 454 1388 492 procuratorem
1408 449 1594 493 sepedicto
1612 450 1768 482 nationis
1786 462 1864 482 cum
1882 458 2055 495 protesta-

190 514 287 546 tione
309 513 407 558 quod
428 513 458 546 si
480 512 687 558 oppositum
709 519 957 553 attentaretur,
982 513 1025 545 (le
1049 513 1266 558 appellando
1288 526 1305 546 a
1327 515 1535 558 gravamine
1559 527 1622 560 per
1641 515 1708 548 hoc
1731 516 1867 548 nationi
1892 517 2052 561 predicte

190 587 224 613 et
240 580 441 625 suppositis
462 579 579 624 ipsius
601 578 713 611 illato.

279 647 394 691 Super
415 645 717 690 requisitionibus
738 645 840 678 sactis
863 657 926 690 per
948 646 1150 690 predictum
1174 647 1385 691 magistrum
1413 659 1481 691 que
1509 647 1598 680 tales
1620 655 1717 688 sunt,
1739 649 1836 692 quod
1864 661 1942 681 euni
1966 649 2053 682 alias

187 714 265 758 ipse
287 725 355 746 una
377 725 457 745 cum
478 712 558 745 aliis
580 712 724 745 nunciis
745 724 917 745 reversus
939 713 1055 745 fuerat
1070 713 1114 745 de
1136 713 1236 745 Nicia
1258 720 1291 746 et
1309 713 1510 754 Avenione,
1530 720 1565 746 et
1584 714 1620 746 in
1638 714 1782 747 natione
1805 715 1987 759 sepedicta
2008 716 2051 748 ad

187 779 253 812 hoc
280 779 481 812 solenniter
502 785 722 824 congregata
749 778 1028 824 supplicaverat,
1051 779 1222 824 quatinus
1252 780 1348 812 natio
1370 780 1480 813 vellet
1508 780 1625 825 ipsum
1654 788 1687 813 et
1713 781 1929 825 legationem
1951 794 2050 814 suam

186 846 318 879 habere
339 852 480 891 gratum
503 852 537 878 et
563 845 867 886 commendatum,
890 852 924 878 et
944 845 997 878 illi
1018 846 1085 878 suit
1104 846 1305 879 formaliter
1328 858 1558 887 eoncessum,
1583 854 1619 880 ut
1641 847 1811 892 superius
1833 847 1869 880 in
1892 849 2051 892 presenti

186 925 319 958 papyro
353 912 526 945 scribitur
553 923 559 944 :
587 912 684 945 natio
716 912 827 945 vellet
857 912 957 945 illius
992 913 1248 946 concessionis
1278 913 1331 945 illi
1362 913 1500 946 litteras
1534 914 1798 946 testimoniales
1828 914 1896 947 sub
1929 915 2052 959 sigillo

186 979 342 1012 nationis
364 979 579 1012 concedere.

275 1045 480 1079 Secundum
502 1045 581 1086 suit,
599 1045 696 1090 quod
717 1057 796 1078 cum
819 1045 916 1078 natio
938 1046 1099 1079 nondum
1120 1059 1138 1079 a
1160 1046 1253 1079 dicta
1274 1046 1456 1091 legatione
1477 1054 1707 1080 revocaverat
1730 1047 1847 1092 ipsum
1870 1059 1935 1079 nec
1954 1059 2053 1080 revo—

185 1119 251 1154 cat,
270 1112 367 1157 quod
388 1112 484 1145 natio
501 1111 611 1145 vellet
631 1111 683 1144 illi
705 1111 773 1145 sub
791 1112 914 1157 sigillo
936 1124 1003 1145 suo
1024 1113 1176 1154 litteras,
1195 1113 1293 1158 quod
1314 1125 1386 1145 non
1409 1125 1489 1146 euin
1512 1114 1695 1146 revocavit
1715 1126 1731 1146 a
1754 1114 1847 1146 dieta
1869 1114 2050 1159 legatione

184 1191 250 1212 nec
272 1186 429 1220 revocat,
453 1178 716 1212 testimoniales
737 1178 837 1212 illius
858 1179 1074 1221 concedere,
1098 1186 1133 1212 et
1152 1180 1220 1212 suit
1240 1180 1470 1212 concorditer
1491 1179 1534 1213 ab
1557 1180 1726 1213 omnibus
1748 1181 1945 1213 formaliter
1965 1193 2051 1213 con-

186 1257 345 1287 cessum,
364 1245 525 1290 exceptis
546 1245 742 1290 aliquibus,
762 1252 797 1278 et
813 1246 938 1291 paucis
960 1246 1180 1279 addentibus
1197 1246 1264 1279 hoc
1286 1246 1426 1279 scilicet
1447 1247 1545 1291 quod
1567 1254 1756 1292 antequam
1782 1248 1935 1292 prefatas
1957 1247 2050 1280 obti-

184 1319 298 1353 neret,
330 1312 511 1345 nationem
543 1312 696 1357 pecunie
727 1319 871 1357 recepte
903 1325 920 1345 a
953 1313 1155 1358 suppositis
1185 1314 1342 1346 nationis
1376 1326 1439 1358 pro
1470 1314 1654 1358 legatione
1682 1314 1845 1347 facienda
1875 1315 1910 1346 in
1946 1314 2049 1359 plena

183 1379 329 1412 natione
350 1378 394 1411 ad
415 1378 483 1411 hoc
505 1385 725 1424 congregata
744 1379 1002 1424 [indempnem]
1024 1380 1205 1421 redderet,
1224 1380 1281 1413 vel
1303 1380 1347 1413 de
1370 1380 1437 1413 hoc
1459 1380 1638 1421 faciendo,
1657 1381 1859 1413 cautionem
1882 1381 2047 1413 idoneam

183 1445 319 1478 nationi
342 1445 454 1479 daret.

272 1513 387 1557 Super
408 1512 514 1544 tertio
537 1518 683 1556 puncto,
713 1511 853 1545 scilicet
880 1524 944 1555 pro
967 1513 1121 1545 consilio
1143 1513 1240 1558 quod
1269 1514 1395 1558 petivit
1420 1521 1644 1558 procurator,
1668 1514 1853 1546 consuluit
1878 1514 1930 1546 illi
1954 1515 2049 1547 natio

183 1578 280 1623 quod
300 1585 432 1611 attenta
454 1578 718 1611 deliberatione
744 1579 901 1611 nationis
927 1579 1004 1624 ipse
1031 1592 1103 1612 non
1129 1580 1354 1613 consentiret
1382 1580 1418 1612 in
1449 1580 1558 1613 rotuli
1587 1580 1821 1625 sigillatione,
1844 1581 1901 1614 vel
1931 1581 2047 1625 quoad

183 1644 249 1678 hoc
266 1645 303 1677 in
320 1645 409 1678 ciste
425 1645 625 1690 apertione,
644 1645 715 1677 imo
733 1645 877 1690 quando
893 1653 1042 1679 vocatus
1060 1653 1170 1688 esset,
1189 1647 1256 1679 iret
1274 1647 1352 1680 sine
1370 1646 1546 1687 clavibus,
1566 1647 1727 1680 munitus
1746 1648 1885 1680 notario
1904 1647 2049 1692 publico

182 1718 217 1744 et
238 1711 406 1753 testibus,
430 1711 663 1756 protestando
686 1724 728 1744 ex
749 1719 848 1757 parte
870 1713 1027 1746 nationis
1049 1713 1092 1745 de
1119 1713 1334 1758 appellando
1358 1726 1375 1746 a
1403 1714 1625 1758 gravamine,
1654 1721 1687 1746 et
1714 1726 1799 1746 casu
1826 1726 1896 1758 quo
1924 1726 2050 1759 proce-

182 1778 329 1811 deretur
350 1778 393 1811 ad
414 1790 496 1811 sere
522 1778 746 1820 fractionem,
774 1779 898 1812 ²etiam
921 1792 938 1812 a
959 1779 1131 1813 violentia
1157 1792 1222 1825 per
1242 1780 1309 1813 hoc
1335 1781 1424 1813 saeta
1447 1781 1582 1813 nationi
1605 1781 1766 1825 predicte
1788 1788 1822 1813 et
1848 1781 2048 1825 suppositis

181 1845 297 1890 ipsius
318 1845 427 1878 illata.
450 1846 537 1878 Acta
557 1846 705 1878 fuerunt
725 1845 791 1878 hec
813 1846 946 1883 omnia,
964 1853 1002 1879 ut
1023 1847 1268 1891 preferuntur,
1292 1847 1526 1892 presentibus
1544 1847 1816 1880 venerabilibus
1833 1847 1920 1880 viris
1942 1848 2049 1892 magi-

181 1912 267 1944 stris
287 1911 450 1945 Johanne
472 1912 516 1944 de
544 1912 652 1953 Beke,
682 1919 822 1945 rectore
851 1919 933 1945 tunc
960 1913 1217 1946 Universitatis
1239 1914 1401 1958 predicte
1421 1914 1495 1958 (qui
1521 1914 1638 1946 statim
1666 1914 1950 1959 congregatione
1973 1926 2048 1958 pre-

181 1978 274 2011 dicta
295 1978 394 2011 finita
416 1978 615 2022 requisitus
636 1979 703 2011 suit
732 1991 796 2023 per
817 1986 1087 2024 procuratorem
1110 1992 1153 2012 ex
1179 1987 1278 2025 parte
1299 1981 1456 2013 nationis
1482 1981 1656 2025 predicte,
1681 1988 1716 2013 ut
1740 1993 1810 2013 non
1833 1981 2049 2025 procedatur

180 2045 224 2078 ad
246 2044 353 2077 rotuli
375 2044 658 2090 sigillationem),
676 2045 839 2078 Johanne
860 2047 1036 2087 Rousse³,
1054 2046 1217 2079 Johanne
1242 2047 1286 2079 de
1308 2048 1454 2087 Ponte&
1474 2047 1509 2079 in
1532 2047 1714 2092 theologia
1738 2047 1954 2080 baccalareis
1976 2048 2047 2079 sor-

181 2112 298 2152 matis,
325 2111 483 2144 Roberto
511 2111 555 2144 de
583 2113 772 2153 Racourt⁵,
799 2112 962 2145 Johanne
985 2113 1185 2154 Walkievfl,
1212 2113 1375 2146 Johanne
1408 2114 1452 2146 (le
1486 2114 1736 2159 Monstreings
1764 2115 1849 2157 (sic),
1883 2113 2046 2146 Johanne

180 2178 350 2219 Bardoul,
375 2178 538 2212 Gerardo
560 2178 605 2211 (le
626 2179 872 2220 Oesterwiic⁷,
901 2179 1080 2212 Rumoldo
1101 2181 1278 2221 XVeens'ss
1300 2180 1466 2215 XYaltero
1497 2181 1541 2213 de
1570 2181 1684 2222 Belle,
1708 2188 1739 2213 et
1771 2180 1937 2225 pluribus
1967 2180 2047 2213 aliis

180 2245 376 2290 magistris.

272 2343 395 2371 Bulaeus,
415 2343 456 2372 IV,
473 2344 526 2372 579,
541 2352 554 2367 e
571 2343 627 2367 Lib.
640 2350 718 2373 proc.
735 2347 794 2367 nat.
810 2344 925 2367 Picard.

273 2426 295 2449 ’1.
313 2427 348 2450 Ut
366 2435 396 2449 ex
413 2427 553 2451 Articulis
572 2428 769 2451 communibus
785 2427 854 2450 infru
874 2428 960 2450 rotulo
978 2427 1099 2451 Univers.
1116 2428 1242 2459 praefixis
1259 2431 1378 2459 apparet,
1394 2428 1442 2450 hoc
1460 2428 1563 2451 initium
1580 2432 1671 2459 postea
1688 2433 1817 2452 mutatum
1836 2432 1883 2452 est.
1900 2443 1930 2445 —
1949 2431 1971 2452 2.
1988 2429 2045 2451 Bul.

179 2470 239 2494 add.
257 2478 262 2493 z
281 2478 291 2493 t(
310 2474 335 2494 et
352 2479 373 2494 ».
397 2484 427 2488 —
451 2473 473 2495 3.
490 2474 536 2495 An.
560 2472 628 2501 1373,
648 2472 721 2499 Now,
739 2472 855 2503 primum
872 2481 979 2495 cursum
998 2472 1058 2495 fecit
1073 2472 1152 2501 (Bibl.
1170 2476 1224 2496 nat.
1248 2473 1332 2496 Paris.
1356 2481 1404 2496 ms.
1424 2473 1470 2496 lat.
1492 2474 1578 2502 56572,
1599 2474 1643 2496 fol.
1667 2475 1698 2502 8),
1720 2482 1762 2498 an.
1783 2474 1851 2502 1375,
1870 2474 1930 2496 Jun.
1951 2474 1972 2502 1,
1988 2482 2045 2496 ean.

179 2515 280 2543 Mox-im,
294 2515 319 2537 in
333 2515 412 2539 theol.
429 2524 522 2538 cursus
536 2524 597 2539 suos
612 2517 761 2547 complevit,
775 2520 800 2539 et
814 2517 883 2539 infra
894 2525 991 2539 annum
1004 2517 1101 2539 librum
1114 2518 1229 2540 Sentent.
1243 2518 1329 2548 legere
1342 2518 1481 2548 proposuit
1494 2518 1566 2548 (Reg.
1578 2519 1623 2540 Av.
1639 2518 1717 2548 Greg.
1731 2518 1772 2545 XI,
1788 2519 1839 2541 vol.
1854 2518 1939 2545 XXVI,
1953 2519 1970 2541 s.
1982 2519 2044 2546 339).

179 2560 226 2582 An.
243 2560 302 2582 1379
320 2568 330 2581 ι(
349 2560 480 2583 Johannes
503 2560 579 2584 Rusci
597 2562 655 2589 (ins.
670 2569 675 2583 2
694 2570 705 2583 «
720 2561 793 2584 Rusti
808 2563 839 2591 υ),
857 2561 1039 2584 cardinalitius
1057 2570 1067 2584 1>
1082 2561 1170 2584 licent.
1187 2565 1226 2584 est
1244 2561 1269 2584 in
1288 2562 1369 2585 theol.
1385 2570 1397 2584 e
1415 2562 1504 2586 Catccl.
1524 2562 1616 2586 licent.
1635 2562 1661 2584 ln
1679 2562 1838 2592 Chronique
1854 2564 1892 2586 clu
1906 2562 2045 2591 reliyieuae

179 2604 210 2627 de
227 2604 427 2634 Saint-Denys,
445 2605 464 2633 l,
483 2606 521 2633 86,
538 2605 571 2628 ad
586 2614 628 2628 un.
650 2606 707 2628 1381
729 2614 739 2628 <t
757 2606 890 2628 Johannes
912 2606 1006 2634 Rouce,
1028 2606 1059 2629 de
1082 2606 1266 2633 Abbatisvilla,
1286 2606 1311 2628 in
1330 2605 1446 2636 Collegit)
1465 2606 1566 2628 cardin.
1584 2606 1703 2629 Monaehi
1721 2616 1731 2628 »
1753 2610 1861 2629 vocatur
1880 2606 2043 2628 excellentis-

179 2647 261 2670 simus
279 2648 305 2670 in
320 2649 399 2672 theol.
415 2651 559 2680 professor.
575 2651 621 2673 An.
639 2650 698 2673 1375
718 2650 743 2672 in
764 2650 875 2681 collegio
895 2650 1030 2681 praedicto
1052 2650 1126 2681 prior
1149 2651 1205 2673 suit.
1231 2651 1306 2673 Circa
1333 2651 1398 2673 idem
1425 2653 1528 2681 tenipus
1552 2653 1602 2680 (an.
1628 2651 1696 2680 1:365)
1717 2651 1849 2673 ¹lohannes
1873 2651 1973 2673 llusehe
1990 2653 2043 2673 nat.

180 2692 278 2723 Anglic.
298 2693 324 2715 in
342 2693 443 2716 artibus
459 2694 643 2717 determinavit
658 2695 720 2723 (vid.
737 2697 855 2719 Auctctr.
873 2695 1012 2723 Chartul.,
1030 2696 1058 2724 I).
1074 2709 1103 2712 —
1118 2696 1140 2718 4.
1163 2695 1220 2718 Bul.
1239 2703 1243 2717 z
1262 2705 1274 2716 κ
1292 2695 1374 2718 Ponse
1394 2704 1415 2717 n.
1437 2695 1486 2717 Sed
1502 2695 1669 2726 quandonam
1686 2695 1711 2717 in
1730 2695 1809 2718 theol.
1824 2695 1972 2717 licentiatus
1989 2696 2045 2717 est?

179 2737 253 2760 Certe
268 2737 294 2759 in
310 2737 388 2760 theol.
402 2738 511 2762 studuit.
530 2739 584 2761 Vid.
600 2747 681 2770 supra
698 2744 725 2761 ιιο
741 2740 810 2767 1384,
826 2743 879 2762 not.
896 2741 918 2762 8.
936 2753 960 2756 -
976 2742 997 2763 5.
1011 2740 1086 2762 nuh:
1107 2749 1119 2760 «
1136 2739 1278 2763 Raincourt
1292 2749 1313 2762 ».
1332 2753 1358 2756 —
1375 2740 1397 2762 6.
1415 2739 1472 2762 Βυ1.
1489 2747 1493 2762 2
1513 2748 1523 2761 c(
1542 2739 1651 2762 Walrier
1664 2748 1683 2762 ιτ.
1702 2753 1728 2756 -
1744 2740 1764 2762 7,
1784 2739 1839 2761 llul.
1858 2747 1862 2760 1
1882 2748 1891 2760 α
1909 2739 2008 2769 Ostllye
2021 2747 2042 2760 ›1.

181 2781 236 2804 Vid.
254 2790 333 2812 supra
352 2787 380 2804 n⁰
397 2783 465 2808 1422,
482 2786 534 2806 not.
551 2784 575 2806 3.
593 2797 618 2800 —
636 2785 658 2806 8.
678 2783 734 2806 Bul.
754 2792 758 2806 :
780 2793 792 2805 α
806 2784 908 2807 Ubeens
924 2793 947 2807 n.
965 2784 1175 2813 Vid.ihid.‚110t.
1193 2785 1214 2807 1.
