2488 3386
450 361 513 395 680

1027 370 1347 392 CHARTULAMUM
1381 368 1571 391 UNIVERS.
1610 368 1738 390 PAMS.

445 491 504 513 1405
517 460 521 489 Ι

444 637 504 660 1406

444 738 503 761 1407

443 840 503 863 1408

444 943 504 965 1409

444 1000 504 1023 1410

443 1102 501 1125 1411

443 1164 503 1187 1412

444 1311 503 1333 1413

443 1413 503 1435 1414

444 1515 504 1538 1415

444 1578 504 1600 1416

444 1636 503 1658 1417

444 1737 504 1760 1418

444 1840 504 1863 1419

444 1943 503 1965 1420

444 2089 501 2112 1421

443 2147 502 2170 1422

444 2295 503 2317 1423

443 2353 503 2375 1424

444 2451 502 2473 1425

443 2509 503 2531 1426

442 2570 501 2593 1427

443 2633 502 2655 1428

442 2841 502 2865 1429

441 2899 503 2922 1430

578 489 644 515 1375
743 488 864 512 Octobris
881 489 910 511 26

601 649 626 652 -
721 634 884 666 Septembris
901 635 929 657 1-

734 666 884 689 Decembris
901 667 927 689 31

579 738 646 763 1376
741 736 861 759 Janunrii
877 736 903 758 21

599 855 628 858 —
761 838 858 869 Aprilis
874 839 888 861 3

598 956 629 959 —
773 940 845 963 Junii
863 940 872 963 1

598 1014 628 1017 —
730 997 892 1029 Septembris
905 998 919 1020 3

598 1115 628 1118 —
757 1099 830 1122 Junii
847 1100 888 1122 23-

741 1130 862 1154 Octobris
878 1131 908 1153 10

578 1163 645 1189 1377
765 1162 852 1185 Martii
869 1163 882 1184 7

599 1324 626 1328 -.
780 1308 841 1332 Maii
856 1309 870 1331 4

597 1426 627 1430 —
795 1411 872 1433 -16

598 1528 628 1532 --
755 1512 827 1536 ,lunii
845 1513 889 1535 23-

741 1544 862 1568 Oetubris
879 1544 907 1566 10

579 1576 646 1601 1378
771 1575 843 1599 Junii
861 1576 875 1598 6

600 1649 626 1653 -
794 1646 824 1651 —
863 1634 875 1656 7

598 1751 629 1754 —
734 1734 884 1758 Decembris
901 1735 929 1758 10

597 1852 629 1856 —
738 1837 859 1861 Octobris
875 1838 914 1860 10-

725 1869 875 1892 Decembris
892 1869 921 1892 16

578 1941 645 1968 1379
758 1939 845 1962 Martii
861 1940 890 1962 25

600 2102 624 2105 —-
764 2085 838 2109 Junii
854 2086 882 2108 23

598 2160 627 2163 -
744 2142 856 2174 Augusti
872 2143 901 2166 13

598 2307 627 2310 -
725 2289 888 2320 Septembris
905 2290 919 2312 4

598 2364 626 2367 -
801 2361 827 2364 -
906 2348 919 2370 7

597 2465 627 2468 -
741 2448 861 2471 Octobris
878 2449 906 2471 10

537 2509 689 2534 1378-1379
718 2506 873 2529 Novembris
889 2507 929 2529 14-

740 2537 860 2560 Octobris
877 2539 905 2560 28

599 2585 628 2588 -
719 2568 872 2591 Novembris
889 2569 929 2591 16-

742 2599 861 2622 Octobris
878 2601 906 2622 28

576 2632 643 2658 1379
740 2630 860 2653 Octobris
876 2632 905 2653 28

536 2716 682 2742 1378-1379
718 2714 871 2737 Novembris
888 2715 929 2737 17-

740 2745 861 2769 Octobris
877 2746 905 2767 28

959 489 1103 520 Gregorius
1120 489 1150 511 Xl
1171 488 1329 512 cancellario
1344 487 1429 511 Paris.
1446 487 1561 518 injungit
1583 490 1611 510 ut
1631 487 1777 510 Arnoldum
1797 487 1883 516 Grilli,
1900 487 1964 511 Ord.
1985 486 2058 514 Min„
2080 486 2107 509 in
2129 486 2227 509 scholis

989 533 1131 557 ordinariis
1155 533 1219 557 Ord.
1241 532 1326 556 Paris.
1349 532 1382 555 ad
1406 531 1532 562 legendas
1556 531 1704 554 Sententiae
1727 531 1843 563 deputet,
1866 531 1941 562 eique
1963 534 2055 562 postea
2079 530 2183 561 legendi
2203 533 2229 554 et

989 577 1098 608 regendi
1114 577 1210 608 ubique
1225 576 1359 600 licentiam
1375 576 1500 599 concedat
1518 591 2227 599 ............................
2273 576 2318 599 223

960 634 1097 666 Inquisitio
1114 634 1247 658 facultatis
1268 633 1348 657 theol.
1364 633 1450 657 Paris.
1466 633 1588 664 quisnam
1608 633 1708 656 librum
1723 633 1834 656 Marsilii
1856 633 1887 656 de
1903 633 1993 657 Padua
2013 636 2038 656 et
2052 632 2181 656 johannis
2197 632 2228 656 de

989 679 1110 702 Janduno
1126 679 1151 701 in
1167 679 1287 709 linguam
1303 678 1432 702 Gallicam
1450 677 1597 701 traduxerit
1599 693 2227 702 .........................
2272 678 2318 701 223

958 737 1141 759 Juramentum
1154 739 1179 759 et
1194 735 1339 767 praestatio
1353 735 1535 758 satisdationis
1550 735 1627 758 unius
1641 743 1654 758 e
1667 738 1780 766 quatuor
1793 734 1976 766 superioribus
1989 734 2108 757 librariis
2120 734 2230 758 Univer-

990 781 1076 804 sitatis
1092 780 1166 804 Paris
1184 794 2228 803 .........................................
2273 780 2318 803 227

959 839 1104 869 Gregorius
1120 838 1152 861 XI
1169 838 1202 861 ad
1217 837 1405 860 cancellarium
1420 837 1514 865 Paris„
1528 840 1557 860 ut
1570 837 1718 860 Johnnnem
1731 836 1763 860 de
1778 837 1939 864 Montesono,
1953 837 2016 861 Ord.
2030 836 2133 865 Praed„
2149 837 2229 868 depu-

989 886 1073 906 tatum
1088 891 1137 914 pro
1153 882 1264 913 legendo
1278 881 1402 909 Oxoniae,
1418 881 1444 904 in
1456 881 1633 905 Universitate
1649 881 1733 904 Paris.
1747 881 1780 904 ad
1796 881 1921 912 legendas
1934 881 2081 904 Sententiae
2097 880 2228 904 admittat.
2273 882 2319 905 229

959 940 1159 971 Assignationes
1175 940 1390 963 baccalareorum
1405 939 1468 963 Ord.
1481 939 1575 962 Praed.
1589 947 1638 970 pro
1653 939 1753 962 lectura
1769 939 1794 961 in
1809 939 1897 962 studio
1912 939 1986 962 Paris
1991 955 2227 963 ..........
2273 939 2319 963 229

959 998 1102 1029 Gregorius
1119 998 1151 1020 Xl
1167 998 1200 1020 ad
1215 997 1370 1028 episcopum
1387 997 1482 1025 Paris„
1497 1000 1525 1019 ut
1544 996 1662 1028 inquirat
1683 996 1715 1020 de
1737 998 1804 1020 facto
1820 996 1955 1020 Guillelmi
1977 996 2153 1024 Boudreville,
2168 996 2228 1020 offi-

989 1042 1065 1065 cialis
1081 1042 1175 1070 Paris„
1188 1045 1279 1065 contra
1292 1041 1473 1066 Guichardum
1489 1041 1637 1064 scholarem
1653 1041 1727 1064 Paris
1731 1057 2227 1066 ....................
2273 1042 2319 1064 230

958 1100 1115 1124 Guillelmus
1132 1100 1164 1123 de
1177 1099 1293 1124 Gardino
1308 1102 1394 1123 rector
1410 1099 1597 1123 Universitatis
1613 1099 1711 1122 electus
1727 1115 2227 1122 ....................
2272 1098 2317 1122 231

958 1158 1102 1189 Gregorius
1116 1158 1148 1180 XI
1163 1157 1196 1180 ad
1209 1157 1339 1180 Jacobum
1351 1157 1457 1187 Divitis¹
1471 1157 1607 1184 decanum,
1619 1156 1766 1180 Johnnnem
1779 1157 1810 1179 de
1821 1156 1922 1185 Calore,
1935 1156 2122 1179 cancellarium
2134 1155 2226 1183 Paris„

989 1206 1015 1225 et
1033 1202 1174 1225 officialem
1196 1202 1291 1229 Paris..
1313 1205 1342 1225 ut
1363 1201 1487 1224 abbatem
1510 1202 1536 1225 S.
1559 1201 1629 1224 Petri
1652 1201 1784 1225 Gandens.
1801 1201 1961 1232 compellant
1981 1200 2095 1224 Johanni
2110 1201 2141 1224 de
2156 1200 2228 1224 Atrio

989 1246 1141 1278 pensionem
1158 1246 1260 1269 solvere
1264 1262 1658 1270 ................
1668 1247 1672 1250 ’
1678 1261 2228 1270 ......................
2273 1245 2316 1268 231

958 1304 1117 1327 Deliberatio
1138 1303 1325 1327 Universitatis
1348 1303 1433 1327 Paris.
1454 1306 1479 1326 et
1501 1306 1555 1327 nat.
1578 1303 1682 1326 Picard.
1698 1303 1729 1326 de
1743 1302 1936 1326 contributione
1952 1311 2001 1334 pro
2015 1304 2082 1326 facto
2097 1302 2228 1326 communi

989 1348 1175 1372 Universitatis
1180 1363 2228 1372 .........................................
2273 1347 2319 1371 232

958 1406 1040 1429 Adam
1054 1406 1140 1429 dictus
1155 1405 1283 1437 Aghnthe,
1300 1414 1371 1436 mag.
1383 1405 1477 1433 Paris.,
1491 1408 1603 1428 testatur
1619 1413 1646 1428 se
1661 1404 1793 1436 recepisse
1803 1413 1818 1428 u
1833 1408 1934 1428 rectore
1947 1404 2229 1436 Universit.quasdam

989 1459 1030 1474 res
1046 1450 1207 1482 pertinentes
1223 1450 1256 1473 ad
1269 1450 1400 1473 Andream
1416 1450 1447 1472 de
1463 1449 1604 1478 Florentia,
1622 1450 1717 1472 decret.
1735 1450 1868 1472 doctorem
1885 1466 2227 1473 ..............
2273 1449 2319 1472 233

959 1508 1064 1532 ulricus
1081 1508 1112 1531 de
1128 1507 1283 1531 Constantia
1296 1510 1382 1531 rector
1399 1507 1587 1531 Universitatis
1605 1507 1703 1530 electus
1707 1522 2228 1531 .....................
2273 1507 2319 1530 233

959 1570 1158 1601 Assignntiones
1174 1570 1389 1593 baccalareorum
1403 1569 1466 1593 Ord.
1484 1569 1576 1593 Praed.
1590 1577 1640 1600 pro
1655 1569 1756 1592 lectura
1768 1569 1795 1592 in
1810 1569 1897 1592 studio
1913 1569 1987 1593 Paris
1991 1585 2228 1592 ..........
2273 1569 2319 1592 234

958 1629 1088 1651 walterus
1102 1628 1134 1651 de
1150 1628 1209 1651 Delf
1226 1630 1339 1651 testatur
1354 1635 1382 1650 se
1397 1627 1529 1658 recepisse
1544 1627 1687 1658 quamdam
1702 1635 1833 1650 summum
1845 1635 1894 1658 pro
1910 1626 2022 1650 Henrico
2037 1626 2069 1650 de
2084 1626 2181 1650 Thenis
2196 1626 2228 1649 ad

990 1672 1096 1696 Curiam
1113 1672 1194 1695 misso
1214 1687 2228 1695 ........................................
2273 1670 2319 1694 234

959 1731 1078 1754 Clemens
1091 1731 1137 1753 Vll
1152 1730 1185 1753 ad
1201 1730 1389 1753 cancellarium
1404 1729 1499 1756 Paris..
1516 1732 1544 1753 ut
1566 1729 1706 1760 Radulpho
1727 1729 1759 1752 de
1781 1729 1928 1758 Bonavissa,
1942 1728 2006 1753 Ord.
2022 1729 2126 1758 Prned„
2142 1728 2230 1759 magi-

989 1775 1099 1798 sterium
1115 1775 1141 1797 in
1154 1775 1234 1798 theol.
1248 1776 1366 1797 conferat
1368 1789 2227 1798 ..................................
2273 1773 2319 1797 235

959 1833 1057 1856 Eleetio
1078 1832 1188 1855 rectoris
1204 1832 1401 1856 Universitatis.
1418 1832 1454 1855 De
1475 1832 1561 1855 rotulo
1584 1831 1617 1854 ad
1639 1831 1776 1855 Urbanum
1789 1832 1823 1854 VI
1837 1831 1928 1854 misso.
1945 1831 1998 1854 Pax
2012 1831 2080 1854 inter
2093 1830 2229 1855 Universi-

989 1881 1069 1900 tatem
1083 1881 1108 1900 et
1120 1877 1274 1908 episcopum
1287 1877 1396 1908 ejusque
1407 1876 1546 1899 officialem
1551 1891 2227 1900 ...........................
2273 1875 2318 1899 235

959 1935 1078 1958 Clemens
1092 1935 1137 1958 vll
1154 1935 1310 1963 Bertrando,
1323 1934 1405 1966 episc.
1419 1934 1545 1962 Ostiensi,
1562 1937 1590 1957 ut
1605 1934 1725 1957 Mathaeo
1740 1934 1772 1956 de
1787 1933 1891 1963 Crema,
1903 1933 1966 1957 Ord.
1982 1933 2054 1961 Min„
2070 1941 2118 1964 per
2130 1932 2228 1956 Johan-

989 1987 1048 2002 nem
1065 1979 1223 2002 Blanchardi
1243 1982 1268 2002 et
1290 1979 1474 2010 Raymundum
1489 1979 1521 2002 de
1544 1978 1617 2001 Bona
1638 1978 1794 2006 examinato,
1818 1977 2001 2009 magisterium
2022 1977 2049 2000 in
2070 1977 2149 2003 theol,
2165 1985 2228 2000 con-

991 2025 1057 2047 ferat
1060 2038 2227 2048 ..............................................
2272 2022 2319 2045 236

958 2081 1091 2104 johannes
1108 2081 1138 2104 de
1154 2081 1223 2104 Beke
1239 2084 1324 2104 rector
1340 2080 1526 2104 Universitatis
1543 2080 1640 2103 electus
1655 2096 2227 2104 .......................
2272 2079 2319 2103 236

959 2139 1096 2162 Decretum
1112 2142 1166 2162 nat.
1182 2138 1295 2166 Picard.‚
1313 2147 1364 2170 quo
1381 2138 1517 2169 magistris
1536 2141 1561 2161 et
1576 2137 1743 2161 scholaribus
1757 2138 1788 2160 de
1804 2137 1927 2160 Maclinia
1942 2137 2061 2160 oriundis
2077 2136 2228 2160 conceditur

989 2183 1094 2206 licentia
1117 2183 1166 2206 suh
1187 2183 1276 2214 sigillo
1303 2183 1417 2206 nationis
1437 2186 1624 2214 procuratores
1643 2182 1820 2205 constituendi
1840 2182 1873 2205 ad
1895 2181 2089 2213 disponendum
2107 2181 2227 2205 redditus

989 2227 1127 2258 eujusdam
1143 2227 1307 2258 capellaniae
1323 2227 1421 2250 ibidem
1438 2227 1562 2250 fundatae
1573 2242 2226 2250 ..........................
2270 2226 2316 2249 237

958 2284 1077 2308 Clemens
1091 2286 1136 2308 Vll
1150 2285 1232 2308 Yvoni
1248 2285 1279 2308 de
1293 2285 1451 2313 Lamaderii,
1466 2285 1529 2308 Ord.
1542 2285 1665 2313 Carmel„
1679 2284 1806 2312 concedit,
1820 2287 1849 2307 ut
1864 2283 1973 2307 Parisiis
1987 2283 2134 2307 Sententias
2146 2283 2225 2314 legat.
2271 2284 2316 2306 238

958 2343 1116 2365 Deliberatio
1133 2346 1185 2366 nat.
1200 2343 1314 2372 Picard.,
1331 2351 1362 2366 ne
1377 2343 1537 2374 procedatur
1550 2351 1564 2365 a
1580 2346 1680 2365 rectore
1696 2342 1729 2365 ud
1745 2341 1934 2373 sigillationem
1947 2341 2027 2364 rotuli
2041 2340 2226 2364 Universitatis

988 2387 1021 2409 ad
1037 2387 1196 2410 Clementem
1209 2388 1253 2410 Vll
1268 2387 1388 2410 mittendi
1404 2395 1540 2418 quousque
1556 2390 1636 2418 caput
1651 2390 1676 2410 et
1690 2386 1796 2409 articuli
1811 2394 1963 2409 communes
1978 2385 2039 2409 lecti
2055 2385 2152 2408 fuerint
2167 2403 2172 2408 .
2193 2403 2198 2408 .
2220 2403 2224 2408 .
2271 2385 2317 2408 238

957 2445 1090 2467 Johannes
1106 2445 1137 2467 de
1154 2445 1284 2468 Roncuria
1300 2449 1386 2468 rector
1399 2444 1587 2468 Universitatis
1603 2444 1701 2467 electus
1706 2459 2225 2467 .....................
2271 2443 2316 2466 240

959 2502 1068 2525 Rotulus
1085 2502 1240 2525 nunciorum
1257 2502 1444 2526 Universitatis
1461 2502 1618 2526 parisiensis
1634 2502 1666 2524 ad
1685 2502 1844 2525 Clementem
1859 2501 1905 2524 Vl!
1909 2517 2224 2525 .............
2271 2500 2316 2523 240

1004 2578 1031 2581 -
1085 2564 1240 2587 nunciorum
1257 2565 1399 2587 scolarium
1416 2564 1604 2588 Universitatis
1619 2564 1751 2587 Parisinus
1755 2579 2224 2587 ...................
2270 2562 2315 2585 241

959 2626 1068 2649 Articuli
1083 2635 1233 2650 communes
1248 2627 1281 2649 ad
1296 2627 1456 2650 Clementem
1470 2627 1515 2650 Vll
1533 2626 1608 2649 missi
1625 2641 2224 2650 ........................
2269 2624 2316 2647 243

1319 2711 1444 2735 Botulus
1465 2709 1660 2735 Universitatis
1676 2708 1860 2734 Parisiensis.

1438 2769 1551 2793 (Continet
1563 2770 1597 2788 n⁰¹
1610 2768 1711 2788 1429-143
1715 2768 1743 2791 7.)

597 2854 627 2857 —-
719 2855 928 2861 .........
960 2838 1171 2868 Supplicationes
1185 2838 1375 2869 magistrorum
1390 2839 1417 2862 in
1434 2839 1558 2862 facultate
1571 2838 1719 2869 theologiae
1733 2838 1766 2860 ad
1780 2837 1939 2861 Clementem
1954 2837 1997 2860 Vll
2010 2853 2222 2862 .........
2268 2836 2315 2860 247

596 2910 626 2914 —
719 2908 728 2919 .*
743 2912 927 2919 ........
958 2895 1170 2925 Supplicationes
1187 2896 1375 2927 magistrorum
1398 2897 1424 2920 in
1445 2897 1569 2920 facultate
1585 2895 1733 2927 theologiae
1748 2904 1799 2918 non
1816 2895 1963 2926 regentium
1977 2895 2009 2919 de
2023 2894 2170 2926 praesenti.
2189 2911 2196 2918 .
2215 2911 2222 2918 .
2269 2894 2315 2917 248
