2488 3386
465 312 507 343 58
1044 319 1362 342 anaTULAmUM
1396 319 1585 341 nmvssas.
1624 318 1749 340 mats.
2228 304 2327 340 [1358

466 406 534 439 que
557 405 620 438 per
641 393 729 426 tales
749 394 979 426 attractiones
996 394 1047 426 sic
1068 394 1177 426 factas
1194 392 1332 425 nullum
1349 392 1455 425 alicui
1473 392 1647 425 dictarum
1666 391 1849 424 nationum
1868 390 2108 435 prejudicium
2126 389 2326 435 quomodo-'

466 460 554 492 libet
574 460 706 504 poterit
725 466 785 492 aut
805 459 933 492 debeat
953 459 1120 504 generari
1141 455 1234 491 circa
1256 459 1525 491 distinctionem
1543 458 1752 503 predictam.
1774 458 1815 489 Et
1830 457 1981 501 insuper
1996 456 2115 494 omnia
2132 462 2167 489 et
2182 455 2326 502 singula

465 526 650 571 supposita
673 526 717 558 ad
738 525 892 570 aliquem
914 526 1064 570 gradum
1088 526 1256 558 decetero
1278 525 1314 557 in
1341 525 1459 569 aliqua
1488 524 1728 569 predictarum
1751 523 1936 556 nationum
1965 523 2211 567 promovenda
2226 523 2326 567 jura-

465 592 568 634 bunt,
590 592 817 637 supradictos
843 592 988 624 niodum
1016 598 1051 624 et
1075 592 1224 624 formam
1247 591 1493 624 distinctionis
1522 590 1646 623 finium
1673 602 1712 623 ac
1740 589 1893 622 limitum
1922 589 2167 634 predictorum
2198 588 2326 622 obser·

463 671 546 692 vare
567 658 825 692 inviolabiliter
847 665 881 691 et
897 665 1033 699 tenere,
1057 670 1122 690 nec
1144 664 1267 690 contra
1289 669 1352 690 eos
1373 657 1576 701 aliqualiter
1596 657 1714 689 facere
1735 656 1793 689 vel
1812 656 1949 689 venire.

554 726 595 757 Et
625 732 663 757 ut
692 724 868 769 premissa
894 724 1013 757 omnia
1043 731 1077 757 et
1105 723 1249 768 singula
1279 730 1454 768 perpetuo
1486 723 1597 756 robur
1620 722 1806 755 obtineant
1830 722 2023 763 firmitatis,
2046 734 2111 755 nec
2139 721 2183 755 ab
2203 722 2324 767 aliquo

463 790 737 836 quomodolibet
757 790 906 835 infringi
927 790 1068 823 valeant
1089 790 1278 822 temerarie
1298 789 1355 822 vel
1383 789 1523 829 dolose,
1548 789 1730 834 predictos
1752 788 1899 821 modum
1924 795 1958 821 et
1982 788 2131 821 formam
2154 788 2321 829 limitum,

462 855 710 893 terminorum,
734 854 857 886 finium
884 861 919 886 et
947 854 1220 886 distinctionum
1250 853 1509 898 predictorum,
1539 865 1682 886 necnon
1710 853 1974 885 ordinationem
2001 859 2036 885 et
2056 852 2175 885 omnia
2200 852 2267 885 alia
2288 858 2324 886 et

462 921 605 966 singula
625 920 829 965 supradicta
851 920 985 964 prefate
1010 920 1174 952 nationes
1196 926 1230 952 et
1250 931 1371 952 earum
1394 926 1648 964 procuratores
1670 919 1816 951 nomine
1838 931 1909 963 quo
1931 930 2040 963 supra
2062 930 2125 963 per
2145 930 2202 951 me
2223 925 2324 952 nota-

461 987 551 1019 rium
572 986 754 1019 conscribi
776 986 931 1018 fideliter
952 986 1145 1030 petierunt,
1168 992 1203 1018 et
1223 986 1259 1017 in
1281 985 1423 1030 publica
1449 985 1566 1030 redigi
1588 986 1822 1026 munimenta,
1846 997 1989 1018 necnon
2014 985 2149 1030 sigillis
2170 985 2324 1019 Univer-

460 1053 588 1093 sitatis,
620 1053 803 1085 nationum
833 1052 1017 1085 Gallicane
1046 1058 1080 1084 et
1107 1053 1369 1084 Normanorunl
1402 1063 1553 1084 unacum
1588 1051 1723 1097 sigillis
1752 1052 1911 1096 ipsarum
1940 1052 2127 1084 nationum
2158 1051 2322 1084 Picardie

460 1125 494 1151 et
514 1118 749 1163 Anglicorum
772 1117 902 1150 robore
925 1117 1055 1149 muniri
1076 1117 1112 1149 in
1134 1117 1380 1150 testimonium
1403 1118 1679 1162 premissorum,
1697 1117 1867 1151 omnibus
1884 1104 1921 1150 in
1939 1118 2128 1163 premissis
2145 1125 2175 1151 et
2196 1129 2321 1151 eorum

458 1184 639 1229 aliquibus
669 1190 704 1216 et
735 1183 891 1228 singulis
919 1183 1015 1224 dolo,
1047 1183 1172 1216 fraude
1201 1190 1235 1216 et
1262 1183 1489 1216 cavillatione
1517 1184 1746 1217 cessantibus
1776 1185 1921 1229 penitus
1951 1191 1987 1218 et
2015 1184 2186 1217 exclusis.
2217 1183 2321 1217 Salvo

458 1258 574 1284 tamen
594 1250 630 1282 in
651 1249 820 1282 omnibus
842 1256 876 1282 et
897 1261 960 1294 per
980 1250 1098 1282 omnia
1114 1250 1197 1294 jure
1222 1249 1371 1283 aliarum
1399 1251 1597 1292 nationum,
1620 1251 1807 1284 Gallicane
1828 1251 1969 1284 scilicet
1988 1258 2024 1284 et
2043 1252 2320 1284 Normanorum.

545 1317 657 1359 Quam
688 1316 834 1360 quidem
869 1316 1133 1348 ordinationem
1165 1322 1200 1349 et
1227 1316 1350 1349 finium
1382 1329 1421 1349 ac
1448 1317 1602 1350 limitum
1634 1317 1905 1351 distinctionem
1943 1318 2029 1350 dicti
2065 1323 2322 1363 procuratores

457 1382 665 1416 nominibus
697 1382 830 1427 quibus
859 1394 979 1426 supra,
1009 1382 1088 1414 loco
1117 1389 1149 1415 et
1177 1382 1234 1415 die
1261 1382 1394 1427 quibus
1421 1395 1542 1428 supra,
1566 1384 1602 1416 in
1629 1384 1721 1417 dicta
1750 1384 1994 1417 Universitate
2024 1384 2323 1429 supplicaverunt

455 1449 658 1494 approbari,
691 1448 889 1493 emologari
918 1455 953 1480 et
979 1448 1183 1481 confirmari
1214 1456 1362 1493 propter
1391 1450 1521 1483 melius
1552 1450 1588 1482 in
1616 1451 1788 1483 futurum.
1821 1451 1899 1493 Que
1926 1451 2072 1495 quidem
2104 1450 2321 1495 supplicatio

455 1515 685 1548 concorditer
706 1521 741 1547 et
760 1515 977 1547 unanimiter
998 1526 1062 1559 per
1087 1527 1213 1547 omnes
1234 1515 1434 1557 facultates,
1458 1516 1641 1561 theologie
1663 1517 1845 1558 videlicet,
1874 1517 2118 1558 decretorum,
2141 1517 2320 1550 medicine

454 1588 488 1614 et
508 1582 635 1614 artium
656 1581 722 1613 suit
738 1593 925 1621 concessa,
944 1581 1040 1613 nulla
1058 1581 1232 1614 dictarum
1249 1582 1455 1615 facultatum
1473 1584 1617 1628 penitus
1635 1583 1878 1628 discrepante.
1897 1584 2152 1618 Concedentes
2169 1583 2321 1629 insuper

456 1648 553 1693 qnod
585 1654 774 1692 presentes
802 1647 919 1679 littere
951 1647 1073 1692 sigillo
1105 1647 1198 1680 dicte
1226 1649 1480 1682 Universitatis
1510 1662 1641 1694 magno
1677 1650 1928 1695 sigillarentur
1963 1657 2111 1695 propter
2145 1656 2320 1695 perpetue

455 1714 552 1759 pacis
573 1713 789 1754 firmitatem,
813 1720 845 1745 et
868 1713 978 1746 totius
1004 1714 1186 1746 materiam
1216 1714 1398 1747 discordie
1429 1717 1697 1757 removendam,
1731 1724 1838 1762 prout
1867 1717 1903 1749 in
1932 1716 2218 1762 subscriptione,
2249 1728 2320 1761 que

454 1781 505 1813 sic
526 1780 651 1824 incipit
674 1791 681 1812 ε
703 1780 780 1812 Nos
805 1785 924 1813 rector
948 1785 980 1813 et
1006 1780 1221 1813 universitas
1245 1782 1521 1826 magistrorum,
1542 1789 1622 1824 εἷα,
1645 1783 1791 1828 plenius
1817 1784 2037 1817 continetur.
2060 1784 2148 1816 Acta
2172 1783 2321 1816 fuerunt

453 1846 518 1879 hec
549 1858 657 1886 anno,
688 1857 825 1886 mense,
866 1846 937 1886 die,
969 1845 1063 1886 loco,
1099 1846 1308 1888 indictione,
1339 1849 1561 1892 pontificatu,
1593 1850 1727 1894 quibus
1758 1862 1880 1895 supra,
1912 1849 2149 1895 presentibus
2177 1849 2222 1882 ad
2250 1848 2318 1882 hec

452 1911 728 1945 honorabilibus
750 1918 785 1944 et
804 1912 973 1944 discretis
994 1912 1081 1945 viris
1103 1912 1259 1946 dominis
1280 1920 1315 1946 et
1335 1915 1518 1959 magistris
1542 1917 1803 1961 Hengerenno⁰
1826 1917 1871 1950 de
1894 1918 2090 1961 Fresneyo,
2109 1915 2317 1950 Christiano

452 1979 496 2011 de
519 1979 553 2011 S.
576 1978 781 2011 Audomaro
803 1978 839 2010 in
861 1978 1055 2023 theologia,
1077 1979 1251 2012 Herberto
1276 1981 1319 2013 de
1345 1982 1547 2015 Sarcellis¹⁰
1569 1983 1605 2015 in
1627 1983 1799 2024 decretis,
1815 1983 1980 2016 Johanne
2002 1983 2098 2016 dicto
2120 1981 2316 2024 Marem-el,
2354 1989 2357 1992 ’

454 2045 629 2079 Gervasio
652 2044 848 2078 Christiani
869 2045 904 2076 in
927 2045 1115 2085 medicina,
1132 2045 1294 2079 Johanne
1316 2048 1524 2090 Buridan¹¹,
1548 2050 1695 2083 Nicolao
1717 2050 1761 2083 de
1783 2050 1997 2090 Suessione,
2021 2044 2179 2082 Robe‘rto
2195 2048 2318 2082 Gode-

453 2111 548 2149 sridi,
579 2110 727 2143 Alberto
760 2110 803 2142 de
835 2111 986 2143 Saxonia
1014 2111 1050 2142 in
1079 2111 1229 2153 artibus,
1259 2120 1294 2146 et
1323 2113 1490 2158 pluribus
1520 2116 1600 2149 aliis
1627 2116 1697 2149 fide
1732 2117 1854 2161 dignis
1882 2115 2037 2149 testibus
2063 2115 2107 2148 ad
2138 2115 2315 2160 premissa

454 2177 589 2211 vocatis
611 2176 816 2221 specialiter
836 2183 871 2209 et
891 2177 1039 2221 rogatis.

545 2244 587 2275 Et
617 2254 683 2275 nos
713 2249 830 2275 rector
860 2249 894 2275 et
923 2244 1140 2277 universitas
1174 2246 1429 2290 magistrorum
1460 2255 1495 2281 et
1524 2249 1716 2282 scolarium
1746 2250 1906 2282 Parisius
1939 2248 2163 2282 studentium
2190 2259 2317 2292 supra—

456 2310 583 2343 dictam
615 2309 876 2341 ordinationem
905 2316 940 2341 et
963 2309 1115 2342 limitum
1143 2323 1206 2343 seu
1235 2312 1359 2345 finium
1389 2314 1658 2348 distinctionem
1681 2328 1744 2361 per
1766 2323 1976 2349 tractatores
2002 2314 2173 2360 superius
2201 2313 2317 2346 nomi-

456 2383 558 2409 natos
578 2375 703 2407 factam
725 2381 759 2407 et
779 2375 981 2408 distinctam
1005 2376 1234 2418 ratificamus,
1256 2380 1498 2424 approbamus
1520 2388 1554 2414 et
1575 2389 1724 2427 propter
1749 2389 1922 2427 perpetue
1944 2382 2042 2427 pacis
2063 2381 2200 2413 bonum
2221 2380 2316 2413 inter

456 2443 568 2475 dictas
589 2442 753 2473 nationes
779 2448 813 2473 et
837 2442 873 2473 in
904 2449 1025 2474 nostra
1056 2444 1297 2478 Universitate
1328 2446 1533 2480 habendum
1560 2455 1595 2481 et
1624 2448 1891 2482 observandum
1922 2448 2186 2492 omologamus.
2210 2447 2254 2479 Et
2277 2452 2317 2479 ut

455 2509 583 2542 melius
605 2514 640 2540 et
660 2507 854 2552 perfectius
880 2507 1023 2541 roboris
1050 2509 1250 2542 firmitatem
1278 2512 1475 2555 obtineant,
1503 2514 1547 2547 ad
1575 2515 1752 2547 dictorum
1780 2521 2054 2560 procuratorum
2082 2512 2316 2558 supplicatio-

455 2587 535 2608 nem
557 2573 765 2606 nominibus
786 2573 918 2618 quibus
940 2586 1048 2619 supra
1065 2582 1120 2608 est
1140 2583 1174 2608 et
1194 2577 1261 2609 suit
1281 2579 1535 2623 supplicatum,
1553 2581 1786 2625 presentibus
1807 2581 1939 2614 litteris
1960 2591 2129 2624 magnum
2152 2578 2315 2624 sigillum

455 2648 579 2674 nostre
611 2640 865 2673 Universitatis
899 2641 1078 2674 antedicte
1120 2654 1269 2675 unacum
1301 2645 1434 2689 sigillis
1468 2647 1642 2679 dictarum
1678 2648 1879 2688 nationum,
1908 2647 2060 2679 duarum
2090 2644 2314 2679 Gallicorum

453 2707 623 2742 videlicet
643 2713 677 2739 et
696 2707 972 2748 Nor-manorum,
995 2714 1030 2739 et
1050 2708 1155 2752 signo
1177 2716 1212 2742 et
1231 2710 1500 2756 subscriptione
1521 2713 1657 2758 publici
1680 2713 1886 2746 tabellionis
1908 2711 2128 2757 infrascripti
2145 2711 2314 2744 duximus

451 2772 718 2819 apponendum.

541 2841 584 2872 Et
603 2850 672 2884 ego
690 2838 883 2872 Oudardus
906 2839 1037 2880 Billeti,
1056 2840 1210 2874 clericus
1228 2843 1507 2879 Suessionensis
1524 2846 1696 2887 diocesis,
1714 2846 1882 2891 publicus
1902 2845 2113 2878 auctoritate
2134 2842 2312 2889 imperiali

572 2898 596 2920 8.
