2488 3386
450 357 514 390 298
1027 358 1343 383 CHARTULARNJM
1379 356 1568 379 UNIVERS.
1606 354 1734 376 PARIS.
2215 339 2313 375 [1380

541 439 666 482 Quoad
688 437 916 471 statuendum
940 436 983 468 de
1014 434 1123 468 scolis
1152 433 1250 466 dedit
1280 432 1375 464 natio
1398 431 1588 474 deputatos
1615 428 1658 461 ad
1680 427 1897 461 visitandum
1929 426 2060 458 librum
2092 426 2248 458 nationis
2279 432 2314 459 et

455 505 711 552 procuratoris„
734 511 769 536 et
789 502 965 548 quidquid
992 501 1217 534 inveniretur
1238 498 1338 538 boni,
1361 502 1557 541 poneretur
1580 495 1616 527 in
1645 506 1713 527 una
1740 493 1880 535 cedula,
1909 492 2049 526 scilicet
2074 492 2171 537 quod
2200 492 2315 537 possit

455 580 601 617 tangere
632 570 896 604 ordinationem
927 568 1103 600 scolarum
1139 566 1215 599 sive
1243 570 1385 603 statuta,
1416 569 1450 594 et
1482 561 1660 606 quidquid
1690 560 1916 594 inveniretur
1943 559 2039 600 mali,
2069 559 2173 591 etiam
2200 565 2315 592 extra-

453 639 599 671 heretur
624 638 660 670 in
688 648 755 669 una
784 634 922 675 cedula,
946 641 979 666 et
1007 634 1110 666 etiam
1139 638 1327 665 vocaretur
1356 629 1450 661 natio
1479 627 1522 660 ad
1553 627 1796 668 statuendum,
1827 627 1857 659 si
1889 638 1981 671 opus
2009 631 2119 666 esset,
2148 631 2183 657 et
2209 625 2312 658 etiam

453 704 742 737 destatuendum.

544 815 665 843 Bulaeus,
683 814 723 842 lv,
739 814 792 838 903,
808 819 820 834 e
834 812 892 834 Lib.
906 817 982 840 proc.
999 814 1058 834 νιαι.
1078 808 1176 833 Gallie.

549 913 566 935 l.
587 912 758 934 Procuratore
775 910 807 932 ab
828 917 868 932 un.
888 908 955 937 1380,
973 906 1096 930 Novemb.
1121 906 1157 928 19.
1177 905 1275 928 Liceut.
1290 907 1330 927 est
1347 912 1390 928 an.
1414 904 1482 930 1374,
1498 906 1523 926 et
1538 910 1580 926 un.
1598 903 1665 930 1375,
1683 902 1765 933 April.
1788 902 1809 930 7,
1828 901 1915 932 primo
1930 903 2087 932 procurator
2103 899 2159 923 tuit.
2175 913 2206 917 —
2221 900 2243 922 2.
2263 900 2313 922 Seu

451 967 462 977 ι(
479 956 580 979 mcralli
594 965 615 983 υ,
635 959 756 982 tesserae,
775 962 840 984 quae
859 952 883 975 in
900 951 1020 983 pluribus
1036 949 1153 973 ccelesiis
1172 948 1304 971 canonicis
1325 948 1437 979 aliisque
1459 946 1590 970 dabuntur
1606 946 1631 969 in
1651 945 1817 977 praesentiae
1831 945 1945 976 siguum.
1964 944 2019 968 vid.
2036 943 2313 975 Ducange-Henschel,

453 1001 493 1028 lV,
506 1001 558 1023 365.

455 1175 594 1212 1457.
616 1182 758 1208 Joltarznes
773 1181 808 1207 de
823 1180 917 1206 Salice
933 1180 961 1205 in
974 1184 1109 1206 rectorem
1125 1179 1249 1214 eligitur.
1268 1177 1455 1213 Praepositas
1471 1177 1565 1202 Paris.
1585 1177 1666 1210 Hugo
1681 1175 1804 1201 Aubriot
1819 1175 2028 1200 incarceratus.

1498 1260 1572 1289 1380,
1588 1258 1734 1285 Decembris
1750 1258 1870 1287 15-7381,
1885 1257 1971 1283 Martii
1984 1256 2028 1283 24.

537 1350 641 1381 Anno
663 1348 807 1380 Domini
830 1348 927 1388 1380,
945 1346 1002 1379 die
1024 1346 1147 1390 quinta
1169 1345 1306 1378 decima
1329 1344 1465 1377 mensis
1487 1342 1713 1383 Decembris,
1733 1342 1906 1387 magister
1926 1340 2109 1374 Johannes
2130 1339 2174 1372 de
2197 1338 2312 1372 Salice

450 1416 493 1448 de
515 1416 685 1448 Miteraeo
706 1414 773 1446 suit
792 1413 929 1446 electus
951 1413 987 1444 in
1010 1418 1198 1444 rectorem.
1223 1413 1266 1444 Et
1290 1408 1451 1455 tempore
1481 1409 1635 1442 rectorie
1664 1410 1768 1453 Hugo
1790 1407 1946 1440 Aubriot
1973 1406 2077 1439 miles
2106 1405 2314 1451 prepositus

450 1482 665 1515 parisiensis
686 1481 753 1513 fuit
778 1479 1038 1512 incarcerata&
1068 1478 1228 1511 Parisius
1256 1478 1292 1510 in
1313 1477 1412 1510 curia
1440 1475 1638 1521 episcopali
1669 1487 1734 1520 per
1754 1474 1938 1508 dominum
1969 1473 2210 1506 Parisiensem
2238 1472 2314 1517 epi-

449 1560 597 1593 scopum
620 1554 654 1580 et
683 1547 935 1591 inquisitorem
966 1545 1125 1578 heretice
1156 1544 1339 1589 pravitatis
1369 1550 1517 1588 propter
1537 1544 1667 1576 factum
1696 1541 1851 1582 heresis,
1876 1546 2050 1586 regnante
2071 1538 2205 1572 Karolo
2227 1550 2313 1583 rege

452 1615 598 1648 Francie
620 1614 723 1646 etatis
748 1615 786 1645 12
809 1624 998 1645 annorum.

543 1726 609 1748 Mus.
625 1724 743 1747 Britann.
763 1731 812 1746 ms.
828 1723 888 1745 add.
906 1723 990 1750 17:304,
1008 1722 1051 1745 sol.
1071 1722 1121 1745 1112.
1135 1735 1163 1738 ——
1181 1721 1303 1749 Bulaeus,
1321 1721 1363 1750 IV,
1380 1722 1434 1744 584.

543 1822 564 1844 1.
582 1823 627 1845 An.
647 1821 712 1849 1381,
726 1820 845 1843 Janunrii
858 1821 896 1849 21,
913 1823 941 1842 ut
955 1819 1052 1850 legitur
1065 1819 1090 1841 iu
1103 1819 1229 1843 Grandes
1245 1819 1341 1842 chron.
1353 1820 1386 1842 de
1403 1819 1516 1847 Franco,
1532 1819 1572 1842 ed.
1589 1819 1617 1842 P.
1628 1817 1711 1848 Paris,
1724 1818 1766 1846 VI,
1781 1818 1836 1846 1174,
1849 1824 2002 1847 comparere
2017 1815 2108 1838 debuit
2122 1823 2210 1838 coram
2226 1814 2313 1838 Aimo-

450 1867 503 1889 rico
525 1866 605 1897 episc.
625 1865 717 1893 Puris,
735 1868 760 1887 et
779 1873 848 1895 mag.
869 1864 966 1887 Jacobo
986 1864 1017 1886 de
1033 1864 1146 1894 Moreyo,
1163 1863 1226 1887 Ord.
1240 1863 1333 1886 Praed.
1356 1863 1520 1894 inquisitore.
1549 1863 1598 1886 Sed
1620 1871 1670 1885 non
1693 1861 1841 1893 comparuit
1863 1869 1945 1892 usque
1967 1860 2000 1883 nd
2024 1860 2150 1883 Februar.
2175 1859 2200 1887 13
2221 1858 2313 1882 exinde

449 1910 687 1934 excommunicatus
702 1913 763 1932 tunc
778 1909 955 1931 incarceratus
971 1911 1019 1931 est.
1036 1908 1200 1931 Universitas
1221 1907 1305 1930 Paris.
1322 1907 1446 1938 episcopo
1465 1907 1547 1930 Paris.
1566 1907 1686 1930 libellum
1702 1906 1877 1929 accusationis
1892 1906 1923 1928 de
1942 1904 2096 1928 criminibus
2112 1903 2145 1926 ab
2164 1903 2223 1935 ipso
2240 1911 2312 1925 com-

451 1955 547 1983 missis,
566 1954 638 1977 etde
653 1953 755 1976 haeresi
771 1953 887 1984 ejusdem
908 1952 978 1975 eirca
993 1955 1186 1975 sacramentum
1206 1952 1303 1975 Alturis
1325 1952 1505 1983 praesentavit
1529 1952 1590 1981 (vid.
1608 1952 1770 1982 d'Argeutre,
1791 1951 1857 1975 Coll.
1877 1950 1950 1980 jud„
1973 1949 2006 1978 12,
2022 1957 2049 1980 p.
2072 1948 2120 1979 60),
2143 1951 2171 1970 ut
2185 1947 2264 1970 etiam
2285 1947 2312 1970 in

452 2001 552 2024 Chron.
569 2000 608 2022 clu
621 1998 699 2027 relig]-
716 1999 748 2021 de
765 1998 792 2021 S.
810 1997 903 2024 Denis,
918 1997 957 2021 ed.
978 1997 1123 2027 Bellaguet,
1139 1997 1158 2026 1,
1181 1997 1229 2025 104,
1250 1999 1382 2025 narratur,
1398 1996 1444 2019 ubi
1459 2000 1595 2027 praeterea
1611 1996 1759 2027 exponitur,
1778 1995 1877 2018 dictum
1894 1993 2076 2025 praepositum
2091 1992 2181 2015 odium
2196 1990 2314 2022 inexpin-
2343 1990 2346 1993 ⁴

450 2044 501 2067 hile
516 2047 605 2066 contra
618 2050 707 2065 omnes
721 2041 922 2069 ecclesiasticos,
940 2041 1081 2071 praecipue
1097 2044 1183 2063 tamen
1197 2044 1287 2063 contra
1304 2040 1507 2064 Universitatem
1521 2041 1615 2065 Paris..
1630 2040 1792 2071 concepisse,
1808 2039 1833 2062 in
1847 2039 1920 2070 cujus
1936 2040 2114 2068 contemptum
2130 2036 2156 2059 in
2172 2035 2312 2059 Castelleto

450 2089 514 2111 duos
530 2097 540 2111 n<
557 2087 703 2110 teterrimos
719 2094 835 2109 carceres
851 2088 1043 2116 composuerat,
1063 2085 1106 2107 uni
1124 2085 1247 2109 Claustri
1262 2085 1400 2112 Brunelli,
1416 2085 1491 2108 alteri
1511 2085 1566 2109 Vici
1581 2085 1762 2109 Straminum
1774 2085 1903 2115 adaptans
1920 2082 2025 2106 nomina
2038 2090 2060 2110 »,
2074 2081 2164 2112 ibique
2179 2080 2312 2103 scholares

450 2141 497 2164 pro
515 2132 632 2163 qualibet
646 2131 697 2154 levi
712 2138 792 2153 causa
806 2130 957 2161 projiciens.
976 2129 1110 2152 Remansit
1130 2129 1301 2152 nihilominus
1320 2130 1346 2152 iu
1362 2138 1466 2152 earcere
1481 2130 1650 2160 praepositus
1671 2129 1755 2152 Paris.
1775 2128 1836 2151 Maii
1859 2129 1886 2151 17
1903 2135 1964 2150 vero
1980 2137 1993 2148 α
2006 2134 2089 2157 prope
2104 2124 2235 2156 hospitale
2252 2123 2312 2147 atrii

451 2177 558 2200 ecclesie
575 2176 658 2199 Paris.
675 2185 697 2202 »,
717 2178 745 2197 ut
760 2174 884 2197 scribitur
902 2174 928 2196 iu
942 2174 997 2197 Lib.
1011 2181 1089 2203 proc.
1109 2178 1168 2198 nat.
1186 2174 1270 2204 Angli.
1287 2174 1349 2203 (vid.
1371 2175 1509 2202 AuctarA,
1530 2175 1605 2205 liugn
1625 2183 1636 2196 «
1653 2174 1678 2196 in
1694 2174 1747 2196 alto
1765 2172 1941 2204 appendiculo
1957 2175 2030 2194 stans
2045 2179 2055 2193 »
2070 2178 2158 2193 coram
2179 2168 2311 2200 episcopo,

450 2221 604 2252 inquisitore
619 2223 643 2242 et
656 2219 831 2242 Universitate
846 2222 972 2249 tanquam
991 2218 1136 2241 hacreticus
1153 2219 1184 2240 ad
1200 2222 1342 2249 perpetuos
1359 2227 1476 2241 carceres
1494 2219 1681 2241 condemnatus
1697 2221 1747 2241 cst.
1761 2218 1818 2240 Vid.
1833 2217 1941 2247 insuper
1959 2216 2062 2239 Chron.
2076 2215 2124 2238 des
2140 2217 2241 2244 quatre
2253 2219 2314 2243 pre-

449 2267 534 2290 miers
550 2265 651 2294 Valois,
662 2264 701 2287 ed.
714 2263 817 2286 Simeon
833 2263 908 2292 Luce,
924 2271 951 2293 p.
968 2264 1025 2290 294;
1039 2263 1071 2285 Le
1088 2263 1159 2286 Roux
1172 2263 1202 2285 de
1219 2263 1297 2294 Liucy
1309 2263 1334 2285 in
1346 2264 1415 2287 Bibl.
1430 2264 1463 2287 de
1479 2258 1578 2287 l'Ecole
1589 2265 1635 2287 des
1645 2264 1765 2290 chartes,
1782 2263 1834 2285 ser.
1845 2261 1874 2290 V,
1887 2264 1905 2284 l..
1919 2261 1954 2283 111
1971 2259 2088 2289 (1861-2),
2100 2267 2127 2289 p.
2143 2258 2197 2281 173.
2211 2256 2272 2280 Maii
2283 2256 2311 2279 31

450 2310 535 2333 solum
552 2316 634 2332 novus
649 2307 826 2339 praepositus,
843 2307 975 2330 Audoiuus
994 2307 1157 2335 Chauveron,
1176 2308 1259 2330 suctus
1275 2310 1322 2335 est,
1340 2307 1372 2330 de
1387 2315 1437 2338 quo
1454 2307 1522 2330 infra
1538 2311 1567 2330 n0
1586 2308 1654 2330 1459.
1672 2309 1719 2330 An.
1736 2307 1796 2329 1382
1812 2306 1887 2336 Hugo
1903 2303 2013 2328 Aubriot
2028 2311 2042 2326 a
2064 2310 2168 2326 carcere
2184 2301 2312 2324 liberatus

450 2358 497 2382 cst,
515 2357 543 2376 ut
558 2353 626 2376 infra
642 2356 669 2374 11⁰
685 2352 752 2380 1465,
768 2354 821 2374 not.
837 2353 859 2379 (5,
877 2351 1030 2382 explicatur.

456 2537 596 2574 1458.
622 2544 745 2570 Clemens
769 2545 819 2570 VII
831 2543 963 2577 (Iohanni
978 2543 1012 2569 de
1031 2544 1141 2578 Calor-e)
1158 2544 1333 2570 cancellar-io
1350 2546 1456 2580 Paris„
1476 2549 1506 2570 ut
1527 2545 1702 2571 Riclzardum
1724 2544 1833 2579 Bigoss,
1855 2543 1920 2570 Ord.
1938 2545 1975 2577 sr.
1994 2540 2171 2573 praedicat„
2189 2542 2314 2574 tempore

540 2593 657 2620 hiemali
672 2592 711 2618 ad
726 2592 873 2626 legendum
885 2591 987 2617 librum
1005 2593 1214 2618 Sententiarum
1226 2593 1254 2618 in
1269 2593 1363 2619 stadio
1379 2594 1541 2619 Parisiensi
1557 2594 1585 2619 in
1599 2594 1693 2620 altera
1707 2593 1870 2619 scholarum
1884 2595 2032 2618 conventas
2047 2591 2131 2624 fratr.
2146 2586 2311 2613 Praedical.

539 2652 590 2679 pro
606 2650 680 2667 anno
699 2641 812 2666 Domini
828 2641 898 2667 1383
914 2640 955 2666 vel
967 2644 1068 2675 postea
1085 2641 1229 2667 admittat.
1254 2642 1317 2668 Dat.
1341 2643 1419 2676 apud
1440 2643 1563 2669 Pontem
1585 2643 1683 2676 Sorgie
1702 2643 1888 2669 Avinionens.
1911 2641 1984 2667 dioc.
2004 2640 2023 2673 ij
2045 2646 2115 2664 non.
2140 2636 2216 2666 Maii,
2237 2642 2315 2662 anno

539 2692 633 2719 tertio.
651 2701 663 2714 «
680 2690 738 2715 Viri
753 2698 829 2716 sacre
845 2699 868 2714 ».

1523 2751 1592 2778 1381,
1609 2750 1669 2775 Maii
1680 2751 1702 2780 6,
1717 2751 1785 2782 apud
1797 2751 1902 2775 Pontem
1917 2747 2029 2780 Sorylae.

545 2817 607 2846 Reg.
622 2815 680 2837 Vnt.
696 2815 775 2837 Aven.
792 2813 931 2836 Clementis
947 2813 1001 2841 Vll,
1020 2813 1070 2836 vol.
1089 2814 1164 2842 XXII,
1180 2814 1223 2837 sol.
1237 2815 1305 2838 28512.

548 2914 567 2935 l.
584 2913 630 2934 An.
650 2911 709 2934 1385
725 2909 809 2932 adhuc
822 2909 930 2932 Parisiis
947 2913 974 2932 ut
989 2910 1157 2934 baccalareus
1174 2912 1334 2941 morabatur,
1351 2913 1395 2935 sed
1412 2913 1517 2935 minime
1530 2913 1594 2936 ibid.
1610 2913 1757 2936 licentiatus
1772 2916 1820 2936 est.

576 2957 614 2979 38.
