2488 3386
200 375 295 412 1367]
619 388 663 409 ΑΒ
697 388 801 410 ΑΝΝο
836 387 966 410 1110001,
1000 388 1130 416 USQUE
1166 389 1213 410 AD
1248 389 1510 411 nssussnic'rUM
1545 390 1634 411 xm.
1995 383 2053 414 171

197 462 399 494 confectum
423 461 515 494 dicta
538 468 643 494 nocte
665 468 812 505 guetum
835 461 871 493 111
893 461 970 506 ipsa
991 461 1075 494 villa
1098 469 1219 494 nostra
1241 462 1437 495 Parisiensi
1460 463 1589 495 secisse
1610 463 1823 496 dicebantur
1845 471 1878 496 et
1900 465 2054 497 fecerant

197 528 274 573 capi
303 534 337 560 et
367 528 403 559 in
434 528 529 560 dicto
559 527 755 561 Castelleto
784 534 908 560 nostro
940 528 1179 572 prisionarios
1205 528 1413 572 mancipari,
1440 528 1607 561 videlicet
1632 529 1828 562 Johannem
1857 530 1900 562 (10
1924 531 2056 571 Baboe,

196 594 395 627 Johannem
426 594 470 626 de
506 593 716 634 Allamania,
749 593 935 626 Nicolaum
967 594 1131 634 Juvenis,
1164 594 1367 639 Philippum
1401 595 1571 635 Damadc,
1603 596 1792 639 Symonem
1829 596 1872 627 (10
1902 597 2054 639 Nigella,

198 662 427 693 Mammetum
456 660 572 700 Galie,
603 660 802 693 Johannem
836 660 880 692 de
908 661 1108 704 lloussoya,
1136 660 1373 705 Reginaldum
1397 661 1441 693 de
1463 661 1680 702 Wandome,
1704 662 1895 694 Girardum
1918 663 2058 695 Alaina--

199 739 295 768 num,
317 726 517 760 Johannem
540 726 584 759 de
603 728 760 761 Douvre.
782 727 974 760 Cassinum
998 727 1184 771 Becqueti,
1208 727 1377 771 Egidium
1401 727 1611 768 Senescalli,
1630 727 1833 772 Philippum
1857 728 1900 760 (10
1922 730 2057 761 Marro-

197 793 256 826 liis
286 800 322 826 et
350 793 561 826 Michaelem
595 794 716 833 Artus,
754 793 956 826 servientes
990 800 1137 826 nostros
1174 793 1274 838 gueti
1306 793 1453 838 equitis,
1481 805 1624 826 necnon
1649 793 1848 826 Johannem
1880 795 2057 835 Mariette,

198 860 438 893 Guillermum
466 860 510 892 de
538 860 754 904 Laignyaco,
780 859 952 892 ‚Iacobum
984 860 1028 892 de
1063 860 1274 900 Londoniis,
1297 860 1482 892 Nicolaum
1505 860 1549 892 de
1576 860 1797 901 Cornuaille,
1822 861 2056 893 Laurencium

198 926 412 967 Balancerii,
442 926 641 959 Johannem
669 926 713 959 de
741 927 912 967 Carnoto,
940 928 1083 959 Petrum
1109 926 1260 967 Hubise,
1283 926 1495 971 Dionysium
1524 926 1652 967 Amici,
1681 927 1920 959 Guillermum
1951 927 2057 968 Galli,

197 993 395 1026 Johannem
425 993 470 1025 de
494 993 576 1026 Bria
606 999 641 1025 et
669 992 868 1026 Johannem
899 993 1110 1037 Bequillart,
1143 993 1345 1026 servientes
1378 999 1524 1026 nostros
1550 993 1649 1037 gueti
1675 993 1807 1037 peditis
1834 994 1950 1038 ipsius
1974 994 2059 1026 ville

201 1066 325 1093 nostre
346 1060 576 1101 Parisiensis,
596 1060 870 1092 ordinassemus
892 1060 1003 1092 eciam
1021 1060 1282 1104 premissorum
1300 1059 1485 1093 veritatem
1507 1059 1550 1092 ab
1572 1059 1697 1092 oribus
1720 1060 1876 1104 propriis
1898 1060 2059 1105 ipsorum

198 1126 459 1167 servientfflum
475 1133 699 1167 nostrorum,
714 1133 781 1159 tam
800 1138 864 1171 per
879 1126 971 1159 viam
985 1126 1303 1159 extraordinariam
1322 1138 1360 1158 ac
1378 1125 1633 1170 questionibus
1650 1133 1685 1158 et
1702 1127 1890 1159 tormentis
1902 1127 2062 1159 median-

199 1193 308 1234 tibus,
336 1205 439 1237 quam
468 1205 531 1238 per
556 1193 647 1226 viam
669 1193 901 1234 ordinariam,
924 1193 1095 1226 videlicet
1115 1205 1179 1238 per
1200 1193 1402 1238 inquestam
1424 1205 1463 1225 ac
1485 1205 1549 1238 per
1575 1193 1718 1225 testium
1746 1193 2002 1237 deposiciones
2030 1200 2063 1226 et

199 1259 460 1301 testimonium,
482 1272 520 1292 ac
547 1259 716 1292 omnibus
744 1259 825 1292 aliis
848 1260 917 1292 viis
941 1266 976 1292 et
1001 1260 1132 1301 modis,
1158 1259 1291 1304 quibus
1322 1259 1467 1300 melius,
1495 1259 1651 1292 celerius
1673 1266 1707 1292 et
1730 1259 1874 1304 plenius
1895 1259 1962 1292 1100
1983 1260 2059 1292 ficri

197 1326 346 1367 valeret,
378 1326 464 1359 sciri
492 1332 526 1358 et
553 1326 665 1358 eciam
688 1326 910 1370 extorqueri.
941 1328 984 1358 Et
1005 1338 1073 1359 una
1099 1338 1179 1359 cum
1208 1326 1275 1359 hoc
1304 1338 1368 1371 per
1398 1326 1532 1358 dictum
1564 1326 1712 1358 militem
1742 1326 1841 1370 gueti
1872 1327 2000 1359 sactum
2028 1333 2063 1359 et

200 1393 401 1437 explectum
425 1404 529 1425 suum
553 1405 617 1437 per
638 1405 718 1425 euin
747 1393 784 1425 in
808 1399 843 1425 et
868 1404 979 1437 super
1003 1393 1194 1437 premissis
1215 1393 1386 1438 agitatum
1417 1404 1479 1425 ore
1505 1404 1573 1425 suo
1600 1393 1746 1437 proprio
1768 1405 1806 1425 ac
1828 1393 1946 1425 medio
1963 1394 2064 1437 jura-

200 1466 321 1492 mento
338 1459 374 1491 in
396 1466 518 1492 nostra
540 1471 579 1492 ac
601 1459 687 1492 dicti
708 1459 824 1492 nostri
846 1459 990 1492 consilii
1013 1459 1201 1504 presencia
1223 1459 1384 1504 plenarie
1405 1459 1476 1492 dici
1498 1466 1532 1492 et
1553 1459 1697 1504 exponi.

289 1526 358 1568 Qui
379 1526 525 1570 quidem
554 1525 659 1558 miles
680 1526 774 1558 inter
795 1526 882 1558 alias
905 1538 988 1558 suas
1010 1526 1282 1566 excusaciones,
1306 1526 1398 1558 dicta
1427 1533 1462 1558 et
1491 1526 1725 1558 defensiones
1753 1526 1795 1558 ad
1826 1526 1931 1558 finem
1962 1527 2066 1558 inno-

199 1592 338 1633 cencie,
361 1592 611 1625 excusacionis
640 1599 675 1625 et
704 1592 953 1625 absolucionis
986 1604 1051 1625 sue
1081 1593 1175 1625 inter
1202 1599 1320 1625 cetera
1351 1593 1451 1633 dixit,
1484 1593 1675 1637 proposuit
1702 1599 1736 1625 et
1764 1593 1931 1633 asseruit,
1955 1593 2064 1637 quod,

199 1659 283 1692 licet
303 1659 339 1691 in
361 1659 497 1692 insultu
519 1659 696 1692 adversus
717 1659 863 1692 domum
886 1659 1063 1691 dictorum
1088 1659 1251 1704 magistri
1273 1660 1367 1692 Petri
1390 1659 1434 1692 de
1456 1660 1565 1704 Zippa
1588 1666 1623 1692 et
1643 1659 1834 1692 scolarium
1863 1671 2008 1691 suorum
2033 1667 2064 1692 01

198 1726 299 1770 ipsos
320 1738 359 1758 ac
380 1725 471 1758 alios
492 1726 529 1758 in
550 1726 673 1758 eadem
694 1732 777 1758 tunc
799 1726 1010 1767 existentes,
1030 1733 1068 1758 ut
1089 1726 1291 1770 predictum
1314 1733 1380 1767 est,
1398 1727 1490 1758 sacto
1512 1726 1591 1770 ipse
1612 1726 1716 1758 miles
1734 1726 1870 1758 eisdem
1893 1726 2064 1771 magistro

199 1793 304 1825 Petro
326 1799 361 1825 et
381 1794 460 1837 ejus
481 1792 684 1825 scolaribus
706 1805 744 1825 ac
766 1792 846 1825 aliis
868 1793 904 1825 in
925 1793 1049 1825 eadem
1072 1793 1179 1825 domo
1202 1800 1285 1827 tunc
1307 1792 1548 1825 existentibus
1578 1793 1689 1837 palam
1714 1799 1748 1825 et
1775 1793 1918 1837 publice
1940 1805 1978 1825 ac
1999 1793 2066 1826 alta

198 1871 300 1900 voce,
321 1859 444 1892 verbis
472 1859 605 1892 nedum
636 1859 824 1904 gallicanis
853 1860 917 1892 scd
946 1860 1055 1892 eciam
1089 1859 1223 1901 latinis,
1246 1867 1284 1892 ut
1316 1860 1385 1904 ipsi
1414 1860 1474 1904 qui
1505 1860 1548 1892 de
1581 1859 1743 1904 partibus
1773 1859 1900 1892 alicnis
1923 1860 2067 1892 oriundi

198 1925 358 1970 linguam
380 1925 545 1970 gallicam
567 1938 790 1970 nequaquam
814 1926 1068 1971 intelligebant
1090 1926 1262 1971 plenarie,
1285 1926 1394 1959 verba
1416 1938 1479 1959 sua
1505 1926 1714 1970 hujusmodi
1741 1926 1880 1958 facilius
1901 1926 2067 1959 audirent

200 1999 235 2025 et
255 1992 514 2038 intelligerent,
540 1992 810 2037 proclamasset,
833 1993 983 2025 dixisset
1011 2000 1046 2025 et
1073 1993 1316 2038 exposuisset,
1339 1993 1435 2038 quod
1466 1993 1544 2037 ipse
1567 1999 1642 2025 erat
1669 1993 1861 2025 ossiciarius
1884 1999 2007 2025 noster
2027 2005 2065 2025 ac

198 2058 304 2091 miles
325 2059 410 2091 dieti
432 2059 531 2104 gueti
552 2059 681 2100 nostri,
701 2059 871 2104 quodque
893 2059 963 2092 sibi
984 2059 1207 2104 precipiebat
1227 2072 1270 2092 ex
1290 2067 1390 2104 parte
1416 2066 1551 2100 nostra,
1576 2066 1613 2092 ut
1633 2059 1749 2092 eidem
1773 2059 1876 2091 militi
1899 2066 2062 2103 tanquam

199 2125 305 2158 nobis
322 2132 357 2158 et
372 2125 544 2170 gentibus
561 2126 697 2158 nostris
718 2126 761 2158 ad
783 2126 982 2158 sedandum
1001 2133 1035 2158 et
1056 2126 1262 2159 evitandum
1281 2138 1386 2158 omne
1409 2126 1630 2167 scandalum,
1649 2133 1684 2158 et
1699 2126 1742 2158 ad
1758 2126 2060 2170 compescendum

199 2192 400 2225 servientes
422 2198 457 2224 et
477 2192 567 2224 alios
589 2191 757 2225 subditos
779 2199 937 2234 nostros,
957 2193 1017 2237 qui
1038 2193 1075 2224 in
1097 2205 1160 2225 eos
1183 2199 1217 2225 et
1238 2193 1367 2226 dictam
1389 2193 1534 2225 domum
1557 2205 1656 2226 suam
1680 2193 1867 2233 insultum,
1887 2199 1925 2225 ut
1945 2193 2064 2237 predi-

198 2259 302 2299 citur,
325 2258 516 2297 faciebant,
538 2271 582 2291 ne
605 2259 766 2291 deterius
797 2259 881 2291 inde
909 2259 1151 2304 contingeret,
1181 2272 1220 2292 se
1249 2260 1456 2301 redderent,
1485 2259 1554 2292 sibi
1585 2259 1678 2292 bona
1707 2259 1777 2291 fide
1806 2259 2061 2303 promittendo,

198 2325 294 2369 quod
328 2337 391 2369 per
412 2325 541 2357 sactum
570 2336 675 2357 sumn
707 2325 839 2357 nullam
872 2325 1040 2369 injuriam
1072 2326 1308 2367 sustinerent,
1332 2326 1397 2358 sed
1429 2338 1492 2370 pro
1523 2332 1596 2358 toto
1624 2337 1732 2370 posse
1758 2337 1823 2357 suo
1846 2326 1959 2369 ipsos,
1982 2338 2059 2357 cum

198 2391 439 2424 redderentur
459 2391 591 2432 eidem,
609 2391 652 2424 ab
673 2391 817 2436 injuriis
834 2398 869 2424 et
889 2391 1159 2437 gravaminibus
1181 2392 1355 2425 indebitis
1376 2399 1605 2437 preservaret
1625 2399 1658 2424 et
1675 2392 1902 2432 defenderet,
1922 2404 2063 2424 verum-

199 2464 340 2502 ptamen
363 2458 433 2502 ipsi
454 2458 627 2503 magister
647 2459 775 2491 Petrus
804 2465 839 2491 et
868 2458 1028 2491 scolares
1059 2466 1141 2503 post
1167 2458 1275 2492 verba
1306 2459 1515 2503 hujusmodi
1544 2458 1614 2491 sibi
1645 2459 1696 2491 sic
1727 2459 1820 2491 dicta
1849 2465 1883 2490 et
1915 2470 2061 2503 percos

197 2524 379 2557 intellecta
407 2525 444 2557 in
472 2525 596 2557 eadem
616 2525 735 2558 vdomo
763 2537 827 2558 sua
857 2526 893 2557 in
921 2526 1127 2558 omnimoda
1157 2525 1357 2558 rebellione
1385 2532 1419 2558 et
1448 2525 1702 2558 inobediencia
1730 2525 1905 2558 adversus
1934 2537 2000 2557 nos
2028 2531 2061 2556 01

198 2591 316 2635 ipsum
338 2591 485 2624 militem
509 2592 608 2636 gueli
630 2604 668 2624 ac
690 2592 893 2624 servientes
917 2598 951 2624 et
976 2592 1144 2625 subditos
1171 2599 1317 2625 nostros
1344 2592 1433 2624 adeo
1455 2592 1613 2635 rebelles
1635 2599 1667 2624 et
1695 2591 1948 2623 inobedientes
1973 2591 2062 2623 exti-

198 2664 326 2698 terant,
349 2658 446 2702 quod
473 2658 649 2691 adversus
670 2658 771 2702 ipsos
793 2659 956 2699 militem,
986 2659 1262 2703 servientesque
1284 2666 1319 2691 01
1340 2659 1507 2691 subditos
1535 2665 1680 2691 nostros
1708 2658 1840 2690 ibidem
1864 2658 2060 2689 existentes

198 2724 383 2756 maximam
407 2725 639 2769 quantitatem
662 2724 821 2769 lapidum
843 2732 878 2758 et
899 2725 1080 2770 lignorum
1103 2737 1317 2770 grossorum
1339 2732 1373 2758 et
1395 2725 1670 2770 ponderantium
1690 2737 1753 2769 per
1770 2726 1946 2756 fenestras
1967 2724 2058 2755 dicte

199 2791 328 2823 domus
349 2792 578 2835 projecerant
598 2798 633 2823 et
653 2791 697 2823 de
718 2791 771 2824 eis
793 2792 893 2836 ipsos
916 2792 1078 2833 militem,
1097 2792 1299 2825 servientes
1321 2799 1355 2824 et
1375 2792 1465 2824 alios
1487 2791 1654 2824 subditos
1676 2797 1821 2823 nostros
1843 2790 2057 2829 interlicere,

197 2869 236 2889 ac
266 2857 383 2889 omnia
413 2858 501 2890 sacta
531 2858 568 2889 in
595 2857 740 2890 casibus
768 2857 1008 2890 rebellionum
1041 2870 1105 2890 seu
1137 2859 1389 2891 defensionum
1420 2857 1607 2890 bellicosis
1638 2857 1741 2889 solita
1775 2869 1837 2900 pro
1870 2856 1952 2888 totis
1983 2855 2058 2887 suis

196 2923 335 2956 viribus
362 2924 479 2956 facere
507 2930 714 2969 sategerant
740 2930 775 2956 et
801 2925 972 2966 fecerant,
1002 2937 1040 2957 ac
1062 2925 1239 2969 quendam
1272 2924 1489 2957 servientem
1521 2930 1697 2964 nostrum⁷
1721 2929 1883 2955 vocatum
1915 2923 2055 2953 l'etrum
