2488 3386
170 310 266 346 1354]
588 322 635 343 ΑΒ
669 321 776 343 ΑΝΝο
810 321 940 343 mccc1,
970 321 1102 349 usqua
1138 322 1185 344 AD
1221 321 1485 344 nssmssnicrum
1520 322 1610 344 xm.
1987 313 2029 344 25

168 397 319 442 quedam
342 396 420 436 alia,
444 408 514 440 que
535 395 661 440 prefati
695 402 812 428 rector
833 401 867 427 et
892 395 1067 439 magistri,
1091 407 1155 427 seu
1185 395 1245 427 alii
1272 395 1315 427 de
1343 394 1585 427 Universitate
1611 395 1769 439 predicta
1799 401 1921 428 contra
1952 408 2031 440 pre-

166 464 274 496 fatum
297 463 481 496 dominum
503 468 665 495 nostrum
690 473 809 506 regem
833 461 1101 502 commiserant,
1124 472 1364 506 proponerem
1385 467 1508 493 contra
1529 460 1642 505 ipsos.

259 544 274 560 α
299 531 385 562 Item
404 529 485 561 dico
511 535 546 561 et
566 531 743 573 propono,
763 527 861 572 quod
882 527 1093 572 compulsus
1111 527 1206 559 dicto
1229 517 1399 572 precepto
1422 533 1456 559 et
1477 526 1688 559 obediencia
1711 527 1861 559 naturali
1883 540 1921 560 ac
1938 528 2032 560 veri—

170 596 251 629 tatis
272 595 349 628 zelo
372 595 492 628 debite
518 601 553 627 et
581 601 803 635 reverenter,
827 593 982 626 officium
1005 605 1122 626 meum
1145 593 1358 637 exequendo
1380 592 1555 637 premissa
1578 593 1764 637 proposui,
1788 600 1910 626 contra
1931 593 2031 637 ipsos

170 662 426 696 conclusiones
446 661 610 694 faciendo
632 661 869 706 pertinentes.

262 743 276 759 «
302 730 388 761 Item
412 728 493 760 dico
515 734 549 760 et
570 739 747 772 propono,
771 727 869 771 quod
895 726 1068 771 magister
1095 725 1357 766 Hermendus³,
1380 725 1507 757 doctor
1527 725 1563 757 in
1585 725 1779 770 theologia,
1803 726 1905 770 plura
1925 726 2032 759 verba

173 794 412 840 opprobriosa
433 801 557 827 contra
580 793 697 826 felicis
724 793 994 826 recordacionis
1015 792 1199 825 dominum
1221 791 1420 824 Johannem
1443 803 1566 836 papam
1595 792 1806 824 vicesimum
1834 792 2032 824 secundum

172 861 322 907 protulit
341 861 455 906 palam
478 867 512 893 et
532 860 690 905 publice,
709 860 745 892 in
767 860 955 904 presencia
976 858 1112 891 domini
1134 858 1245 902 regis,
1264 870 1303 890 ac
1324 857 1516 890 reverendi
1537 858 1573 889 in
1590 857 1735 891 Christo
1758 858 1880 902 patris,
1899 858 2035 890 domini

173 927 363 973 Guydonis
390 927 434 960 de
456 926 697 971 Boulongnia,
722 926 844 959 divine
866 932 901 958 et
925 925 1123 970 apostolice
1150 925 1249 958 sedis
1274 924 1387 969 gratia
1409 924 1621 956 Portuensis
1643 924 1806 968 episcopi
1829 924 2035 966 cardinalis,

174 1006 344 1028 asserens
364 994 483 1039 ipsum
505 994 541 1026 in
563 993 633 1026 fide
655 1005 798 1027 errasse
818 999 878 1026 aut
898 992 986 1025 alias
1008 1004 1112 1037 quam
1135 991 1228 1024 bene
1249 991 1425 1031 sensisse,
1449 997 1484 1023 et
1504 990 1734 1035 postmodum
1756 991 1875 1035 ipsum
1897 991 2038 1023 assimi-

174 1062 269 1094 lasse
290 1072 380 1106 pape
402 1060 527 1101 Leoni,
551 1060 608 1093 cui
629 1060 756 1093 beatus
779 1059 947 1104 Hylarius
968 1058 1150 1092 restiterat
1170 1070 1235 1103 pro
1256 1057 1327 1090 fide
1348 1056 1501 1095 Christi3
1525 1069 1542 1089 a
1564 1056 1697 1101 quibus
1719 1069 1783 1101 per
1803 1063 1977 1089 rectorem
2000 1069 2039 1089 ac

174 1128 264 1161 alios
293 1127 488 1172 magistros
516 1127 784 1167 Universitatis,
812 1133 847 1159 et
875 1125 919 1158 ab
945 1125 1188 1159 Universitate
1216 1124 1419 1169 deputatos,
1449 1135 1522 1155 non
1551 1124 1666 1155 fuerat
1698 1123 1951 1164 desadvoatus,
1974 1135 2039 1156 nec

174 1194 378 1239 aliqualiter
394 1193 654 1239 reprehensus,
673 1193 737 1226 sed
759 1205 823 1238 per
839 1199 1015 1226 rectorem
1039 1198 1074 1224 et
1094 1191 1184 1224 alios
1206 1191 1410 1236 deputatos»,
1431 1190 1651 1235 generaliter
1667 1190 1711 1222 de
1731 1189 1802 1222 hiis
1819 1202 1888 1234 que
1906 1190 2043 1222 dixerat

174 1262 291 1294 suerat
319 1260 506 1293 advoatus.
535 1261 687 1304 Propter
712 1259 810 1304 quod
838 1271 906 1303 ego
935 1264 1162 1291 sacrosancte
1194 1258 1352 1290 Romane
1378 1256 1546 1296 ecclesie,
1574 1256 1697 1288 matris
1725 1263 1861 1295 nostre,
1889 1256 2040 1288 devotus

176 1327 284 1368 filius,
314 1327 447 1360 amoris
477 1326 606 1360 ardore
627 1326 812 1359 caritativo
840 1337 1040 1358 succensus
1069 1325 1147 1369 ejus
1176 1323 1415 1369 petulenciam
1444 1322 1598 1367 amplius
1626 1323 1719 1354 serre
1748 1335 1820 1355 non
1850 1323 1949 1367 potui
1977 1334 2042 1354 nec

177 1394 352 1440 premissa
375 1393 443 1426 sub
464 1393 616 1426 silencio
638 1393 828 1438 preterire,
850 1398 998 1437 propter
1019 1391 1116 1436 quod
1138 1391 1181 1423 ad
1206 1390 1381 1422 honorem
1404 1396 1526 1422 sancte
1555 1389 1678 1421 matris
1699 1389 1853 1421 ecclesie
1874 1402 1913 1421 ac
1934 1389 2042 1421 totius

177 1460 397 1494 sanctissimi
426 1466 527 1493 cetus
558 1459 721 1500 Romani,
751 1459 878 1504 ipsam,
903 1465 1072 1503 quantum
1096 1457 1209 1503 potui,
1232 1456 1428 1496 refrenavi3
1453 1456 1573 1488 sciens
1603 1456 1699 1500 quod
1729 1456 1846 1488 dictus
1875 1456 2043 1488 dominus

176 1527 360 1562 Johannes
390 1539 492 1571 papa,
524 1538 588 1571 per
616 1526 734 1559 felicis
770 1525 1039 1558 recordacionis
1079 1536 1201 1569 papam
1236 1523 1485 1562 Benedictum,
1517 1524 1596 1567 ejus
1636 1534 1899 1558 successorem,
1932 1522 2047 1554 suerat

178 1594 377 1628 catholicus
405 1593 620 1626 declaratus.

269 1675 283 1691 «
309 1661 396 1693 Item
415 1660 495 1692 dico
513 1666 549 1692 et
564 1671 741 1704 propono,
761 1659 858 1703 quod
876 1658 1002 1703 prefati
1021 1665 1139 1690 rector
1156 1664 1188 1690 et
1206 1657 1382 1702 magistri,
1402 1657 1481 1688 sine
1498 1668 1604 1688 causa
1622 1655 1831 1688 racionabili
1850 1662 1884 1688 et
1900 1655 2045 1699 injuste,

181 1739 244 1773 pro
271 1726 473 1772 premissis,
497 1732 621 1759 contra
644 1738 700 1758 me
724 1725 906 1766 commoti,
932 1725 967 1757 in
994 1724 1181 1769 presencia
1207 1723 1342 1756 domini
1371 1723 1469 1768 regis
1493 1729 1528 1755 et
1554 1722 1652 1763 alibi,
1675 1722 1759 1754 licet
1782 1734 1845 1766 per
1862 1722 2043 1754 dominum

180 1806 303 1839 regem
329 1793 480 1826 fuissem
504 1792 678 1826 advoatus
704 1792 748 1825 de
775 1791 944 1824 omnibus
971 1803 1040 1836 que
1066 1791 1223 1823 dixeram
1250 1797 1285 1822 et
1314 1801 1588 1835 proposueram,
1614 1789 1817 1821 comminati
1844 1789 1988 1820 suerunt
2015 1795 2049 1820 et

179 1872 217 1894 se
238 1861 478 1905 jactaverunt,
503 1866 538 1892 et
565 1858 682 1891 adhuc
705 1858 971 1891 comminantur
994 1864 1030 1890 et
1053 1859 1200 1902 jactant,
1227 1856 1323 1901 quod
1351 1868 1406 1888 me
1432 1868 1449 1888 a
1473 1867 1625 1900 corpore
1650 1855 1905 1888 Universitatis
1932 1854 2049 1899 priva—

179 1927 269 1960 bunt
298 1938 363 1960 seu
392 1925 621 1966 resecabunt,
644 1925 729 1958 licet
755 1925 959 1970 aliqualiter
984 1936 1056 1957 non
1089 1924 1304 1968 deliquerim
1334 1923 1370 1955 in
1401 1922 1603 1967 premissis,
1632 1922 1697 1954 sed
1725 1922 1843 1954 onmia
1869 1933 1938 1966 que
1966 1922 2045 1962 feci,

179 1993 256 2027 zelo
290 1993 388 2035 fidei,
418 1993 464 2025 ob
497 1992 740 2025 reverenciam
776 1998 811 2024 et
841 2003 998 2024 amorem
1031 1997 1260 2023 sacrosancte
1294 1991 1452 2022 Romane
1488 1988 1655 2029 ecclesie,
1688 1988 1811 2020 matris
1844 1994 1980 2028 nostre,
2010 2001 2047 2020 ar

180 2059 394 2094 obediencie
419 2059 578 2100 vinculo,
606 2071 676 2103 quo
703 2059 849 2091 domino
880 2065 1018 2098 nostro,
1049 2058 1126 2102 regi
1157 2057 1316 2097 Francie,
1354 2056 1500 2088 domino
1534 2067 1614 2087 mco
1640 2055 1804 2095 naturali,
1840 2067 1917 2087 sum
1949 2054 2050 2086 astri-

180 2133 271 2167 ctus,
300 2126 459 2158 fecerim.
486 2126 626 2158 Idcirco
650 2137 732 2170 ego,
759 2125 981 2170 Reginaldus
1006 2124 1178 2169 prefatus,
1203 2136 1221 2156 a
1245 2122 1418 2168 predictis
1442 2128 1594 2158 rectore,
1623 2121 1769 2153 decanis
1793 2127 1826 2153 ct
1852 2120 2047 2165 magistris,

182 2205 246 2226 seu
275 2193 355 2226 aliis
380 2192 560 2237 deputatis
584 2192 626 2224 ab
651 2192 741 2237 ipsis
768 2191 825 2224 vel
849 2191 1078 2236 deputandis,
1102 2190 1265 2223 sentiens
1289 2201 1344 2221 ine
1368 2195 1553 2234 gravatum
1577 2187 1634 2220 vel
1658 2188 1789 2220 timens
1812 2187 2046 2231 imposterum

182 2272 238 2292 me
267 2259 537 2293 verissimiliter
567 2259 723 2303 opprimi
752 2258 810 2291 vel
840 2258 995 2303 gravari,
1032 2257 1184 2289 maxime
1219 2268 1297 2288 cum
1336 2255 1425 2288 tales
1455 2254 1761 2287 comminacioncs
1792 2253 2049 2286 consueverint

184 2326 310 2372 prefati
331 2332 463 2366 rector,
486 2325 612 2358 decani
635 2331 669 2357 et
691 2325 854 2370 magistri
878 2324 1079 2369 perducere
1101 2323 1143 2355 ad
1166 2323 1349 2358 effectum:
1368 2321 1495 2354 volens
1519 2321 1639 2366 potius
1661 2327 1741 2352 antc
1766 2327 1906 2364 tempus
1928 2331 2048 2351 occur-

183 2404 276 2433 rere,
295 2404 399 2437 quain
418 2398 500 2436 post
514 2391 736 2425 vulneratam
754 2403 896 2424 causam
919 2390 1118 2422 remedium
1143 2388 1315 2422 adhibere
1335 2400 1341 2420 ε
1360 2387 1403 2420 ab
1425 2387 1514 2432 ipsis
1536 2393 1571 2419 et
1591 2393 1713 2419 contra
1735 2386 1847 2430 ipsos,
1866 2398 1905 2418 ac
1926 2391 2047 2417 contra

184 2470 310 2492 omnes
331 2465 366 2491 et
387 2458 554 2503 singulos
576 2470 668 2503 quos
691 2458 868 2503 premissa
889 2457 1102 2501 contingere
1127 2456 1378 2495 dinoscuntur,
1402 2466 1440 2486 ac
1463 2453 1598 2486 eisdem
1622 2452 1838 2485 adherentes
1859 2458 1917 2484 aut
1941 2451 2048 2484 adhc—

188 2537 265 2558 rere
286 2525 465 2566 volentes,
488 2531 555 2558 tam
580 2525 799 2569 conjunctim
823 2536 927 2569 quam
951 2524 1107 2563 divisim,
1132 2535 1176 2555 ne
1198 2529 1320 2554 contra
1343 2532 1398 2553 me
1420 2520 1462 2552 ad
1486 2519 1743 2564 privacioncm,
1767 2518 2047 2557 rcsccacioncm,

188 2603 252 2624 seu
275 2603 502 2636 quecumque
524 2591 591 2624 alia
614 2591 823 2636 procedant,
847 2591 884 2623 in
907 2590 977 2622 hiis
1000 2590 1157 2634 scriptis,
1184 2589 1219 2620 in
1241 2587 1429 2633 presencia
1455 2586 1506 2618 tui
1529 2586 1659 2618 notarii
1683 2585 1725 2617 ad
1748 2591 1901 2617 sanctam
1926 2584 2047 2616 sedem

186 2657 417 2702 apostolicam
451 2670 608 2702 provoco
635 2664 669 2690 et
696 2657 856 2702 appello,
888 2668 1100 2701 supponens
1129 2667 1184 2687 me
1212 2661 1244 2686 et
1277 2666 1351 2686 mea
1383 2659 1415 2685 et
1449 2658 1577 2684 statum
1613 2663 1729 2683 meum
1769 2650 1983 2695 protectioni
2018 2656 2050 2681 et

187 2724 329 2756 tuitioni
360 2724 454 2756 dicte
485 2724 596 2765 sedis,
624 2730 829 2769 protestans
860 2723 904 2756 de
935 2722 1182 2768 appellacione
1211 2733 1274 2753 seu
1306 2719 1567 2764 provocacione
1597 2717 1806 2761 hujusmodi
1836 2715 2050 2748 insinuanda

188 2796 223 2822 et
247 2790 464 2832 innovanda,
489 2797 524 2823 et
549 2791 593 2823 de
619 2790 795 2835 apostolis
818 2790 898 2822 loco
924 2796 958 2822 et
983 2796 1145 2833 tempore
1169 2786 1350 2832 petendis,
1375 2797 1467 2829 quos
1491 2796 1533 2816 ex
1558 2795 1653 2815 nunc
1677 2783 1783 2815 michi
1810 2795 1826 2814 a
1856 2789 1887 2814 te
1914 2781 2051 2813 notario

189 2855 313 2888 saltem
346 2857 609 2890 testimoniales
640 2857 829 2897 instanter,
863 2855 1063 2888 instancius
1092 2861 1124 2886 et
1156 2852 1417 2886 instantissime
1449 2850 1523 2882 dari
1560 2856 1659 2894 peto,
1701 2855 1904 2893 protestans
1936 2847 2052 2886 ctiam,

312 2917 360 2933 *tf*
380 2915 475 2938 Chare.
499 2915 575 2938 Um'r.
594 2914 689 2939 Paris.
708 2915 752 2937 ΙΙΙ.
1916 2905 1929 2927 4
