2488 3386
460 298 479 328 2
1029 303 1347 327 ana'rcLAmuM
1383 301 1573 324 umvnns.
1610 300 1739 322 PARIS.
2219 284 2318 321 [1350

460 379 573 412 tulum
601 379 675 412 volt
700 379 770 422 (sic)
797 378 953 411 extendi.
984 378 1184 411 Adiciendo
1206 377 1302 422 quod
1324 375 1412 409 tales
1434 375 1485 408 sic
1511 374 1715 407 residentes
1742 373 1834 405 ultra
1863 371 2055 404 terminum
2082 377 2317 403 memoratum

462 457 524 490 per
544 445 770 478 cellerarium
794 445 893 477 Beati
916 444 1116 477 Bernhardi
1138 444 1323 488 capiantur
1343 449 1378 475 et
1397 442 1440 474 ad
1458 441 1601 486 propria
1622 439 1841 472 monasteria
1863 438 2089 471 remittantur
2112 436 2180 469 sub
2196 448 2319 469 mona-

460 511 608 544 chorum
631 511 791 556 ipsorum
819 510 1023 555 sumptibus
1045 517 1079 543 et
1100 509 1281 555 expensis,
1304 509 1339 541 in
1362 507 1494 553 quibus
1516 519 1606 552 pena
1633 505 1752 538 debita
1775 505 1982 550 puniantur.
2010 503 2175 548 Magistri
2201 509 2318 536 autem

461 589 561 610 sacre
583 577 765 622 theologie
782 589 854 609 non
871 577 1125 621 intelliguntur
1141 575 1373 621 presentibus
1395 573 1685 607 ordinationibus
1705 571 1858 617 alligari.

550 644 713 678 Scolares
747 651 863 676 autem
895 644 956 688 qui
984 655 1022 675 se
1057 643 1157 675 horis
1185 642 1325 687 prandii
1353 641 1429 674 sive
1461 652 1549 673 cene
1579 638 1869 684 presumpserint
1898 637 2101 678 absentare,
2127 637 2238 670 nichil
2275 637 2319 671 de

461 711 567 744 bonis
588 710 841 743 communibus
862 710 1086 743 ministretur
1107 709 1259 750 eisdem,
1277 708 1347 741 nisi
1364 708 1400 740 in
1417 708 1497 752 ipso
1519 706 1639 739 studio
1661 712 1852 751 presentes
1873 704 2008 737 suerint
2023 704 2114 749 ipsis
2131 703 2244 737 horis.

548 776 749 809 Abbatibus
771 776 919 809 Ordinis
940 775 1138 820 precipitur
1159 774 1256 819 quod
1279 774 1447 806 decetero
1477 773 1566 805 tales
1590 772 1749 805 scolares
1775 771 1917 803 mittere
1947 770 2130 808 studeant,
2152 770 2214 815 qui
2236 777 2319 803 sunt

460 842 598 875 habiles
615 842 657 875 ad
675 842 888 875 documenta
905 841 1055 874 scientie
1071 840 1255 885 capienda.

549 910 596 942 Ut
621 915 738 941 autem
764 908 850 940 dicti
878 908 1066 940 studentes
1094 913 1189 940 metu
1211 918 1302 951 pene
1328 906 1372 939 ad
1397 906 1556 938 studium
1583 904 1789 937 servencius
1812 904 2030 944 animentur,
2055 903 2319 936 refrenentura

461 975 577 1007 noxiis
595 981 630 1007 et
644 986 662 1006 a
684 973 984 1007 dissolutionibus
1005 980 1206 1014 arceantur,
1228 972 1395 1005 statuitur
1416 978 1454 1004 ut
1474 971 1598 1004 emissi
1619 971 1663 1003 de
1687 970 1807 1003 studio
1831 969 1877 1003 ob
1903 981 1968 1002 sue
1990 969 2174 1014 pravitatis
2197 969 2320 1002 deme-

460 1041 525 1073 rita
541 1041 578 1072 in
598 1040 755 1072 claustro
772 1046 962 1072 teneantur
978 1039 1015 1071 in
1035 1039 1213 1072 artissima
1235 1038 1440 1083 disciplina,
1462 1037 1601 1070 nullum
1623 1037 1797 1081 deinceps
1823 1035 1980 1069 habituri
2001 1035 2157 1068 officium
2181 1035 2320 1081 absque

460 1106 738 1151 dispensacione
759 1105 916 1150 Capituli
937 1105 1131 1150 generalis.

549 1172 702 1204 Domino
718 1171 953 1204 Cisterciensi
970 1178 1005 1204 et
1020 1178 1173 1216 quatuor
1185 1171 1323 1215 primis,
1337 1170 1486 1203 cuilibet
1501 1170 1537 1202 in
1552 1169 1794 1215 generacione
1811 1180 1888 1210 sua,
1900 1168 2125 1210 conceditur,
2142 1174 2320 1213 quatenus

460 1237 619 1278 abbates,
639 1238 699 1282 qui
721 1237 880 1270 scolares
897 1237 1187 1282 indisciplinatos
1203 1237 1369 1270 miserint
1389 1243 1424 1269 et
1445 1236 1589 1269 ociosos
1610 1235 1667 1269 vel
1689 1235 1858 1268 decetero
1879 1235 2022 1268 mittent
2041 1235 2085 1268 ad
2105 1235 2320 1280 Parysiense

461 1304 633 1344 studium,
656 1303 796 1348 possint
817 1303 861 1336 ad
881 1303 1043 1348 ipsorum
1061 1303 1334 1336 revocacionem
1356 1302 1587 1347 compellere,
1610 1302 1728 1334 audita
1750 1301 1931 1334 relacione
1947 1301 2174 1334 visitatorum
2195 1308 2320 1335 contra

462 1369 560 1402 tales.
591 1370 626 1402 Si
651 1381 737 1402 vero
762 1369 909 1402 abbates
935 1370 1087 1414 predicti
1111 1376 1257 1414 recepto
1283 1381 1392 1414 super
1422 1369 1488 1402 hoc
1519 1369 1684 1401 mandato
1712 1380 1729 1401 a
1758 1368 1905 1401 domino
1932 1368 2168 1401 Cistereiensi
2193 1367 2251 1401 vel
2275 1367 2319 1401 ab

460 1435 580 1480 aliquo
602 1442 755 1480 quatuor
771 1435 981 1480 primorum,
999 1442 1107 1480 prout
1121 1436 1165 1468 ad
1182 1447 1305 1468 eorum
1324 1435 1523 1480 quemlibet
1538 1434 1746 1480 pertinebit,
1764 1434 1938 1467 scolarem
1957 1446 2062 1467 suum
2079 1434 2320 1468 incontinenti

461 1506 654 1542 [r]evocare
672 1501 884 1542 renueri[n]t
899 1501 956 1534 vel
977 1509 1181 1535 revocatum
1198 1502 1328 1534 iterum
1345 1502 1536 1542 miseri[n]t
1551 1513 1589 1534 ac
1607 1501 1748 1534 mittere
1766 1501 2095 1546 presumpseri[n]t,
2114 1500 2320 1534 immediate

464 1568 570 1600 unius
595 1567 705 1600 burse
733 1579 797 1612 pro
821 1579 914 1600 anno
936 1567 1028 1600 solvi
1050 1568 1209 1601 Parisius
1231 1575 1404 1601 consuete
1430 1568 1684 1609 mulcte[n]tur,
1706 1567 1869 1612 generali
1890 1567 2059 1612 Capitulo
2081 1567 2320 1601 Cisterciensi

462 1633 686 1678 applicande.

551 1699 763 1733 Bachallarii
785 1700 822 1732 in
848 1712 946 1733 sacra
967 1700 1161 1745 theologia,
1184 1700 1254 1733 nisi
1281 1700 1352 1733 sint
1372 1712 1436 1744 per
1456 1700 1626 1745 generale
1652 1700 1856 1745 Capitulum
1878 1700 1921 1733 ad
1943 1700 2243 1745 prosecucionem
2265 1700 2322 1733 sui

463 1766 570 1799 officii
603 1766 661 1799 vel
690 1766 889 1811 magisterii
919 1766 1065 1798 domino
1102 1766 1335 1799 cancellario³
1370 1767 1530 1799 Parisius
1565 1766 1812 1811 presentandi,
1846 1773 2036 1811 antequam
2068 1773 2323 1811 presentantur

456 1834 580 1877 jurare
606 1832 824 1865 tenebuntur
849 1832 1098 1877 sollempniter
1124 1833 1288 1877 requisiti
1318 1845 1381 1877 per
1409 1833 1633 1878 provisorem
1658 1833 1694 1865 in
1720 1833 1876 1878 capitulo
1898 1833 1997 1866 Beati
2019 1832 2220 1866 Bernhardi
2241 1844 2323 1878 pre-

464 1905 566 1931 sente
597 1899 784 1943 provisore
813 1910 852 1931 ac
882 1898 1050 1931 omnibus
1078 1898 1280 1931 scolaribus
1312 1899 1385 1943 (qui
1415 1899 1582 1944 provisor
1618 1899 1686 1932 sub
1715 1911 1807 1944 pena
1841 1899 2225 1932 excommunicationis
2251 1899 2321 1932 late

464 1965 896 2009 sententiejuramentum
918 1964 1126 2009 hujusmodi
1148 1965 1293 2010 exigere
1316 1967 1502 2009 teneatur),
1521 1966 1618 2010 quod
1636 1978 1716 1998 cum
1733 1966 1776 1998 ad
1794 1966 2053 1999 monasterium
2076 1966 2321 2011 pervenerint,
2360 1974 2363 1978 '

465 2037 587 2064 contra
618 2037 746 2063 statuta
772 2031 933 2071 Ordinis,
963 2031 1153 2076 privilegia
1181 2038 1215 2064 et
1242 2031 1427 2064 libertates
1455 2032 1591 2076 aliquid
1616 2032 1653 2064 in
1677 2033 1837 2065 futurum
1863 2044 1936 2065 non
1966 2032 2228 2077 attemptabunt
2259 2044 2324 2078 per

466 2109 504 2130 se
530 2097 586 2130 vel
608 2108 671 2141 per
691 2097 798 2129 alium
821 2109 885 2129 seu
906 2097 1009 2138 alios,
1032 2109 1097 2130 nec
1123 2104 1332 2142 attemptare
1360 2110 1577 2142 quocunque
1604 2098 1726 2131 colore
1755 2099 1882 2131 dolose
1908 2099 2051 2143 quesito
2078 2098 2326 2143 procurabunt

466 2175 530 2196 seu
556 2163 735 2207 patientur
760 2175 824 2207 pro
854 2175 962 2207 posse
993 2175 1058 2196 suo
1090 2164 1286 2208 procurari,
1314 2164 1538 2208 impetrando
1570 2171 1692 2197 contra
1720 2171 1850 2197 statuta
1880 2165 2044 2203 Ordinis,
2075 2165 2265 2210 privilegia
2290 2171 2326 2198 et

467 2229 666 2267 libertates,
693 2241 757 2261 nec
785 2229 908 2261 eadem
936 2236 1145 2274 presumant
1171 2230 1227 2263 vel
1254 2230 1499 2274 procurabunt
1527 2243 1591 2275 per
1623 2243 1661 2263 se
1693 2231 1751 2263 vel
1774 2243 1838 2275 per
1862 2230 1971 2263 alium
1999 2231 2088 2263 clam
2122 2231 2180 2264 vel
2210 2231 2323 2276 palam

468 2295 667 2339 infringere
698 2306 762 2327 seu
789 2295 1063 2339 quomodolibet
1093 2295 1179 2328 alias
1209 2296 1433 2341 impugnare.
1470 2297 1576 2339 Quod
1610 2297 1641 2329 si
1677 2297 1728 2329 sic
1755 2298 1878 2341 jurare
1909 2297 2106 2338 noluerint,
2137 2297 2325 2342 priventur

469 2361 594 2406 gratiis
623 2361 659 2392 in
685 2360 852 2393 domibus
879 2362 1035 2406 propriis
1061 2361 1130 2394 sibi
1158 2362 1272 2403 factis,
1298 2374 1415 2407 neque
1437 2370 1584 2407 sperent
1605 2362 1648 2395 ab
1672 2362 1809 2396 Ordine
1834 2363 1985 2407 gratiam
2010 2363 2178 2408 aliquam.
2203 2364 2248 2396 Et
2269 2370 2325 2397 est

468 2427 626 2459 intencio
652 2427 833 2471 generalis
861 2427 1016 2472 Capituli
1043 2428 1139 2472 quod
1166 2428 1232 2461 hec
1262 2428 1434 2461 diffinieio
1460 2441 1499 2462 se
1526 2429 1694 2462 extendat
1719 2429 1761 2462 ad
1789 2441 2004 2473 quecunque
2032 2429 2181 2462 Ordinis
2208 2430 2324 2463 nostri

468 2493 584 2525 studia
593 2519 655 2524 .....

557 2559 771 2603 Quicunque
796 2559 946 2600 litteras,
970 2572 1109 2604 preces,
1132 2561 1246 2593 minas
1267 2573 1285 2593 a
1307 2561 1474 2605 personis
1496 2574 1565 2606 que
1587 2574 1659 2594 non
1680 2568 1764 2594 sunt
1784 2562 1828 2594 de
1850 2562 1987 2595 Ordine
2008 2568 2133 2595 nostro
2155 2574 2220 2607 pro
2241 2574 2325 2607 pro-

469 2624 689 2657 motionibus
711 2625 753 2657 ad
775 2625 1021 2670 magisterium
1044 2626 1100 2659 vel
1126 2626 1341 2660 litteraturas
1369 2627 1549 2671 quaslibet
1575 2627 1786 2672 impetrans,
1815 2628 1869 2661 vel
1895 2628 2094 2672 impetratis
2123 2628 2173 2660 uti
2197 2640 2325 2673 presu-

470 2701 584 2730 mens,
611 2690 781 2723 inhabilis
807 2691 853 2723 sit
878 2691 1024 2723 omnino
1047 2692 1089 2724 ad
1111 2692 1218 2724 istmn
1245 2693 1409 2737 gradum,
1438 2705 1543 2737 quem
1570 2694 1621 2726 sic
1648 2693 1763 2726 voluit
1788 2693 1934 2735 habere,
1962 2706 2028 2726 nee
2056 2694 2224 2726 decetero
2254 2694 2325 2727 nisi

467 2767 510 2788 ex
540 2756 817 2800 dispensacione
852 2756 1087 2790 obtinendum
1117 2758 1272 2802 Capituli
1303 2759 1496 2803 generalis.
1531 2760 1749 2804 Quicunque
1782 2771 1846 2804 per
1876 2760 2049 2792 Ordinem
2078 2767 2324 2805 presentatum

468 2833 530 2866 per
556 2834 595 2854 se
620 2822 676 2855 vel
701 2822 808 2854 alium
835 2823 922 2855 clam
950 2823 1005 2855 vel
1030 2823 1142 2868 palam
1169 2824 1372 2869 impedierit
1399 2837 1463 2857 seu
1489 2826 1656 2870 impediri
1682 2826 1942 2870 procuraverit,
1969 2838 2011 2858 ex
2038 2838 2133 2858 nunc
2155 2833 2262 2871 prout
2281 2838 2324 2859 ex

591 2879 611 2902 1.
