2488 3386
417 334 479 366 168
988 339 1307 362 enan'rULaamM
1343 338 1532 360 umvmzs.
1570 337 1700 358 PARIS.
2117 363 2119 366 ι
2176 322 2274 359 [1367

414 423 516 461 peret
542 417 700 460 prefatus
729 415 901 459 magister
930 416 1058 447 Petrus
1086 414 1130 446 de
1161 413 1283 457 Zippa,
1312 412 1428 444 dictos
1458 411 1621 451 militem,
1649 410 1851 442 servientes
1882 416 1917 441 et
1945 409 2036 441 alios
2062 409 2275 442 invadentes

414 495 477 515 seu
506 482 717 515 obsidentes
738 493 971 526 compescere
994 487 1027 513 et
1051 492 1172 525 pacem
1197 480 1319 512 fovere
1344 478 1508 523 cupiens,
1534 477 1577 510 ad
1605 476 1780 521 quandam
1808 476 2002 508 fenestram
2028 476 2122 508 dicte
2146 475 2275 508 domus

413 550 586 589 existens,
617 561 696 581 cum
725 548 815 592 ipsis
838 547 1093 580 invadentibus
1121 545 1244 579 verbis
1271 545 1415 578 blandis
1446 551 1480 577 et
1505 542 1758 576 amicabilibus
1784 542 1927 575 locutus
1955 542 2083 583 suerat,
2113 542 2275 587 rogando

413 628 490 655 (ξος,
514 622 549 647 ut
581 614 650 647 sibi
677 614 835 659 placeret
856 614 952 658 quod
979 625 1059 646 cum
1084 613 1179 645 dicto
1209 612 1321 644 milite
1350 611 1462 656 gueli,
1486 611 1528 643 ad
1557 610 1663 642 finem
1689 609 1787 654 pacis
1814 615 1846 641 et
1873 609 2068 641 concordie
2094 608 2274 649 habende,

413 682 636 726 loqueretur,
661 687 695 713 et
717 681 798 725 ipso
823 680 995 725 magistro
1022 681 1127 712 Petro
1150 679 1194 711 ad
1220 678 1370 711 eandem
1394 678 1588 709 fenestram
1615 682 1772 720 apertam
1796 675 1973 708 existente
2000 682 2033 708 et
2059 687 2139 708 cum
2168 675 2275 708 dictis

413 747 680 788 invadentibus,
695 754 733 780 ut
753 747 963 792 predicitur,
981 746 1225 790 colloquente,
1242 745 1349 777 iidem
1365 743 1578 777 invadentes
1595 743 1639 775 de
1654 742 1809 787 quodam
1826 742 1991 774 viretono
2007 753 2071 774 seu
2088 742 2216 786 sagitta
2231 741 2274 775 ab

413 815 503 859 ipsis
534 813 789 847 invadentibus
811 819 922 846 tracto
943 812 1000 845 vel
1024 818 1132 844 tracta
1162 811 1295 843 dictum
1322 811 1533 855 magistrum
1564 811 1707 841 Petrum
1736 808 1772 840 in
1800 808 1880 841 loco
1902 808 1963 841 tali
1983 808 2274 850 vulneraverant,

414 881 509 925 quod
543 881 572 913 si
604 892 667 925 per
696 879 919 912 latitudinem
950 885 1103 923 quatuor
1136 877 1331 922 digitorum
1364 876 1449 909 alibi
1480 888 1592 921 prope
1621 875 1754 908 vulnus
1786 874 1996 919 hujusmodi
2025 875 2191 908 viretono
2217 874 2276 908 vel

414 947 541 991 sagitta
562 947 772 979 vulneratus
798 946 941 986 fuisset,
963 945 1041 989 ipse
1072 944 1245 989 magister
1272 945 1400 976 Petrus
1422 955 1464 975 ex
1486 942 1610 975 eadem
1634 941 1892 975 vulneracione
1914 941 2156 974 incontinenti
2178 953 2275 974 mor-

414 1020 495 1046 tuus
516 1013 705 1046 extitisset.
730 1014 772 1045 Et
789 1024 939 1044 unacum
965 1011 1033 1044 hoc
1056 1010 1200 1055 quidam
1217 1010 1364 1054 juvenis
1386 1010 1422 1041 in
1440 1009 1563 1042 eadem
1587 1009 1694 1041 domo
1712 1020 1791 1041 cum
1814 1008 1894 1052 ipso
1916 1009 2090 1053 magistro
2113 1009 2219 1041 Petro
2241 1014 2276 1041 et

413 1081 490 1123 ejus
512 1079 713 1111 scolaribus
734 1090 974 1118 commorans,
998 1077 1041 1109 de
1059 1077 1210 1121 quadam
1229 1076 1357 1121 sagitta
1378 1076 1493 1108 fuerat
1515 1076 1550 1107 in
1572 1074 1720 1107 brachio
1736 1074 1961 1107 vulneratus.

503 1148 543 1178 Et
563 1146 632 1178 hiis
650 1146 701 1178 sic
717 1145 819 1185 actis,
837 1144 964 1189 prefati
985 1143 1090 1176 miles
1107 1143 1206 1188 gueti
1228 1150 1263 1175 et
1282 1155 1363 1175 cum
1385 1154 1427 1175 eo
1446 1142 1671 1183 invadentes,
1689 1141 1879 1186 cupientes
1895 1142 2043 1174 eosdem
2062 1142 2273 1186 magistrum

411 1219 446 1244 et
474 1212 632 1245 scolares
663 1211 937 1256 apprehendere
964 1217 998 1243 et
1022 1210 1127 1243 morti
1151 1209 1305 1250 tradere,
1328 1221 1400 1241 non
1422 1208 1653 1241 obstantibus
1678 1208 1800 1241 verbis
1823 1208 2002 1249 honestis,
2027 1208 2274 1242 tractabilibus

411 1267 715 1311 et‘amicahililms
736 1278 899 1322 ejusdem
922 1277 1085 1320 magistri
1107 1277 1216 1317 Petri,
1242 1288 1306 1321 per
1326 1283 1442 1308 certas
1466 1276 1594 1308 domos
1618 1275 1819 1308 vicinorum
1842 1275 1972 1308 domus
1994 1275 2156 1320 predicte
2176 1275 2275 1320 ipso-

412 1358 486 1377 rum
510 1345 672 1390 magistri
694 1345 788 1377 Petri
810 1351 845 1377 et
861 1345 939 1389 ejus
960 1344 1152 1377 scolarium
1171 1343 1403 1383 intraverant,
1427 1349 1462 1375 et
1482 1355 1623 1375 murum
1645 1354 1710 1375 seu
1725 1342 1927 1375 clausuram
1945 1342 2075 1375 domus
2095 1342 2275 1375 antedicte

412 1412 549 1444 malleis
577 1411 758 1444 fabrorum
784 1418 819 1444 et
847 1411 927 1444 aliis
960 1411 1213 1443 instrumentis
1239 1409 1484 1442 mediantibus
1516 1415 1687 1453 ruperant
1708 1421 1772 1442 seu
1796 1409 1912 1454 rumpi
1933 1416 1969 1441 et
1988 1409 2157 1441 demoliri
2179 1409 2275 1442 fece—

411 1485 498 1510 rant.
522 1479 625 1520 Quod
650 1478 779 1511 videns
802 1478 899 1510 idem
922 1478 1094 1522 magister
1115 1478 1256 1517 Petrus,
1278 1477 1322 1509 ad
1343 1476 1499 1521 aliquem
1522 1483 1708 1509 tractatum
1737 1487 1801 1520 per
1827 1488 1907 1508 eum
1931 1475 2090 1508 oblatum
2112 1475 2274 1508 exaudiri

411 1557 481 1576 non
504 1545 642 1585 valens,
665 1557 708 1577 ne
735 1545 897 1577 deterius
918 1544 1002 1576 inde
1026 1544 1267 1589 contingeret,
1290 1556 1329 1576 se
1351 1550 1383 1576 et
1415 1555 1503 1576 suos
1531 1543 1635 1575 militi
1661 1543 1761 1588 gueti
1787 1549 1823 1575 et
1846 1555 1926 1575 cum
1954 1554 1996 1575 eo
2018 1542 2274 1575 invadentibus

410 1623 472 1643 seu
505 1611 743 1655 complicibus
775 1611 980 1651 antedictis,
1012 1610 1231 1650 reddiderat,
1261 1609 1378 1642 hostia
1409 1616 1444 1642 et
1470 1610 1663 1654 ingressus
1691 1609 1786 1642 dicte
1814 1609 1944 1641 domus
1970 1620 2036 1641 sue
2059 1608 2270 1653 aperiendo.

410 1677 550 1719 Quibus
575 1678 708 1722 apertis
734 1678 843 1710 iidem
864 1677 1076 1710 invadentes
1099 1689 1162 1709 seu
1185 1677 1418 1721 quamplures
1446 1677 1645 1709 eorundem
1668 1676 1797 1709 dictam
1823 1676 1968 1708 domum
1990 1676 2211 1709 intraverant
2237 1681 2273 1708 et

410 1745 607 1789 aliquarum
630 1756 850 1777 camerarum
871 1744 1034 1789 ipsorum
1063 1744 1226 1789 magistri
1253 1744 1348 1776 Petri
1377 1750 1411 1776 et
1438 1744 1516 1788 ejus
1541 1743 1734 1776 scolarium
1756 1742 1886 1776 hostiis
1916 1743 2066 1776 firmatis
2093 1742 2273 1776 violenter

411 1824 474 1856 per
495 1824 558 1844 eos
587 1811 701 1856 ruptis
732 1818 767 1844 et
795 1811 929 1852 fractis,
953 1811 1096 1843 easdem
1119 1823 1278 1843 cameras
1300 1817 1334 1843 et
1355 1810 1432 1843 loca
1461 1810 1624 1855 ejusdem
1647 1810 1778 1843 domus
1799 1810 2020 1843 intraverant
2043 1816 2078 1842 et
2098 1808 2272 1842 nonnulla

409 1878 501 1911 bona
525 1877 671 1910 mobilia
697 1877 895 1910 eorundem
926 1877 1088 1922 magistri
1116 1877 1210 1910 Petri
1237 1884 1272 1910 et
1299 1889 1447 1909 suorum
1471 1877 1666 1909 scolarium
1694 1883 1865 1921 ceperant
1886 1883 1921 1909 et
1946 1888 2083 1916 secum,
2112 1875 2272 1909 violento

409 1945 617 1989 hujusmodi
639 1944 857 1989 dampnabili
878 1945 970 1976 sacto
992 1944 1183 1985 mediante,
1207 1944 1412 1977 detulerant
1432 1956 1496 1976 seu
1515 1944 1648 1976 descrri
1670 1944 1842 1984 fecerant,
1865 1950 1926 1976 aut
1946 1943 2071 1975 saltem
2089 1954 2153 1988 per
2173 1943 2272 1988 ipso-

410 2024 485 2044 rum
509 2011 724 2056 complicum
746 2018 806 2043 aut
821 2011 1067 2044 invadentium
1089 2011 1219 2043 factum
1244 2017 1279 2043 et
1299 2010 1439 2055 culpam
1462 2010 1713 2055 dampnabiles
1730 2010 1870 2055 perdita
1893 2011 2046 2042 fuerant.

499 2078 673 2110 Dicebant
704 2079 902 2122 preterea5,
933 2077 1042 2122 quod,
1070 2089 1148 2110 cum
1180 2077 1283 2110 miles
1311 2078 1411 2122 gueti
1440 2077 1717 2122 servientesque
1748 2083 1783 2109 et
1809 2077 1868 2109 alii
1899 2077 2113 2109 invadentes
2141 2076 2270 2109 dictam

410 2145 554 2177 domum
571 2151 604 2177 et
621 2146 699 2189 ejus
714 2144 791 2177 loca
808 2144 967 2188 ingressi
985 2151 1019 2176 et
1035 2145 1249 2189 perscrutati
1264 2145 1432 2181 fuissent,
1446 2144 1516 2189 ipsi
1534 2144 1652 2177 dictos
1667 2144 1879 2189 magistrum
1893 2145 2036 2176 Petrum
2050 2149 2085 2176 et
2099 2144 2178 2188 ejus
2192 2154 2273 2175 sco·

411 2211 503 2243 lares
520 2223 558 2244 ac
575 2211 665 2243 alios
687 2211 731 2243 de
748 2223 811 2244 sua
832 2211 998 2244 comitiva
1023 2211 1219 2244 crudeliter
1236 2218 1408 2256 ceperant
1424 2218 1459 2244 et
1475 2211 1717 2256 arripuerant,
1735 2217 1770 2243 et
1786 2223 1897 2243 unum
1914 2211 2087 2255 juvenem
2109 2210 2271 2254 ipsorum

411 2277 602 2309 scolarium
626 2278 661 2309 in
686 2278 810 2310 eadem
832 2277 938 2310 domo
963 2284 1047 2310 tunc
1068 2278 1281 2310 existentem
1306 2290 1369 2322 per
1389 2278 1525 2322 gradus
1547 2278 1677 2310 domus
1698 2277 1789 2310 adeo
1811 2276 2010 2309 crudeliter
2030 2277 2272 2321 projecerant,

411 2344 506 2388 quod
528 2344 564 2376 in
586 2344 700 2388 capite
727 2356 793 2377 suo
820 2344 1033 2377 multimode
1056 2345 1172 2377 suerat
1196 2344 1407 2377 vulneratus
1431 2345 1624 2389 ipsumque
1644 2345 1815 2388 juvenem
1838 2344 2063 2388 fugaverant,
2081 2353 2272 2388 quousque

410 2411 446 2442 in
471 2422 597 2454 aquam
620 2411 755 2442 Secane
775 2422 881 2442 causa
907 2411 1112 2443 securitatis
1138 2410 1346 2451 intraverat,
1369 2411 1405 2443 in
1426 2423 1494 2455 qua
1516 2410 1661 2455 quidem
1689 2422 1780 2455 aqua
1802 2409 2017 2443 submersus
2037 2409 2180 2451 fuisset,
2202 2409 2273 2442 nisi

411 2488 474 2521 per
495 2476 671 2521 quandam
695 2476 882 2509 mulierem
911 2476 1045 2509 ibidem
1072 2489 1090 2509 a
1115 2488 1201 2509 casu
1227 2477 1546 2521 supervenientem
1568 2483 1749 2510 extractus
1777 2477 1968 2517 extitisset,
1997 2482 2058 2509 aut
2085 2475 2172 2508 alias
2195 2475 2274 2520 ipsa

411 2543 540 2575 mulier
569 2542 639 2575 sibi
669 2543 923 2576 succurrisset.
951 2543 1211 2588 Predictosque
1239 2544 1450 2588 magistrum
1482 2545 1625 2576 Petrum
1655 2550 1689 2576 et
1718 2543 1810 2576 alios
1836 2543 1996 2576 scolares
2017 2554 2097 2575 cum
2118 2542 2199 2587 ipso
2220 2541 2273 2575 sic

412 2609 573 2642 redditos
595 2616 630 2642 et
649 2616 772 2654 captos
793 2610 830 2642 in
853 2610 981 2642 itinere
1003 2610 1149 2654 publico
1180 2610 1344 2642 ordinate
1370 2610 1406 2642 in
1432 2610 1507 2642 luto
1533 2610 1653 2643 viliter
1681 2622 1744 2643 eos
1772 2609 1999 2643 verberando
2027 2609 2157 2642 sedere
2177 2609 2273 2641 fece-

411 2683 490 2709 rant
506 2683 541 2708 et
561 2675 820 2720 compulerant.
848 2677 890 2708 Et
910 2676 1041 2708 deinde
1069 2676 1171 2720 ipsos
1193 2688 1257 2720 per
1278 2676 1422 2709 brachia
1443 2677 1626 2717 ferociter,
1649 2683 1816 2721 tanquam
1841 2676 2015 2717 latrones,
2036 2674 2218 2708 muru-arii
2238 2681 2275 2708 et

411 2742 590 2775 homicide
607 2749 667 2775 aut
686 2742 822 2775 inimici
843 2743 958 2775 nostri
978 2743 1147 2780 fuissent,
1166 2743 1292 2775 iterato
1314 2743 1541 2787 arripuerant
1558 2750 1592 2775 et
1608 2750 1778 2787 ceperant
1794 2750 1830 2776 et
1845 2754 1961 2787 usque
1978 2742 2021 2775 ad
2038 2741 2271 2776 Castelletum

411 2815 574 2842 nostrum
606 2809 717 2841 Paris.
747 2809 848 2853 ipsos
871 2815 905 2841 et
935 2809 1125 2853 presertim
1154 2809 1353 2842 Johannem
1385 2809 1429 2841 de
1458 2809 1565 2842 Curia
1597 2820 1701 2841 suum
1728 2809 1976 2842 conseolarem
2006 2820 2087 2841 cum
2122 2807 2274 2841 ensibus

411 2875 611 2920 clipeisque
639 2886 678 2907 ac
705 2874 871 2908 manibus
898 2886 962 2907 seu
989 2875 1122 2919 pugnis
1144 2875 1220 2908 suis
1242 2874 1461 2916 c[hir]otecis
1481 2875 1611 2907 ferreis
1636 2876 1795 2916 armatis,
1817 2887 1856 2908 ac
1881 2875 1962 2908 aliis
1982 2875 2138 2908 diversis
2159 2885 2274 2906 arma-

2470 2811 2488 3220 ....„..-=-..i...r;.-a·-2-'..1m=v«....fi
2484 2761 2488 2782 ,.
2484 2725 2485 2729 Α
