2488 3386
446 332 510 365 270
1015 337 1333 360 annrcLAnium
1369 334 1558 357 UNIVERS.
1596 334 1725 356 PARls.
2205 320 2305 357 [1379

446 416 533 439 dutum
547 415 660 439 habeant
677 414 756 438 videl.
772 422 820 445 pro
836 413 987 437 doctoribus
1003 416 1028 436 ct
1042 411 1182 435 licentiatis
1198 411 1252 442 xiiij
1268 411 1319 433 kal.
1337 409 1457 433 Decemb.
1474 417 1516 432 an.
1532 408 1619 439 primo
1635 418 1648 430 n
1661 408 1686 435 (i.
1702 416 1724 431 e.
1741 408 1810 436 1378,
1829 407 1955 431 Novemb.
1970 407 2018 438 18),
2032 415 2080 438 pro
2095 407 2156 431 aliis
2170 406 2205 438 xij
2220 410 2246 431 et
2260 407 2306 439 viij

445 461 495 483 kal.
510 460 569 483 Dec.
584 460 619 488 (21
637 462 662 482 et
677 459 705 481 24
723 459 787 481 Nov.
806 458 863 482 Vid.
880 459 941 489 Reg.
959 457 1053 488 Suppl.
1069 457 1149 480 Clem.
1166 456 1220 482 VII,
1241 464 1283 478 an.
1301 455 1323 478 1.
1345 463 1371 485 p.
1388 455 1409 481 7,
1432 453 1475 476 fol.
1492 453 1558 482 99¹²).
1576 453 1618 475 Sic
1634 453 1735 475 rotulus
1755 452 1840 476 Paris.
1857 452 1930 481 (Nov.
1948 452 1985 481 17)
2005 452 2105 475 rotulos
2128 452 2266 475 doctorum
2280 455 2306 475 et

443 505 529 528 licent.
545 504 657 527 aliarum
671 502 877 527 Universitatum
893 503 966 531 (Nov.
983 502 1020 530 18)
1036 509 1087 524 una
1100 501 1141 524 die
1157 499 1338 531 praecedebat.

880 696 1013 727 ROTULI
1040 703 1298 726 PARTICULARES
1326 693 1601 725 UNIVERSITATIS
1627 692 1861 723 PARISOENSIS.

450 797 589 835 1434.
612 814 626 831 ‹
640 805 759 831 Botulus
772 804 898 841 plurium
914 804 1123 838 magistrorum,
1143 802 1298 835 doctorum,
1320 801 1541 830 licentiatorum,
1563 800 1672 826 baccal.
1691 804 1718 826 et
1733 800 1837 827 scolar.
1855 800 1891 827 de
1911 802 2100 827 Universitate
2114 801 2274 827 Parisiens.
2290 810 2305 826 ›

1416 884 1492 913 1378.
1508 883 1623 910 uoremb.
1643 884 1723 910 17-22
1733 899 1767 903 —
1780 884 1853 914 1379.
1871 883 1956 911 Octob.
1971 884 2018 911 28.

533 971 743 1016 Supplicant
763 969 939 1003 sanctitati
960 975 1081 1001 vestre
1102 967 1256 1000 humiles
1275 974 1310 1000 et
1325 967 1446 1000 devoti
1467 973 1631 1000 oratores
1646 967 1759 1000 vestri
1780 967 1905 1012 plures
1926 967 2103 1013 magistri,
2121 967 2304 1007 doctores,

444 1038 628 1078 licentiati,
654 1036 835 1070 bacallarii
857 1042 892 1068 et
912 1035 1071 1068 scolares
1093 1034 1316 1067 diversarum
1340 1033 1546 1067 facultatum
1569 1040 1604 1067 et
1624 1034 1809 1070 nationum
1831 1034 2141 1079 infrascriptarum
2163 1034 2207 1066 de
2228 1045 2305 1078 gre-

444 1106 514 1138 mio
536 1105 665 1137 devote
685 1103 758 1136 filie
774 1109 894 1135 vestre
912 1101 1168 1135 Universitatis
1189 1100 1406 1134 Parisiensis
1429 1100 1599 1145 quatinus
1619 1100 1689 1133 sibi
1711 1100 1890 1146 speciales
1911 1101 2046 1146 gratias
2062 1100 2235 1134 facientes

444 1172 578 1205 eisdem
601 1169 799 1215 dignemini
822 1168 1108 1201 misericorditer
1124 1168 1317 1213 providere
1338 1179 1377 1200 ac
1398 1167 1496 1212 ipsas
1512 1167 1822 1212 [supplicationes]
1841 1167 2047 1201 beatissima
2065 1179 2170 1200 manu
2188 1173 2306 1200 vestra

444 1239 587 1282 signare
609 1249 673 1282 per
694 1250 710 1267 «
733 1236 793 1268 fiat
816 1242 854 1268 ut
874 1235 1007 1280 petitur
1024 1249 1054 1276 »7
1078 1241 1112 1267 et
1133 1234 1177 1267 de
1198 1234 1292 1267 bona
1313 1233 1449 1266 data....

530 1336 564 1361 Et
580 1335 675 1369 primo
690 1334 817 1360 Johanni
832 1332 1026 1363 Brassatoris',
1044 1340 1120 1366 mag.
1139 1332 1168 1357 in
1185 1333 1273 1358 theol.
1291 1334 1318 1358 et
1334 1332 1364 1357 in
1379 1334 1432 1358 art.
1451 1331 1495 1367 [de
1510 1332 1682 1358 canonicatu
1698 1332 1764 1358 cccl.
1782 1331 2003 1367 Cameracensl.

530 1386 602 1410 Item
617 1383 743 1410 Johanni
758 1383 793 1409 de
808 1383 964 1411 Kcrleoret,
982 1382 1074 1415 presb.
1092 1382 1229 1407 Leonens.
1246 1381 1332 1410 dioc„
1347 1389 1424 1407 sacre
1439 1381 1528 1407 theol.
1545 1381 1695 1414 professori
1716 1381 1839 1407 Parisius
1854 1381 1899 1415 [de
1915 1389 1977 1407 can.
1993 1381 2060 1407 eccl.
2078 1380 2254 1416 Baiocensis].

530 1434 601 1459 ltem
618 1433 764 1466 Stephano
786 1432 940 1460 Escaillart,
958 1431 1068 1456 doctori
1089 1431 1118 1455 in
1136 1430 1223 1455 theol.
1245 1437 1277 1455 ac
1297 1438 1373 1462 mag.
1400 1430 1430 1455 in
1452 1432 1504 1455 art.
1533 1430 1630 1459 Paris,
1653 1430 1747 1463 presb.
1774 1430 1958 1456 Laudunens.
1985 1430 2058 1456 dioc.
2083 1429 2127 1464 [de
2150 1438 2212 1457 can.
2236 1430 2303 1457 eccl.

443 1481 651 1516 Ambianens.].

531 1532 602 1557 Item
618 1530 751 1556 Nicholao
770 1529 847 1555 dicto
869 1529 983 1557 Souloe,
999 1536 1062 1553 can.
1086 1528 1176 1559 regul.
1195 1527 1262 1553 Ord.
1282 1528 1308 1553 S.
1325 1528 1410 1559 Aug..
1427 1535 1504 1561 mag.
1524 1528 1552 1553 in
1574 1528 1661 1554 theol.
1679 1529 1707 1553 et
1729 1528 1758 1553 in
1780 1529 1834 1553 art.
1860 1528 1944 1554 Paris.
1962 1527 2007 1562 [de
2021 1528 2158 1554 canonica
2174 1527 2307 1561 portione

443 1581 468 1606 S.
486 1579 634 1606 Saturnini
649 1579 770 1604 Tholosc
782 1578 873 1611 ejusd.
889 1576 1023 1611 Ordinis}

530 1629 603 1654 Item
618 1627 744 1653 Johanni
757 1627 792 1653 de
808 1626 926 1655 Sanctis.
942 1634 1018 1659 mag.
1034 1626 1063 1651 in
1079 1626 1180 1655 theol..
1195 1633 1257 1651 can.
1276 1626 1367 1658 regul.
1385 1625 1452 1651 Ord.
1471 1626 1497 1651 S.
1515 1626 1681 1659 Augustini.

530 1678 601 1703 Item
616 1676 743 1702 Johanni
759 1675 869 1704 Solacii.
885 1675 990 1708 presb,
1006 1674 1117 1700 doctori
1132 1674 1237 1700 decret.
1254 1675 1337 1700 l‘ariS.
1353 1676 1381 1701 et
1396 1675 1493 1701 licent.
1510 1674 1541 1700 in
1556 1675 1611 1708 leg.
1629 1674 1675 1709 [de
1687 1682 1750 1701 cau.
1768 1675 1835 1701 eccl.
1851 1675 2086 1709 Cenomanens.].

532 1727 603 1752 Item
618 1725 782 1751 Theobaldo
797 1724 990 1756 Boulengarii,
1004 1723 1080 1749 doct.
1095 1724 1200 1749 decret.
1217 1723 1314 1752 Paris..
1332 1723 1392 1749 bac.
1410 1724 1440 1749 in
1456 1724 1510 1757 leg.
1526 1723 1571 1758 [de
1583 1732 1646 1750 can.
1661 1724 1728 1750 eccl.
1746 1724 1915 1758 Baiocens.].

530 1776 602 1801 Item
618 1774 724 1799 Herveo
740 1773 872 1801 Costroti.
889 1773 965 1798 doct.
980 1772 1085 1798 decreI.
1105 1772 1201 1800 Paris..
1219 1773 1311 1805 presb.
1330 1772 1532 1805 corisopitens.
1550 1773 1623 1798 dioc.
1642 1772 1685 1807 [de
1701 1781 1763 1798 can.
1781 1773 1848 1799 eccl.
1867 1772 1973 1807 Paris.].

530 1824 601 1849 Item
619 1822 765 1848 Salomoni
778 1822 813 1847 de
830 1821 998 1854 Lesquelen,
1015 1821 1080 1846 cler.
1097 1821 1251 1853 Leodyens.
1263 1821 1349 1850 dioc..
1361 1821 1466 1847 decret.
1479 1821 1555 1847 doct.
1570 1822 1654 1847 Paris.
1667 1823 1696 1847 et
1712 1822 1771 1848 bac.
1788 1822 1817 1847 in
1832 1822 1885 1854 leg.
1901 1821 1946 1856 [de
1958 1829 2020 1848 can.
2033 1822 2100 1848 eccl.
2113 1821 2303 1857 Carnotens.].

531 1873 603 1897 Item
618 1871 745 1897 Johanni
758 1870 900 1903 Wilquini
917 1869 1075 1898 Parisiensi.
1092 1870 1121 1894 in
1138 1871 1264 1902 utroque
1276 1870 1342 1903 jure
1358 1869 1453 1896 licent.
1470 1869 1514 1904 [de
1529 1878 1591 1896 can.
1607 1871 1674 1896 eccl.
1692 1869 1798 1904 I’aris.].

531 1922 603 1946 Item
620 1921 703 1946 Petro
718 1919 838 1948 Luchas,
853 1918 958 1952 presb..
976 1918 1006 1943 in
1022 1920 1149 1951 utroque
1160 1918 1227 1951 jure
1242 1918 1338 1944 licent.
1355 1917 1399 1953 [de
1413 1926 1476 1944 can.
1491 1919 1558 1945 eccl.
1577 1919 1741 1954 BaiocensJ.

530 1969 602 1996 Item
618 1969 778 1995 GuilIermo
794 1968 936 1996 Delmeto,
954 1967 1059 2000 presb..
1076 1967 1106 1992 in
1122 1968 1248 2000 utroque
1260 1967 1326 2000 jure
1342 1967 1438 1993 licent.
1453 1969 1481 1993 et
1496 1976 1573 2000 mag.
1591 1968 1619 1993 in
1634 1970 1687 1994 art.
1703 1969 1789 1994 Paris.
1806 1968 1851 2003 [de
1866 1976 1928 1994 can.
1946 1969 2012 1995 eccl.
2030 1968 2204 2004 Constant.].

533 2019 602 2044 Item
617 2017 778 2043 Guillermo
795 2016 923 2046 Salnerii,
939 2016 1042 2049 presb..
1060 2016 1104 2041 lic.
1123 2016 1152 2041 in
1168 2016 1243 2041 decr.
1261 2018 1289 2042 et
1305 2016 1365 2042 bac.
1382 2016 1413 2042 in
1426 2017 1481 2050 leg.
1499 2016 1544 2051 [de
1557 2025 1619 2043 can.
1637 2018 1704 2043 eccl.
1722 2018 1916 2051 Ebroycens.].

531 2069 602 2093 Item
617 2067 727 2092 Thome
739 2065 775 2091 de
790 2066 877 2094 Mora,
894 2073 971 2098 mag.
990 2065 1019 2090 in
1035 2066 1088 2090 art.
1106 2066 1134 2090 et
1149 2065 1244 2091 licent.
1262 2065 1292 2090 in
1308 2066 1362 2097 leg.
1378 2073 1410 2091 ac
1424 2066 1484 2092 bac.
1500 2066 1530 2091 in
1546 2066 1620 2092 decr.
1641 2066 1686 2100 [de
1700 2075 1763 2093 cau.
1779 2068 1845 2093 eccl.
1866 2066 2045 2101 Belvacens.].

529 2117 601 2142 Item
616 2115 751 2141 Nicholao
766 2114 927 2142 Domicelli.
945 2122 1022 2146 mag.
1039 2114 1070 2139 in
1085 2115 1150 2142 art..
1168 2114 1265 2139 licent.
1283 2114 1313 2139 in
1329 2115 1383 2147 leg.
1400 2122 1432 2140 ac
1447 2115 1507 2141 bac.
1524 2115 1553 2140 in
1567 2115 1643 2141 decr.
1662 2115 1707 2149 [de
1722 2124 1785 2141 can.
1803 2116 1870 2142 eccl.
1888 2115 2078 2150 Carnotens.].

529 2166 601 2191 Item
616 2164 777 2190 Guillermo
789 2163 824 2188 de
840 2163 1012 2191 Herouvilla,
1030 2162 1126 2188 licent.
1144 2163 1174 2188 in
1190 2163 1244 2195 leg.
1262 2165 1287 2188 eI
1305 2163 1334 2188 in
1350 2165 1403 2188 art.
1421 2171 1452 2189 ac
1467 2164 1527 2189 hac.
1546 2164 1576 2189 in
1591 2164 1666 2190 decr.
1683 2164 1727 2199 [dc
1742 2173 1804 2190 can.
1823 2165 1889 2190 eccl.
1907 2165 2128 2200 Cameracens.].

530 2215 601 2239 Item
617 2212 761 2238 Ludovico
773 2211 882 2239 Clerici.
898 2211 1004 2244 presb..
1021 2211 1116 2236 licent.
1136 2211 1166 2236 in
1179 2212 1233 2244 leg.
1251 2213 1277 2237 eI
1295 2212 1354 2238 bac.
1374 2212 1403 2238 iu
1416 2212 1491 2238 decr.
1511 2212 1556 2247 [de
1572 2221 1634 2239 can.
1652 2214 1719 2239 eccl.
1735 2213 1930 2247 Tornacens.].

530 2264 601 2288 Item
618 2262 700 2287 Petro
715 2260 837 2289 Fresnel.
854 2260 933 2288 cler..
951 2260 1046 2285 licent.
1065 2260 1094 2285 in
1109 2260 1162 2292 leg.
1180 2262 1208 2285 ct
1224 2261 1283 2286 bac.
1302 2261 1331 2286 in
1347 2261 1423 2286 decr.
1440 2260 1484 2296 [de
1499 2270 1561 2287 can.
1576 2263 1643 2288 eccl.
1659 2261 1874 2297 Suessionensq.

530 2312 600 2337 Item
615 2310 776 2336 Guillermo
789 2309 824 2335 de
837 2309 952 2337 Cornal,
967 2309 1062 2334 licent.
1082 2309 1111 2334 in
1128 2310 1181 2342 leg.
1200 2311 1227 2335 et
1243 2310 1303 2335 bac.
1321 2310 1350 2335 in
1365 2310 1440 2336 decr.
1459 2310 1504 2344 [de
1519 2319 1582 2336 can.
1599 2312 1666 2337 eccl.
1685 2311 1865 2346 Senonens.].

528 2361 600 2385 Item
616 2359 761 2385 Germano
776 2358 811 2383 de
824 2358 911 2386 Valle,
928 2358 1033 2390 presb,
1051 2358 1147 2383 licent.
1165 2358 1195 2383 in
1211 2359 1265 2391 leg.
1283 2360 1311 2384 et
1323 2361 1376 2384 art.
1396 2358 1440 2394 [de
1454 2367 1517 2385 can.
1535 2361 1602 2386 eccl.
1622 2361 1807 2394 Lexoviens.].

528 2409 599 2434 Item
615 2406 741 2433 Johanni
755 2406 871 2435 Boutin.
886 2406 964 2435 cler.‚
982 2413 1058 2438 mag.
1074 2406 1103 2431 iu
1116 2408 1169 2431 art.
1187 2408 1215 2432 et
1230 2407 1326 2433 licent.
1343 2408 1372 2432 in
1388 2408 1442 2440 leg.
1462 2407 1506 2442 [dc
1521 2416 1584 2434 can.
1600 2409 1667 2435 eccl.
1685 2409 1904 2443 Cameracensj.

528 2458 599 2483 Item
615 2457 725 2489 Rogero
738 2454 900 2483 Alemanni.
918 2455 996 2483 cler..
1013 2454 1109 2480 licent.
1127 2455 1157 2480 in
1173 2455 1227 2488 leg.
1243 2455 1288 2490 [de
1303 2464 1365 2482 can.
1381 2457 1448 2482 eccl.
1465 2457 1672 2492 Laudunens.].

529 2507 601 2532 Item
616 2505 739 2530 Martino
753 2504 789 2529 de
804 2504 890 2532 Mora,
907 2503 986 2531 cler..
1003 2503 1099 2529 licent.
1118 2504 1147 2529 in
1164 2504 1217 2536 leg.

531 2556 601 2580 Item
616 2553 773 2587 Reginaldo
787 2552 822 2578 de
838 2552 992 2581 Montibus,
1007 2552 1103 2578 lIcent.
1121 2553 1151 2578 iu
1167 2553 1221 2586 leg.
1240 2552 1284 2587 [de
1299 2561 1361 2579 can.
1377 2555 1443 2580 eccl.
1462 2555 1645 2590 Belvacens.].

530 2604 601 2629 Item
616 2601 743 2627 Dionisio
756 2601 881 2629 Vilhani‚
899 2600 1003 2634 presb..
1020 2601 1050 2625 in
1064 2602 1189 2634 utroque
1201 2602 1268 2634 jure
1283 2602 1379 2628 lit-ent.
1397 2602 1442 2636 [de
1456 2611 1519 2629 can.
1537 2604 1604 2630 eccl.
1623 2604 1804 2639 Senonensff.

530 2653 599 2678 Item
616 2651 698 2676 Petro
713 2650 864 2678 Gimberti,
881 2649 983 2682 presb..
999 2649 1095 2675 licent.
1114 2650 1143 2675 in
1158 2650 1233 2676 decr.
1251 2658 1282 2676 ac
1298 2651 1427 2677 sIudeuti
1444 2652 1565 2678 Parisius
1579 2651 1624 2688 [de
1640 2661 1702 2679 can.
1718 2654 1784 2680 eccl.
1802 2653 2027 2688 Aurelianens.].

529 2702 599 2726 Item
616 2700 698 2725 Petro
710 2699 746 2724 dc
760 2698 948 2726 Morencuria.
963 2698 1068 2730 presl).‚
1087 2698 1181 2724 licent.
1200 2699 1231 2724 in
1245 2699 1321 2725 decr.
1338 2700 1422 2726 Paris.
1441 2700 1487 2734 [de
1499 2709 1561 2727 can.
1577 2702 1644 2728 eccl.
1660 2702 1816 2737 Meldens.].

528 2750 599 2775 Item
614 2747 740 2774 Johanni
756 2746 882 2772 Boiliaue
895 2746 1052 2775 Parisiensi.
1069 2747 1165 2772 licent.
1183 2747 1214 2773 in
1227 2749 1353 2781 utroque
1365 2749 1431 2781 jure
1446 2748 1490 2783 [de
1505 2757 1567 2776 can.
1585 2751 1652 2776 cccl.
1671 2751 1777 2786 Paris.].

530 2799 600 2824 Item
616 2797 721 2823 Jacobo
735 2795 815 2821 Parvi
829 2795 1025 2823 Ambianensi.
1041 2795 1136 2821 licent.
1155 2796 1185 2821 in
1201 2798 1328 2830 utroque
1340 2797 1405 2830 jure
1422 2797 1468 2832 [de
1483 2806 1545 2824 can.
1561 2800 1627 2825 eccl.
1646 2800 1856 2833 Ambianens.].

529 2848 599 2873 Item
617 2847 698 2872 Petro
714 2845 925 2877 Loustourguc,
942 2844 1008 2869 cler.
1024 2844 1202 2870 Atrebatens.
1219 2845 1305 2875 dioc..
1323 2846 1419 2872 licent.
1434 2847 1465 2872 in
1481 2847 1547 2880 leg..
1565 2848 1626 2874 bac.
1644 2849 1674 2874 in
1689 2849 1765 2875 decr.
1785 2848 1829 2884 [de
1844 2857 1906 2875 cau.
1923 2849 1991 2876 eccl.
2007 2848 2209 2884 ,ΛΠ-6138131154.

528 2897 600 2922 Item
615 2893 741 2921 Johanni
755 2893 791 2919 de
806 2892 972 2918 Morvillaris
988 2893 1135 2923 Ambian..
1152 2893 1247 2919 licent.
1266 2894 1296 2919 in
1312 2895 1366 2927 leg.
1384 2895 1430 2927 [de
1444 2903 1507 2921 can.
1525 2897 1592 2926 eccl.
1612 2897 1818 2932 Laudunens.].
