2488 3386
442 330 507 362 278
1015 335 1331 358 emim-nmmum
1366 334 1555 356 umvnns.
1592 333 1720 355 PARts.
2200 318 2300 355 [1379

530 413 600 438 Item
616 411 759 437 Almarico
775 411 907 445 Rapaple.
924 411 1016 444 presb.
1035 410 1211 436 Atrebatens.
1233 409 1319 437 dioc..
1342 417 1419 442 mag.
1444 409 1473 434 in
1497 410 1550 434 art.
1574 409 1602 434 et
1624 408 1684 433 bac.
1707 407 1736 432 in
1756 407 1832 432 decr.
1851 406 1937 432 Paris.
1955 405 2000 439 [de
2019 413 2082 432 can.
2106 406 2174 432 eccl.
2195 405 2298 438 colleg.

441 462 514 487 beati
529 460 678 493 Gaugerici
692 460 911 493 Cameracens.].

530 511 600 535 Item
616 509 739 534 Otiverio
758 508 981 541 Carpentatoris,
1005 508 1097 541 presb.
1121 507 1299 533 Mactoviens.
1320 506 1406 534 dioc..
1430 514 1506 538 mag.
1529 506 1557 531 in
1581 506 1646 533 art..
1663 506 1688 530 et
1712 504 1779 530 alibi
1805 504 1864 530 bac.
1889 504 1919 529 in
1940 505 2068 536 utroque
2084 503 2161 536 jure.
2179 503 2302 529 Parisius

440 558 578 585 studenti.

529 608 600 633 Item
618 607 699 632 Petro
712 606 830 635 MorelIi,
846 606 937 639 presb.
953 606 1129 631 Atrebatens.
1147 604 1232 632 dioc.‚
1250 604 1310 630 bac.
1328 603 1413 629 Paris.
1430 604 1460 629 in
1476 603 1552 629 decr.

528 656 599 681 Item
616 656 698 681 Petro
713 655 747 680 de
760 654 873 683 Α111010,
888 654 980 687 presb.
999 654 1160 680 Lexoviens.
1175 653 1260 681 dioc..
1278 653 1338 678 bae.
1353 652 1383 677 in
1396 652 1462 685 jure
1475 659 1537 678 can.
1556 651 1687 677 Parisius.

527 705 598 730 Item
614 704 775 729 Guillermo
789 703 933 731 Daonerii,
950 704 1050 728 curato
1066 702 1092 727 S.
1111 702 1184 727 Petri
1199 701 1234 727 de
1248 701 1379 729 Varraco,
1399 700 1569 726 Lucionens.
1591 700 1677 727 dioc..
1696 699 1725 725 in
1745 699 1800 732 leg.
1817 707 1886 725 cum
1906 699 2001 731 rigore
2020 706 2113 724 exam.
2138 698 2247 727 licent..
2269 699 2297 724 et

440 753 523 779 Paris.
542 753 571 778 in
586 753 661 778 decr.
677 752 804 777 studenti
819 752 849 776 in
865 751 990 777 secundo
1003 759 1049 776 an.
1067 758 1116 776 sue
1131 750 1296 776 auditionis.

527 802 598 827 Item
613 801 718 826 Jacobo
734 800 872 833 lIugonis.
888 800 980 833 presb.
998 799 1220 825 Catlialaunens.
1235 798 1321 827 dioc.‚
1338 797 1367 823 in
1381 797 1448 831 jure
1461 805 1523 823 ean.
1542 797 1627 823 Paris.
1643 797 1703 822 bac.
1723 797 1768 830 [de
1781 804 1844 822 can.
1861 796 1928 822 eccl.
1944 795 2192 830 Cathalaunens.].

526 851 597 876 Item
614 849 739 875 Johanni
753 849 914 877 Godesredi,
931 849 997 874 cler.
1015 848 1157 873 Baioeens.
1175 847 1260 874 dioc..
1278 854 1355 879 mag.
1373 846 1402 871 in
1416 847 1469 871 art.
1487 847 1515 871 et
1531 846 1615 871 Paris.
1634 846 1663 871 in
1679 846 1755 871 decr.
1773 845 1834 871 bae.

526 899 597 924 Item
613 898 739 923 Johanni
754 898 788 922 (10
804 898 889 925 Cella,
904 897 1008 930 presb..
1026 897 1086 922 bac.
1104 897 1132 921 in
1150 896 1216 928 jure
1233 903 1308 923 can..
1325 897 1425 921 curato
1445 895 1576 927 parroeli.
1593 895 1660 920 0001.
1680 894 1716 920 (10
1735 894 1856 927 Mereyo,
1879 894 2048 920 Bituricens.
2069 893 2143 919 dioc.
2165 893 2211 926 [de
2232 900 2296 919 can.

439 947 514 973 dicte.
526 947 593 973 eccl.
611 945 803 979 Bitu1·icens.].

528 996 599 1021 Item
615 995 740 1020 Johanni
755 994 790 1020 de
806 994 945 1027 Crepone.
960 994 1031 1019 diac.
1049 994 1198 1019 Constant.
1213 993 1299 1021 dioc.‚
1316 992 1361 1018 lic.
1379 992 1408 1017 in
1424 992 1491 1024 leg..
1508 993 1536 1017 et
1551 992 1611 1017 bac.
1629 991 1713 1017 Paris.
1729 993 1794 1017 actu
1810 991 1917 1024 legenti
1933 991 1962 1016 in
1975 991 2042 1024 jure
2057 999 2121 1017 can.

530 1045 599 1070 Item
615 1043 741 1069 Johanni
756 1043 791 1069 de
806 1044 912 1070 Furuo.
932 1043 1104 1075 Rothomag.
1124 1042 1209 1069 dioc..
1230 1041 1289 1067 bac.
1308 1041 1337 1066 in
1353 1041 1429 1066 decr.
1450 1041 1478 1065 in
1499 1042 1577 1066 sexto
1597 1047 1644 1065 an.
1669 1040 1775 1073 tegenti
1790 1040 1920 1066 Tholose.
1939 1040 1991 1073 qui
2013 1039 2158 1066 licentiam
2176 1039 2206 1065 in
2223 1039 2300 1068 decr.

439 1093 610 1119 obtinuisset
625 1092 646 1117 si
662 1092 691 1117 in
708 1091 891 1117 facultatibus
906 1091 1088 1116 abundasset.

529 1142 600 1166 Item
616 1140 741 1166 Johanni
758 1140 857 1165 Franci
873 1139 1035 1165 Ebroicensi
1053 1138 1097 1172 [de
1112 1146 1175 1164 can.
1192 1139 1259 1164 eccl.
1277 1138 1462 1171 Ebroicens.}

528 1191 599 1215 Item
616 1189 742 1214 Johanni
755 1188 829 1214 Nicoi
845 1188 880 1214 de
897 1188 1062 1216 Ponteallia,
1079 1188 1145 1213 cler.
1163 1187 1310 1212 Bisontine
1325 1187 1410 1215 dioc.‚
1425 1186 1485 1212 bac.
1505 1186 1589 1211 Paris.
1607 1185 1637 1210 in
1650 1185 1716 1219 jure
1731 1193 1794 1211 can.

530 1239 599 1264 Item
618 1238 732 1263 Alsonso
747 1237 902 1270 Stephano.
918 1237 1071 1270 utriusque
1087 1236 1161 1269 juris
1176 1236 1236 1261 hae.
1256 1236 1299 1268 (de
1316 1243 1379 1261 can.
1399 1235 1465 1261 eccl.
1484 1235 1669 1260 Ulixbonens.
1686 1234 1721 1259 de
1736 1241 1826 1266 regno
1848 1234 2031 1267 Portugattie.
2048 1234 2084 1260 de
2099 1234 2184 1269 cujus
2197 1234 2303 1261 diocesi

439 1287 581 1319 originem
598 1286 707 1319 trailit].

528 1336 598 1360 Item
614 1335 760 1360 Francisco
775 1334 850 1359 Omo
862 1334 896 1359 (10
910 1333 1041 1361 Parisius.
1055 1333 1139 1363 diac.v
1158 1333 1217 1359 bac.
1237 1333 1320 1358 Paris.
1338 1333 1447 1365 injure
1462 1340 1525 1358 can.

529 1385 598 1409 Item
616 1384 728 1408 Matheo
747 1382 870 1410 Camini.
897 1382 1023 1407 subdiac.
1050 1382 1183 1407 Ambian.
1210 1382 1295 1408 dioc..
1317 1381 1356 1411 ,in
1387 1383 1514 1414 utroque
1537 1381 1603 1413 jure
1631 1380 1690 1406 bac.
1715 1380 1765 1412 [de
1786 1388 1849 1406 can.
1877 1380 1945 1406 0001.
1971 1381 2071 1413 colleg.
2098 1381 2172 1407 beati
2197 1380 2303 1407 Auiani

440 1431 608 1466 Aureliani.

528 1482 598 1507 Item
616 1481 754 1506 Itichardo
770 1480 856 1508 Belet.
874 1480 977 1513 presb..
992 1480 1093 1505 rectori
1109 1480 1241 1512 parroch.
1256 1479 1322 1505 0001.
1341 1479 1367 1504 S.
1386 1478 1500 1511 Georgii
1517 1478 1552 1503 de
1569 1478 1655 1504 Bosco
1668 1478 1836 1507 Nor-manni.
1851 1478 2014 1504 Ebroicens.
2029 1478 2115 1507 dioc..
2133 1478 2162 1504 in
2178 1480 2305 1513 utroque

437 1531 503 1563 jure
521 1530 579 1555 bae.

531 1580 602 1604 Item
618 1578 744 1603 Jolianni
760 1578 870 1607 Acardi.
888 1578 953 1603 cler.
970 1577 1005 1603 de
1022 1577 1151 1605 Pal-isius.
1167 1577 1196 1602 in
1210 1577 1275 1610 jure
1288 1577 1340 1602 civ.
1356 1577 1384 1602 in
1399 1577 1493 1609 rigore
1508 1584 1600 1602 exam.
1616 1576 1724 1603 licent..
1739 1577 1764 1602 01
1784 1576 1868 1602 Paris.
1884 1576 1993 1609 injure
2008 1583 2071 1602 can.
2088 1576 2164 1602 stud.
2179 1576 2226 1609 [de
2239 1584 2303 1603 can.

441 1628 508 1653 0001.
526 1627 599 1652 beat..
616 1627 730 1652 Martini
746 1626 938 1659 Turonensis}

530 1677 601 1701 Item
618 1675 744 1701 ,Iohanni
760 1676 880 1704 Thome,
895 1675 986 1708 presb.
1002 1675 1237 1703 Cathalaunens..
1253 1674 1312 1700 bac.
1330 1674 1451 1699 I‘arisins
1466 1674 1574 1707 injure
1590 1682 1652 1699 can.

531 1725 603 1750 Item
619 1724 779 1749 GuiIIermo
794 1724 931 1752 Garitelli.
948 1724 1016 1749 alias
1030 1723 1155 1756 Chapus.
1171 1723 1297 1749 subdiac.
1316 1723 1484 1749 Bituricens.
1502 1723 1588 1749 dioc..
1606 1730 1689 1755 mag„
1702 1723 1731 1748 in
1748 1724 1801 1748 art.
1817 1724 1842 1747 01
1860 1722 1969 1756 injure
1986 1722 2039 1748 ciV.
2054 1723 2085 1748 in
2101 1723 2195 1755 rigore
2209 1730 2302 1749 exam.

443 1773 602 1799 Aurelianis
617 1773 712 1798 licent.

532 1822 603 1847 Item
620 1821 745 1846 Johanni
762 1821 888 1850 (Iocheti,
903 1821 995 1854 presb.
1012 1821 1172 1846 Ebroicens.
1190 1821 1275 1850 dioc.‚
1290 1821 1350 1846 bae.
1370 1821 1454 1846 Paris.
1472 1821 1501 1846 in
1517 1820 1593 1846 decr.

532 1871 603 1895 Item
621 1870 703 1895 Petro
719 1870 841 1895 Ilussoni
857 1869 891 1895 de
907 1869 933 1894 S.
949 1869 1092 1898 Medardo,
1110 1869 1202 1902 presb.
1220 1870 1442 1894 Cathalaunens.
1460 1869 1546 1897 dioc..
1566 1877 1643 1901 mag.
1662 1869 1691 1894 in
1709 1870 1763 1895 art.
1781 1871 1809 1895 et
1825 1870 1884 1895 bac.
1903 1869 1933 1895 in
1948 1869 2036 1897 decr..
2053 1871 2155 1895 curato
2170 1869 2304 1903 parroch-

443 1919 509 1945 0001.
526 1918 560 1944 (10
576 1918 719 1943 Givilliaco
737 1918 882 1944 I’arisiens.
900 1918 973 1943 dioc.

533 1968 602 1992 Item
620 1967 747 1992 Guidoni
760 1967 870 1994 Yiellet,
887 1967 952 1992 cler.
972 1966 1154 1992 Laudunens.
1172 1966 1257 1995 dioc.‚
1275 1967 1304 1992 in
1320 1966 1414 1999 rigore
1426 1974 1519 1992 exam.
1534 1966 1696 1992 Aurelianis
1708 1966 1738 1992 in
1754 1967 1809 1999 leg.
1825 1967 1921 1992 licent.

532 2016 603 2041 Item
619 2015 745 2041 Johanni
762 2015 862 2044 Boerii,
877 2015 936 2041 bac.
954 2016 983 2040 in
996 2016 1062 2048 jure
1077 2023 1151 2044 can.⁷
1165 2015 1210 2041 bo.
1229 2023 1283 2041 me.
1300 2015 1336 2041 de
1349 2014 1555 2041 Mortuomari‘
1569 2017 1594 2041 et
1612 2015 1716 2041 Montis
1729 2015 1859 2049 Majoris¹”‘
1871 2015 2064 2042 cardinalium
2077 2015 2304 2048 consanguineo.

445 2064 490 2097 [(10
504 2072 566 2089 can.
581 2064 647 2089 0001.
665 2062 842 2097 Pietavens.].

534 2113 604 2138 Item
622 2113 773 2145 Itadutptio
786 2113 820 2138 de
838 2112 978 2145 Itipperia.
994 2112 1086 2145 presb.
1105 2113 1280 2138 llacloviens.
1298 2113 1383 2140 dioc..
1402 2113 1461 2138 bac.
1480 2113 1509 2138 in
1526 2113 1580 2145 leg.
1599 2114 1627 2138 et
1642 2113 1708 2138 scot.
1726 2113 1810 2138 I'aris.
1828 2114 1937 2147 injure
1949 2121 2012 2139 can.

535 2162 603 2187 Item
623 2162 703 2187 I’etro
715 2161 835 2187 Thonis.
854 2161 996 2186 monacho
1012 2169 1138 2193 expresse
1155 2162 1226 2194 pros.
1245 2162 1411 2187 monasterii
1433 2162 1546 2194 Majoris
1562 2162 1734 2189 Monasterii.
1754 2162 1812 2187 bac.
1830 2163 1860 2188 in
1877 2163 1944 2196 jure
1959 2170 2034 2190 can..
2054 2162 2138 2188 Paris.
2158 2162 2189 2187 in
2205 2162 2306 2188 eadem

446 2212 496 2235 sac.
511 2210 587 2235 stud.

534 2259 603 2284 Item
621 2259 701 2283 I'etro
722 2258 757 2283 de
778 2258 945 2286 §Iontelexo
966 2258 1031 2284 cler.
1050 2259 1172 2284 Eduens.
1190 2258 1276 2286 dioc..
1295 2259 1353 2284 bac.
1375 2259 1404 2284 in
1422 2259 1488 2292 jure
1503 2267 1565 2285 can.
1583 2261 1608 2285 et
1631 2259 1660 2284 in
1681 2259 1782 2285 eadem
1803 2260 1854 2285 sac.
1878 2260 1963 2285 Paris.
1985 2260 2062 2285 stud.
2084 2260 2114 2285 in
2133 2260 2239 2294 quinto
2257 2268 2306 2286 an.

447 2315 496 2332 sue
511 2307 667 2332 auditionis
681 2307 823 2332 existenti.

535 2356 605 2381 Item
622 2355 747 2380 Johanni
763 2355 787 2380 le
802 2355 944 2383 Cambier.
962 2355 1053 2388 presb.
1071 2356 1248 2381 Atrebatens.
1263 2356 1348 2385 dioc..
1366 2357 1432 2382 scol.
1451 2357 1536 2382 Paris.
1554 2357 1663 2390 injure
1678 2365 1741 2383 can.
1757 2357 1786 2382 in
1800 2357 1906 2390 quinto
1921 2365 1968 2382 an.
1983 2365 2034 2383 sue
2048 2357 2215 2383 auditionis.

536 2404 606 2429 Item
623 2403 702 2428 fratri
718 2404 870 2436 Arnulpho
888 2404 1054 2429 Prerexeitet
1068 2404 1103 2430 de
1119 2404 1208 2433 Motis,
1224 2413 1304 2430 mon.
1319 2406 1442 2438 professo
1456 2405 1623 2431 monasterii
1636 2405 1834 2440 (ζωῇ-11210115..
1848 2406 1964 2431 Ordinis
1977 2406 2004 2431 S.
2019 2406 2163 2432 Benedicti
2177 2406 2309 2432 Metensis

446 2452 531 2481 dioc.‚
548 2452 624 2477 stud.
642 2452 726 2477 Paris.
745 2452 773 2477 in
787 2452 851 2485 jure
867 2460 929 2477 ean.
948 2453 977 2477 in
993 2453 1098 2485 quinto
1114 2461 1160 2478 an.
1178 2461 1228 2478 sue
1243 2454 1408 2479 auditionis.

537 2501 608 2525 Item
624 2501 749 2525 Jotianni
765 2501 912 2533 Ilemerey.
930 2501 1022 2533 presb.
1041 2501 1092 2534 qui
1106 2501 1137 2526 in
1152 2502 1257 2534 quinto
1270 2510 1316 2527 an.
1334 2503 1490 2528 auditionis
1502 2503 1575 2535 juris
1590 2511 1653 2528 can.
1672 2503 1756 2529 Paris.
1771 2503 1875 2529 existit.

536 2549 606 2574 Item
623 2549 702 2573 fratri
719 2549 864 2581 Stephano
880 2549 1012 2582 Roqueti,
1030 2550 1133 2582 presb..
1151 2558 1213 2575 ean.
1231 2551 1322 2582 regul.
1338 2559 1467 2584 expresse
1483 2552 1556 2584 pros.
1573 2552 1739 2577 monasterii
1756 2552 1836 2578 beate
1852 2552 1937 2578 Marie
1951 2552 1987 2578 de
2000 2552 2086 2581 Cella.
2101 2551 2170 2577 Ord.
2187 2551 2214 2578 S.
2231 2551 2306 2585 Aug.

448 2597 613 2626 pictavens..
630 2598 696 2622 scol.
715 2597 798 2622 Paris.
815 2597 845 2622 in
859 2597 933 2622 decr.
949 2598 978 2622 in
994 2598 1099 2630 quinto
1112 2606 1157 2623 an.
1176 2606 1224 2624 sue
1238 2599 1393 2624 auditionis
1409 2600 1550 2625 existenti.

538 2646 607 2671 item
623 2646 713 2670 Yvoni
728 2646 762 2671 de
777 2646 956 2674 I'enandrets.
974 2647 1039 2671 cler.
1057 2647 1194 2672 Leoneus.
1209 2647 1294 2675 dioc..
1310 2648 1369 2673 bac.
1387 2648 1417 2673 in
1433 2649 1508 2674 decr.

537 2695 606 2719 Item
624 2694 755 2727 Philippo
770 2694 852 2719 Itneti
868 2694 902 2719 de
926 2695 1115 2727 I'oloigniaco,
1135 2696 1280 2721 Bisontine
1300 2696 1384 2725 dioc..
1404 2699 1504 2723 curato
1524 2698 1656 2731 parroch.
1677 2699 1744 2724 eccl.
1766 2698 1802 2724 de
1823 2698 1957 2731 Sorrogio
1976 2698 2107 2732 ejusdem
2128 2698 2215 2728 dioc.‚
2238 2698 2305 2725 scol.

449 2742 533 2767 Paris.
552 2743 579 2767 in
593 2743 658 2775 jure
673 2750 735 2768 can.
751 2743 780 2767 in
796 2743 854 2767 tine
869 2743 964 2775 quinti
980 2751 1026 2768 an.
1044 2751 1093 2768 sue
1106 2744 1262 2769 auditionis
1277 2745 1408 2770 existenti
1426 2745 1471 2779 {de
1484 2754 1546 2771 can.
1562 2747 1689 2779 predicte
1706 2747 1856 2773 Bisuntine
1870 2747 1968 2781 dioc.].

538 2792 609 2816 Item
624 2791 734 2816 Nicotao
752 2791 872 2818 Itobant.
887 2792 952 2816 cler.
970 2792 1160 2817 Attrebatcns.
1178 2793 1263 2819 dioc..
1282 2793 1310 2818 in
1324 2794 1389 2826 jure
1403 2802 1465 2819 can.
1484 2795 1568 2820 Paris.
1584 2795 1660 2820 stud.

538 2840 607 2865 Item
626 2840 706 2865 Petro
721 2840 756 2864 de
769 2840 891 2867 Corona.
905 2840 971 2865 cler.
986 2841 1128 2869 Remensi.
1146 2849 1222 2874 mag.
1240 2841 1269 2866 in
1285 2843 1338 2867 art.
1354 2844 1381 2867 et.
1397 2842 1493 2868 licent.
1511 2844 1541 2868 in
1558 2844 1611 2876 leg.
1629 2844 1674 2878 [de
1689 2852 1751 2870 can.
1769 2845 1836 2870 eccl.
1854 2844 2045 2879 'l'ornacens.].

538 2889 607 2913 Item
623 2888 749 2913 Johanni
766 2888 789 2912 Ia
807 2888 895 2915 1111110,
913 2888 1004 2920 presi).
1022 2889 1167 2914 Itemeusis
1182 2889 1266 2917 dioc..
1284 2890 1367 2915 Paris.
1383 2891 1459 2916 stud.
1475 2892 1584 2925 injure
1598 2900 1660 2918 can.
