2488 3386
447 320 489 353 78
1021 328 1338 351 annTULAmuM
1377 327 1564 350 umveas.
1602 327 1731 350 mnis.
2210 314 2308 351 [1362

447 403 626 436 sanctitati
650 409 770 436 vestre
803 387 971 447 quatinus
999 402 1045 435 ol)
1071 402 1370 446 transquilitatem
1402 401 1528 446 prefati
1558 401 1669 434 studii
1697 407 1731 433 et
1757 401 1915 433 favorem
1946 400 2167 434 studentium
2198 413 2310 447 super

447 469 638 514 privilegio
669 468 844 513 prelibato
866 475 985 501 certos
1012 475 1287 501 conservatores
1314 467 1484 500 sanctitas
1510 473 1629 500 vestra
1649 466 1852 499 concedere
1872 466 2056 511 dignetur.
2076 487 2120 492 —
2143 467 2196 501 Sit
2221 480 2308 501 con-

446 542 609 568 servator
630 535 955 575 Silvane[c]tensis³
977 546 1093 579 usque
1114 534 1157 566 ad
1179 534 1480 578 quinquennium.

537 602 637 642 Item,
661 612 739 633 cum
762 600 945 645 magistris
967 601 1227 644 cujuscumque
1256 598 1434 632 facultatis
1465 598 1625 631 Parisius
1652 599 1873 644 magistratis
1900 599 2005 632 liceat
2029 599 2162 633 virtute
2183 612 2307 634 eorum

446 667 592 700 licentie
613 679 651 699 ac
671 666 944 711 privilegiorum
966 665 1180 698 cancellario
1201 665 1286 697 dicti
1312 664 1423 697 studii
1443 676 1702 716 concessorum
1728 664 1947 710 ubicumque
1969 672 2144 699 terrarum
2170 666 2307 712 legere,

447 745 589 778 regere,
611 733 799 778 praticare⁷
822 739 857 765 et
883 744 1131 777 quoscumque
1158 738 1258 764 actus
1289 731 1502 764 scolasticos
1532 732 1737 772 exercere‘,
1767 731 1927 776 predicta
1957 732 2100 777 possint
2126 733 2245 767 facere
2269 745 2309 767 ac

447 799 559 832 eciam
582 811 751 831 exercere
773 811 845 831 non
867 798 1095 831 obstantibus
1117 797 1408 842 quibuscumque
1428 797 1647 842 privilegiis,
1668 798 1811 831 statutis
1832 809 1896 831 seu
1922 799 2252 834 consuetudinibus
2272 800 2309 834 in

447 866 654 910 oppositum
676 865 822 906 habitis,
845 864 1044 909 impetratis
1066 876 1130 896 seu
1149 864 1253 896 etiam
1276 863 1512 908 imposterum
1534 864 1784 909 impetrandis.
1801 885 1846 889 -—
1865 864 1953 898 Fiat.
1976 866 2016 898 B.

537 933 639 973 Item,
671 943 749 964 cum
781 931 824 963 ad
855 931 1082 963 collationem
1117 930 1369 963 Universitatis
1398 930 1559 974 predicte
1591 942 1702 975 pauca
1732 930 1937 975 pertineant
1964 931 2140 965 beneficia
2170 939 2205 966 et
2233 933 2310 979 ipsa

448 998 577 1030 habeat
609 997 747 1030 infinita
777 997 963 1042 supposita
992 997 1029 1029 in
1056 996 1220 1029 moribus
1248 1002 1283 1029 et
1314 996 1464 1029 scientia
1493 996 1719 1038 sufficientia⁷
1748 997 1887 1042 placeat
1919 998 2099 1032 sanctitati
2124 1006 2244 1033 vestre
2272 1007 2313 1034 ut

447 1064 570 1097 nullus
591 1064 634 1096 ad
656 1064 734 1107 ejus
751 1063 986 1096 collacionem
1003 1063 1118 1096 valeat
1138 1063 1343 1108 impetrare,
1362 1063 1426 1096 sed
1448 1062 1529 1096 talis
1550 1063 1759 1108 impetracio
1781 1063 1829 1096 sit
1848 1063 1946 1097 nulla
1963 1065 2043 1110 ipso
2059 1066 2156 1109 jure,
2174 1067 2245 1100 nisi
2266 1067 2311 1101 de

448 1130 589 1163 indulto
619 1129 828 1173 hujusmodi
860 1141 1066 1174 expressam
1093 1130 1197 1162 saciat
1224 1129 1465 1162 mencionem.
1490 1150 1535 1154 ——
1566 1130 1654 1162 Fiat.
1681 1131 1721 1163 B.
1756 1134 1806 1154 —'
1837 1131 1964 1164 Datum
1992 1132 2172 1166 Avinione
2208 1135 2310 1167 non.⁸

448 1195 672 1236 Decembris,
690 1207 784 1228 anno
805 1196 933 1240 primo.

539 1295 601 1325 Reg.
618 1294 674 1316 vat.
689 1293 783 1324 Suppl.
799 1293 899 1316 Urbani
912 1293 941 1322 V,
956 1301 997 1316 an.
1012 1292 1034 1321 1,
1048 1301 1075 1324 p,
1093 1292 1114 1320 1,
1132 1292 1175 1316 sol.
1194 1293 1232 1316 74.

540 1379 563 1401 1.
582 1379 610 1401 In
635 1386 682 1401 sua
706 1378 779 1400 bulla
793 1378 903 1402 Parens
918 1377 1116 1406 scientiarum,
1140 1377 1276 1405 Chartuz„
1300 1377 1321 1406 1,
1343 1381 1372 1399 n⁰
1394 1378 1432 1400 79.
1444 1390 1471 1394 —
1486 1377 1510 1401 2.
1533 1377 1561 1400 In
1582 1377 1655 1400 bulla
1671 1385 1676 1400 ε
1694 1386 1705 1400 «
1724 1378 1932 1402 carcerariorum
1951 1387 1971 1403 ).
1989 1393 2016 1398 —
2033 1381 2056 1404 3.
2076 1380 2233 1413 Episcopus,
2250 1385 2313 1406 tunc

446 1422 572 1453 temporis
588 1423 669 1445 Adam
685 1422 715 1445 de
731 1423 867 1451 Nemonrs,
884 1421 947 1445 Ord.
964 1421 1066 1449 Praed.,
1083 1429 1152 1452 mag.
1165 1421 1191 1444 in
1206 1421 1297 1450 theok,
1309 1413 1390 1452 episc.
1404 1421 1437 1444 ab
1453 1429 1495 1444 an.
1508 1422 1578 1451 1356,
1593 1421 1690 1445 Juniiss
1706 1423 1777 1454 (Reg.
1791 1423 1872 1447 Aven.
1888 1424 1975 1447 innoc.
1991 1424 2033 1452 Vl,
2047 1425 2100 1448 vol.
2115 1426 2170 1454 XII.
2187 1426 2232 1450 fot.
2245 1426 2312 1459 483¹),

445 1467 583 1490 defunctus
601 1475 643 1489 an.
662 1467 730 1495 1377,
743 1467 809 1490 Nov.
825 1466 851 1489 21
872 1466 934 1495 (vid.
950 1466 1019 1489 intra
1034 1466 1067 1488 ad
1085 1474 1126 1489 nn.
1143 1465 1210 1495 1³79,
1221 1465 1312 1489 Octob.
1331 1466 1379 1495 28).
1394 1480 1425 1483 —
1436 1467 1459 1489 4.
1472 1465 1529 1490 Vid.
1543 1466 1679 1495 Chartul„
1693 1467 1726 1495 Il,
1740 1471 1769 1489 n0
1783 1468 1837 1491 578.
1855 1481 1886 1485 —
1898 1469 1921 1491 5.
1935 1468 1977 1491 Sic
1992 1468 2018 1492 in
2034 1477 2083 1492 ms.
2100 1469 2151 1493 Sed
2166 1469 2193 1494 in
2209 1470 2311 1495 Rutuli·

447 1511 617 1542 sequentihus
637 1514 698 1533 nota
713 1510 840 1542 temporis
856 1510 952 1541 ubique
967 1518 1015 1541 per
1030 1509 1275 1533 vicecancellarium
1295 1513 1395 1533 mutata
1410 1514 1462 1538 est;
1479 1510 1505 1533 in
1520 1510 1654 1542 prioribus
1670 1519 1693 1533 e.
1707 1519 1743 1542 g..
1758 1511 1942 1543 theologorum
1958 1516 1983 1536 et
1997 1513 2207 1544 decretistarum,
2225 1518 2311 1544 antea,

446 1558 475 1578 ut
491 1563 581 1586 supra,
596 1555 723 1586 scriptum
736 1558 792 1578 erat
806 1563 817 1578 a
829 1563 889 1578 non.
904 1554 1024 1578 Decemb.
1040 1562 1060 1583 )),
1077 1562 1143 1585 quae
1158 1557 1219 1577 nota
1234 1557 1335 1577 mutata
1349 1558 1389 1577 est.
1404 1554 1429 1577 in
1447 1563 1457 1578 t(
1471 1554 1527 1586 viiij
1542 1555 1595 1578 knl.
1612 1555 1732 1578 Decemh.
1748 1563 1770 1579 ».

452 1760 591 1796 1262.
616 1778 630 1794 «
648 1768 767 1794 Botulus
783 1769 983 1804 magistrorum
1000 1769 1139 1804 theologie
1154 1770 1287 1795 Parisius
1303 1770 1459 1804 regentium
1475 1779 1489 1795 τι
1505 1770 1546 1796 ad
1565 1770 1708 1796 Urbanum
1732 1771 1878 1798 Vmissus.

1735 1854 1809 1883 1362,
1824 1853 1968 1880 novembris
1980 1854 2023 1881 23.

536 1933 746 1978 Apostolice
777 1934 953 1966 sanctitati
986 1941 1118 1975 vestre,
1148 1946 1217 1978 que
1252 1935 1367 1979 posita
1403 1935 1578 1968 divinitus
1607 1935 1706 1968 velut
1739 1936 1776 1968 in
1811 1936 1995 1970 montibus
2026 1938 2121 1982 Syon
2153 1944 2311 1971 sanctam

447 2006 595 2032 matrem
617 1999 805 2032 ecclesiam
828 2000 980 2032 interius
1002 2000 1045 2033 ab
1067 2000 1210 2033 excelso
1233 2001 1408 2046 prospicit
1433 2008 1468 2034 et
1488 2014 1664 2046 personas
1690 2002 1955 2036 ecclesiasticas
1976 2010 2143 2049 prompto
2163 2010 2312 2050 paterne

446 2066 638 2099 clementie
664 2066 795 2098 intuitu
822 2066 1087 2107 circumcernit⁷
1111 2067 1317 2112 supplicant
1345 2067 1531 2100 humiliter
1557 2075 1593 2101 et
1622 2069 1751 2101 devote
1776 2069 1888 2102 vestri
1916 2069 2037 2103 devoti
2063 2077 2098 2103 et
2126 2056 2312 2116 supplices

447 2139 609 2165 oratores
631 2132 793 2177 magistri
822 2133 858 2164 in
886 2132 1068 2178 theologia
1088 2140 1208 2166 vestre
1231 2134 1487 2167 Universitatis
1508 2135 1726 2167 parisiensis
1748 2147 1842 2168 nunc
1869 2142 2051 2181 regentes,
2077 2137 2247 2181 quatinus
2267 2136 2312 2170 de

448 2198 553 2230 solita
573 2205 693 2231 vestre
720 2197 956 2242 benignitatis
982 2199 1166 2231 affluencia
1192 2199 1359 2232 benivola
1381 2200 1518 2233 eisdem
1541 2201 1725 2246 magistris
1751 2201 1904 2234 inferius
1934 2202 1970 2234 in
2000 2209 2126 2235 nostro
2152 2203 2314 2247 presenti

450 2264 569 2296 rotulo
591 2264 797 2305 nominatis7
817 2264 1009 2309 specialem
1032 2265 1180 2310 gratiam
1199 2266 1385 2305 facientes„
1403 2266 1447 2299 de
1468 2266 1657 2300 beneficiis
1678 2267 1919 2313 infrascriptis
1939 2275 2046 2313 prout
2062 2269 2098 2301 in
2115 2269 2315 2302 eorundem

448 2330 776 2375 supplicationibus
797 2331 1002 2363 continetur
1022 2331 1079 2364 vel
1100 2331 1193 2373 aliis,
1216 2339 1323 2376 prout
1343 2339 1463 2365 vestre
1485 2333 1663 2366 sanctitati
1685 2333 1872 2378 placuerit,
1891 2334 2092 2379 dignemini
2113 2335 2315 2370 misericor-

449 2396 543 2428 diter
564 2396 767 2441 providere,
788 2409 866 2429 cum
885 2397 1129 2442 acceptatione
1222 2399 1263 2430 Et
1286 2399 1382 2443 quod
1404 2405 1590 2432 transeant
1610 2399 1689 2432 sine
1705 2400 1773 2433 alia
1795 2399 1952 2433 lectione
1973 2413 2011 2434 ac
2028 2401 2133 2434 etiam
2156 2401 2319 2435 examine

448 2462 691 2506 qualicunque
713 2469 750 2494 ut
770 2463 807 2494 in
827 2463 951 2495 forma.

537 2568 573 2594 Et
597 2568 693 2602 primo
717 2568 879 2595 Guillermo
899 2569 934 2595 de
960 2570 1104 2599 Lumhris,
1122 2571 1251 2603 ejusdem
1272 2572 1415 2597 facultatis
1438 2572 1557 2602 decano,
1574 2573 1626 2606 qui
1647 2573 1715 2599 alias
1730 2581 1783 2607 pro
1798 2574 1894 2599 studio
1909 2574 2058 2600 Parisiensi
2072 2574 2274 2608 multipliciter
2287 2575 2316 2602 et.

447 2624 517 2642 cum
543 2617 658 2650 magnis
679 2617 808 2650 expensis
832 2618 990 2644 laborando
1012 2619 1135 2650 gratiam
1157 2619 1295 2649 obtinuit,
1310 2620 1346 2646 dc
1363 2621 1535 2647 canonicatu
1555 2623 1583 2647 et
1605 2621 1752 2655 prebenda
1770 2622 1802 2648 in
1823 2622 1937 2649 ecclesia
1952 2622 2120 2649 Carnotensi
2142 2622 2186 2658 [de
2209 2630 2313 2649 canon.

448 2665 647 2695 Ambianensi,
664 2673 725 2691 non
740 2666 872 2692 obstante
885 2666 1031 2699 prebenda
1046 2667 1193 2693 Parisicnsi
1208 2668 1329 2700 litigiosa
1343 2677 1359 2694 a
1374 2669 1439 2702 xviij
1455 2670 1562 2703 annis].

537 2714 610 2739 Item
625 2714 738 2739 Nicolao
754 2714 789 2740 de
805 2713 963 2744 Danvilla',
980 2715 1016 2740 de
1031 2715 1203 2741 canonicatu
1218 2717 1245 2742 ct
1261 2717 1407 2749 prebenda
1421 2718 1535 2744 ecclesie
1550 2718 1636 2745 Paris.

536 2763 611 2788 Item
627 2763 784 2796 Ingerrano
800 2763 835 2789 de
849 2763 986 2789 Frcncllis
1000 2763 1160 2789 Belvaccns.
1177 2763 1271 2797 d)*0c.,
1287 2765 1322 2791 dc
1337 2773 1400 2791 can.
1417 2767 1445 2791 et
1459 2767 1540 2799 preb.
1556 2767 1623 2793 eccl.
1639 2767 1748 2794 Belvac.

536 2811 609 2837 Item
624 2811 749 2837 Roberto
762 2811 798 2837 de
812 2811 949 2845 Corbeya,
962 2811 999 2838 de
1013 2819 1075 2838 can.
1090 2813 1118 2838 et
1131 2812 1212 2845 preb.
1229 2813 1296 2839 eccl.
1313 2813 1448 2839 Carn0t2.

537 2860 611 2886 Item
625 2859 752 2886 Johanni
766 2859 851 2894 Ogeri
867 2860 903 2886 de
921 2860 1024 2886 Sancto
1039 2861 1173 2887 Medardo
1189 2869 1277 2895 supra
1291 2862 1431 2892 Montem,
1447 2863 1483 2889 de
1498 2871 1561 2889 can.
1576 2865 1604 2890 et
1619 2865 1699 2898 preb.
1717 2865 1784 2891 eccl.
1801 2865 1934 2891 Remens.
