2488 3386
413 319 477 350 402
990 325 1306 348 ann'rULAan
1343 323 1532 346 UNIVERS.
1568 323 1698 344 PAnls.
2176 309 2275 346 [1385

415 401 482 433 hoc
503 401 662 434 confecta
686 400 853 445 patebit⁷,
877 407 994 432 tamen
1015 400 1057 432 ad
1088 399 1357 444 impediendum
1381 398 1440 430 illa
1461 398 1540 442 ipse
1568 397 1697 429 iterum
1727 403 1762 429 ct
1788 403 1912 429 contra
1940 396 2217 429 Universitatem
2241 402 2275 429 et

414 474 537 500 contra
557 466 759 500 facultatem
780 466 964 511 theologie
985 465 1191 511 specialiter
1211 464 1458 509 appellavit....

504 533 559 565 Hii
582 540 663 566 sunt
693 544 794 577 ergo,
823 539 922 577 pater
942 532 1163 571 beatissime,
1192 531 1239 563 hii
1269 537 1349 563 sunt
1377 532 1398 563 8
1424 529 1565 562 articuli
1587 529 1780 574 generales
1801 529 1922 572 (multa
1949 529 2015 561 alia
2046 541 2141 562 nunc
2166 541 2273 562 causa

414 600 600 632 brevitatis
626 599 693 632 sub
720 599 872 631 silencio
895 599 1153 643 pretermissa),
1180 598 1215 630 in
1237 597 1358 642 specie
1379 596 1623 636 continentes,
1651 607 1742 640 quos
1763 602 1884 629 vestre
1906 596 2084 629 sanctitati
2106 596 2275 641 proponit

414 673 449 698 et
468 672 587 698 vestre
609 665 821 698 beatitudini
844 665 1037 697 denunciat
1058 664 1128 696 filia
1151 670 1267 696 vestra
1289 663 1436 695 humilis
1457 669 1490 695 et
1512 662 1652 703 devota,
1676 669 1711 695 ut
1741 662 1777 695 in
1798 662 1869 695 hiis
1890 662 2013 695 brevia
2034 669 2069 695 et
2089 662 2189 695 utilia
2210 674 2274 708 per

413 744 478 765 vos
499 731 737 764 adhibeantur
760 732 971 764 remedia...

504 800 546 831 Et
574 805 613 831 ut
639 804 757 830 vestra
788 797 957 830 sanctitas
988 796 1250 841 supplicacioni
1283 795 1356 828 filie
1386 807 1451 828 sue
1481 795 1669 828 liberalius
1699 796 1909 837 descendat,
1943 796 2206 829 invictissimus
2235 808 2274 829 ac

413 864 736 897 christianissimus
759 865 973 896 Francorum
998 875 1058 895 rex
1080 869 1112 895 et
1134 862 1244 894 eciam
1268 861 1521 894 nobilissimus
1545 862 1714 907 princeps
1736 862 1905 895 dominus
1934 863 2157 907 Burgondie,
2180 874 2273 907 quos

414 930 535 963 nullus
561 930 709 974 ambigit
736 929 808 961 filie
836 936 954 961 vestre
981 929 1132 973 dampna
1154 929 1256 973 quasi
1284 928 1428 973 propria
1452 928 1629 969 doluisse,
1651 935 1771 961 vestre
1793 928 2007 961 beatitudini
2030 940 2113 962 suas
2134 928 2273 962 litteras

413 996 689 1041 supplicatorias
707 996 998 1030 transmiserunt,
1016 1002 1050 1027 et
1066 995 1217 1039 insuper
1233 994 1369 1027 domini
1386 994 1602 1035 cardinales,
1621 1001 1703 1035 etc.,
1722 1002 1757 1028 et
1773 995 1944 1028 dominus
1961 995 2170 1040 episcopus,
2188 1002 2271 1037 etc.,

412 1075 476 1107 pro
503 1075 542 1095 ea
567 1062 643 1095 suis
671 1062 801 1094 litteris
829 1061 1070 1102 intercedunt,
1095 1067 1145 1102 ut,
1172 1061 1223 1093 sic
1251 1060 1500 1106 multiplicatis
1521 1061 1844 1102 intercessoribus,
1870 1068 1989 1095 vestra
2021 1062 2191 1095 sanctitas
2221 1062 2270 1104 id,

412 1129 508 1173 quod
538 1135 605 1161 tam
634 1128 818 1160 humiliter
838 1127 1053 1172 postulatur,
1075 1127 1243 1160 celeriter
1264 1127 1449 1172 largiatur,
1477 1140 1581 1173 quam
1608 1128 1652 1160 ad
1683 1128 1847 1173 regimen
1876 1128 2031 1161 ecclesie
2059 1140 2124 1162 sue
2150 1135 2272 1162 sancte

410 1195 564 1228 feliciter
585 1206 711 1239 regere
733 1194 904 1239 dignetur
924 1194 998 1235 ille,
1021 1194 1081 1239 qui
1103 1195 1181 1227 sine
1203 1194 1274 1227 fine
1294 1195 1382 1227 vivit
1402 1201 1437 1227 et
1461 1201 1589 1239 regnat
1609 1195 1645 1227 in
1667 1195 1788 1228 secula
1810 1195 2030 1228 seculorum.
2053 1196 2181 1228 Amen.

503 1292 571 1315 Bibl.
593 1295 647 1315 nat.
665 1291 747 1315 Paris.
767 1300 816 1315 ms.
832 1292 877 1315 lat.
893 1292 963 1320 3122,
981 1292 1025 1315 sol.
1045 1292 1124 1314 61-64.
1142 1292 1169 1314 In
1186 1292 1305 1323 margine
1320 1292 1418 1323 legitur
1434 1301 1440 1316 z
1456 1302 1468 1314 «ι
1485 1293 1579 1316 Coram
1598 1301 1668 1324 papa
1688 1292 1839 1324 proposicio
1856 1302 1879 1316 1³.
1898 1293 1926 1316 ln
1942 1292 1988 1315 illa
2004 1293 2095 1316 Petrus
2113 1293 2144 1316 de
2163 1293 2273 1316 Ailliaco

409 1340 512 1367 practer
530 1345 550 1360 s.
567 1336 726 1367 scripturam
743 1336 818 1359 affert
833 1336 1016 1367 Augustinum,
1037 1336 1209 1365 Bernnrdum,
1222 1337 1336 1359 Tullium
1352 1336 1532 1366 (Ciceronem),
1546 1337 1679 1366 Ovidium,
1694 1338 1827 1365 Senecam,
1846 1337 2042 1361 Cassiodorum.
2059 1338 2086 1360 P.
2104 1337 2272 1367 Tschackert,

408 1381 488 1405 Peter
497 1388 552 1405 von
566 1380 647 1409 Ailli,
662 1381 806 1411 Appondix,
823 1389 848 1411 p.
866 1382 902 1406 24,
916 1389 928 1403 e
944 1381 1001 1403 cod.
1014 1380 1112 1411 colleg.
1128 1381 1277 1404 Emanuelis
1294 1381 1446 1412 Cantabrig.
1462 1385 1490 1404 n⁰
1502 1383 1523 1410 1,
1536 1385 1586 1405 art.
1603 1382 1641 1410 14,
1653 1382 1735 1405 edidit
1748 1390 1846 1413 paucas
1863 1385 1964 1405 tantum
1978 1382 2120 1405 sententias
2134 1381 2271 1411 sermonis,

409 1434 484 1457 quem
502 1426 592 1448 Petrus
614 1434 663 1448 non
680 1435 692 1446 α
713 1433 755 1448 nn.
779 1425 837 1447 1384
859 1425 898 1447 vel
921 1425 981 1447 1:385
1000 1433 1011 1447 »
1027 1433 1115 1447 coram
1134 1425 1265 1449 Clemente
1280 1425 1412 1448 Aveuione
1432 1426 1533 1454 habuit,
1550 1429 1578 1449 ut
1594 1426 1754 1449 Tschackert
1769 1426 1925 1457 praetendit,
1947 1426 2032 1449 sedin
2055 1426 2105 1449 fine
2125 1426 2272 1456 anni1385,

409 1470 477 1500 quod
501 1470 630 1500 probatur
651 1477 681 1492 ex
698 1469 782 1500 ipsius
798 1473 895 1496 tenore,
916 1469 1016 1491 scilicet
1030 1472 1091 1500 post.
1111 1472 1237 1492 statutum
1255 1469 1442 1493 Universitatis
1460 1478 1502 1494 an.
1525 1471 1595 1499 1385,
1617 1470 1737 1493 ,Ianuarii
1753 1472 1779 1498 9;
1805 1474 1866 1502 post
1885 1470 2091 1502 appellationem
2107 1470 2272 1499 cancellati-ih

408 1517 468 1545 post
484 1517 609 1536 statutum
628 1513 759 1537 facultatis
773 1522 815 1536 un.
829 1514 897 1542 1385,
916 1513 979 1536 Julii
994 1514 1020 1541 73
1034 1517 1095 1544 post
1110 1514 1313 1537 declarationem
1330 1514 1516 1538 Universitntis
1532 1523 1573 1538 nn.
1592 1515 1661 1542 1385,
1676 1515 1768 1538 Octob.
1785 1516 1822 1538 20.

502 1558 597 1581 Eodem
614 1561 729 1588 tempore
743 1558 784 1580 vel
802 1566 843 1580 an.
861 1558 921 1580 1386
936 1559 995 1586 (non
1008 1558 1077 1586 1389,
1096 1561 1123 1580 ut
1136 1559 1207 1589 apud
1222 1559 1349 1581 Jourdnin
1365 1559 1399 1581 ni²³
1413 1560 1467 1587 855,
1485 1560 1538 1589 856)
1554 1560 1645 1582 Petrus
1661 1559 1692 1582 de
1711 1559 1820 1583 Ailliaco
1838 1559 1904 1582 duos
1920 1563 2047 1582 tractatus
2065 1562 2156 1582 contra
2171 1558 2272 1583 cancel—

408 1602 504 1625 larium
520 1602 603 1625 Paris.
616 1602 706 1631 edidit,
722 1602 767 1633 qui
782 1602 808 1625 in
824 1603 888 1632 Opp.
907 1602 1031 1629 Gerson..
1045 1602 1086 1625 ed.
1102 1602 1198 1634 Dupin,
1214 1604 1233 1631 Ι,
1246 1604 1290 1626 723
1306 1606 1331 1626 et
1346 1604 1399 1633 745,
1416 1604 1550 1635 leguntur.

503 1687 524 1709 1.
540 1686 606 1709 Anni
622 1686 690 1714 1383,
703 1686 837 1709 Februarii
854 1688 875 1716 3,
893 1695 937 1709 scu
954 1687 1041 1718 potius
1057 1688 1095 1710 26.
1111 1687 1167 1710 Vid.
1185 1687 1253 1710 infra
1266 1687 1306 1711 De
1321 1687 1486 1712 Schismate.
1501 1702 1527 1707 -—
1541 1689 1564 1712 2.
1578 1687 1635 1711 Vid.
1650 1688 1723 1718 ibid„
1735 1689 1767 1711 ad
1782 1696 1824 1712 nn.
1841 1689 1909 1717 1384,
1927 1688 2061 1720 Septemb.
2079 1689 2116 1712 18.
2132 1702 2163 1706 —
2178 1689 2200 1712 3.
2218 1689 2271 1712 Hac

410 1731 522 1753 formula
538 1730 701 1754 Universitas
718 1731 800 1753 Paris.
819 1739 865 1753 usa
879 1735 918 1754 cst
933 1731 957 1754 in
974 1732 1130 1755 declarando
1146 1732 1259 1763 quodam
1276 1735 1373 1755 statuto
1394 1741 1435 1755 an.
1453 1733 1521 1760 1385,
1539 1733 1631 1757 Octob.
1651 1734 1690 1756 20.
1704 1733 1762 1757 Vid.
1777 1741 1858 1765 supra
1873 1737 1902 1756 n⁰
1920 1734 1988 1763 1504,
2004 1736 2056 1756 not.
2068 1734 2082 1756 2
2097 1733 2130 1756 ad
2145 1741 2187 1757 an.
2201 1733 2270 1761 1385,

409 1776 516 1798 Junuar.
537 1776 560 1798 9.
579 1789 609 1792 —
623 1776 646 1798 [ι.
663 1775 698 1798 De
713 1783 763 1806 quo
784 1783 895 1806 semper.
911 1789 941 1793 —--
957 1778 978 1799 5.
995 1777 1123 1799 XValterus
1142 1777 1173 1799 de
1194 1777 1347 1805 Wardelaw,
1365 1777 1445 1808 episc.
1462 1777 1631 1809 Glnsguens.,
1648 1778 1720 1801 card.
1736 1778 1770 1801 ab
1785 1786 1827 1801 an.
1846 1778 1914 1806 1383,
1933 1777 2054 1801 Decemb.
2071 1778 2109 1805 23,
2128 1778 2159 1801 de
2177 1786 2228 1810 quo
2245 1778 2271 1802 in

412 1819 548 1847 Chartul„
568 1820 598 1847 ll,
615 1819 715 1843 Indice
731 1819 880 1849 (Galterus).
900 1834 928 1837 —
943 1822 966 1843 6.
982 1821 1084 1851 Petrus,
1101 1821 1132 1843 de
1147 1830 1198 1852 quo
1214 1830 1295 1852 supra
1306 1830 1332 1852 p.
1352 1823 1406 1851 389,
1424 1825 1477 1845 not.
1493 1823 1516 1845 5.
1532 1835 1558 1839 —
1574 1823 1595 1845 7.
1611 1823 1698 1853 Supra
1711 1827 1740 1845 n⁰
1754 1823 1822 1850 1514,
1841 1822 1905 1846 Julii
1919 1823 1939 1846 7.

1123 2035 1204 2066 Pno
1244 2035 1548 2068 CANcELLAnio.

415 2143 553 2181 1520.
577 2153 700 2179 Articuli
713 2154 882 2179 cancellarii
895 2154 1033 2180 Iohannis
1050 2155 1216 2190 Blanchart,
1235 2157 1385 2193 compositi
1400 2166 1418 2183 a
1435 2166 1508 2192 mag.
1526 2158 1654 2185 Jolzanne
1670 2158 1706 2185 de
1723 2159 1810 2194 Valle,
1827 2163 1927 2185 contra
1943 2160 2158 2186 Universitatem
2172 2161 2267 2186 Paris.

1698 2243 1773 2272 7385,
1789 2243 1855 2272 Julii,
1871 2243 1986 2269 Parisiis.

501 2323 563 2355 Isti
584 2330 668 2355 sunt
687 2324 839 2364 articuli,
866 2336 956 2368 quos
977 2325 1082 2358 vobis
1103 2327 1411 2360 reverendissimo
1432 2329 1468 2360 in
1489 2328 1635 2362 Christo
1656 2330 1747 2374 patri
1768 2342 1807 2362 ac
1833 2330 1981 2363 domino
2010 2342 2076 2363 suo
2106 2336 2270 2363 metuen-

412 2388 562 2420 dissimo
585 2389 730 2421 domino
762 2391 866 2422 Petro
895 2399 1123 2425 sacrosancte
1153 2394 1310 2426 Romane
1339 2394 1493 2427 ecclesie
1525 2396 1646 2440 presb.
1679 2397 1852 2429 cardinali
1885 2397 2132 2438 Laudunensi,
2163 2396 2272 2429 tradit

411 2454 629 2487 venerabilis
654 2455 708 2488 vir
737 2457 908 2501 magister
932 2457 1115 2491 Johannes
1146 2459 1189 2491 de
1217 2460 1332 2501 Valle,
1361 2462 1555 2495 advocatus
1586 2464 1803 2496 Parisiensis
1833 2464 1870 2496 in
1900 2465 1979 2496 soro
2007 2463 2268 2505 eeclesiasticO,

412 2527 622 2565 procurator
643 2528 677 2553 et
705 2523 952 2565 procuratorio
979 2525 1123 2557 nomine
1144 2526 1363 2559 venerabilis
1390 2535 1423 2560 et
1452 2529 1706 2574 circumspecti
1735 2530 1802 2562 viri
1833 2542 1926 2575 mag.
1958 2529 2134 2563 Johannis
2164 2530 2270 2563 Blan-

411 2593 497 2627 cart,
520 2598 548 2619 s.
574 2586 680 2619 theol.
705 2587 864 2621 doctoris
885 2596 919 2621 et
939 2590 1143 2623 cancellarii
1165 2592 1252 2624 eccl.
1276 2594 1404 2635 Paris„
1432 2595 1496 2636 rei,
1529 2596 1564 2627 in
1595 2608 1702 2629 causa
1730 2608 1800 2641 que
1821 2597 1916 2629 inter
1942 2597 2062 2642 ipsum
2084 2596 2269 2629 dominum

411 2652 663 2685 cancellarium
685 2653 728 2685 ab
750 2666 818 2686 una
840 2662 952 2699 parte,
974 2663 1010 2688 et
1031 2657 1129 2690 viros
1149 2659 1377 2692 venerabiles
1406 2668 1582 2694 rectorem
1605 2669 1640 2695 et
1660 2663 1932 2696 universitatem
1959 2664 2214 2708 magistrorum
2236 2669 2272 2696 et

411 2719 603 2751 scolarium
625 2720 784 2752 Parisius
806 2721 1033 2754 studencium
1055 2730 1213 2756 actorum
1236 2726 1388 2758 vertitur
1410 2734 1508 2771 parte
1530 2740 1571 2761 ex
1592 2729 1714 2770 altera,
1738 2730 1781 2762 ad
1807 2730 1914 2762 finem
1936 2730 2032 2774 quod
2059 2741 2169 2774 super
2189 2730 2270 2762 istis

411 2785 572 2818 articulis
593 2786 896 2819 reverendissima
918 2789 1113 2832 paternitas
1133 2797 1251 2823 vestra
1273 2803 1311 2824 se
1333 2793 1504 2837 dignetur
1524 2795 1718 2829 informare
1741 2796 1935 2829 summarie
1961 2803 1996 2829 et
2022 2797 2066 2829 de
2093 2796 2212 2841 plano,
2236 2803 2271 2829 et

412 2858 522 2884 testes
544 2863 607 2896 per
624 2852 807 2884 dominnm
830 2865 947 2886 meum
970 2855 1221 2888 cancellarium
1245 2870 1309 2902 per
1326 2871 1380 2891 me
1402 2867 1461 2892 aut
1481 2860 1588 2893 alium
1611 2863 1690 2906 ejus
1711 2863 1859 2895 nomine
1880 2863 2138 2908 producendos
2159 2874 2270 2907 super

534 2909 572 2932 51.
