2488 3386
199 341 294 378 1379]
613 353 658 374 ΑΒ
693 353 800 374 ΑΝΝο
835 351 966 374 MCCCL
1000 352 1130 380 USQUE
1166 352 1213 374 An
1250 353 1514 374 BENEDICTUM
1548 353 1640 374 xm.
1995 344 2058 376 287

197 428 271 457 (ibid4
289 432 317 450 n⁰
333 428 403 457 1513)
419 427 556 456 asseritur,
571 427 707 450 Nicolaum
724 426 804 449 fuisse
820 426 989 453 liccntiatum,
1008 435 1019 448 «
1037 434 1086 448 non
1104 426 1238 457 requisitis
1259 426 1326 449 votis
1351 434 1395 449 sen
1418 426 1628 457 depositionibus
1651 427 1838 457 magistrorum
1859 436 1877 450 u.
1901 428 2059 451 Lirentintus

198 475 246 499 est,
267 475 295 494 ut
315 475 428 503 apparet
451 480 464 494 e
485 471 574 496 Catal.
594 471 687 495 licent.
708 470 783 499 (Bihl.
809 474 861 493 nat.
886 470 968 493 Paris.
994 478 1056 494 mss.
1081 471 1126 493 lat.
1147 470 1232 497 56572,
1257 470 1350 499 12850)‚
1371 478 1413 493 an.
1436 471 1496 493 1383
1515 471 1604 501 (1384).
1629 471 1751 493 Nicotaus
1770 480 1779 492 (ι
1797 471 1827 493 do
1844 472 1919 494 Costa
1938 480 1948 493 ι)
1971 475 2061 502 postea

197 516 317 539 minister
329 515 502 547 provincialis
521 524 595 547 prov.
613 515 758 546 Arngonine
775 515 831 540 suit.
848 518 873 537 et
891 523 932 538 an.
953 515 1012 537 1389
1028 517 1056 537 ut
1071 516 1206 537 consessor
1221 514 1335 537 lolandis
1350 514 1456 545 reginae
1474 516 1587 546 Aragon.
1607 515 1714 537 affertur
1730 516 1799 546 (Reg.
1818 517 1896 539 Aven.
1913 516 1994 539 Clem.
2009 517 2061 542 VH,

198 561 249 584 vol.
267 560 327 589 LV).

203 727 323 763 1441
334 755 342 763 .
371 736 545 762 Universitas
561 735 736 760 Par-islensis
755 734 791 760 ab
808 734 913 770 oppido
929 734 964 760 de
980 734 1099 760 Hasselt
1109 734 1256 769 justitiam
1271 734 1343 769 petit
1357 742 1408 768 pro
1424 733 1552 758 Jolmnne
1573 733 1607 758 de
1626 734 1741 767 Breyne,
1764 733 1871 759 scolari
1887 735 1991 766 Puris„
2013 735 2062 768 qui

287 785 314 810 in
328 793 456 810 carceres
471 784 541 810 dicti
555 784 655 820 oppidi
670 785 774 819 injuste
790 783 921 809 detentus
936 785 1043 817 fuerat.

1429 818 1492 843 Ante
1508 825 1546 843 αη.
1564 818 1640 847 1380,
1657 818 1772 844 Parisiis.

285 902 565 936 Venerabilibus
587 910 619 935 et
648 902 817 935 discretis
844 902 930 935 viris
959 929 979 934 ..
1005 902 1140 942 villico,
1163 901 1336 935 scabinis⁴
1358 900 1573 933 consulibus
1600 908 1632 933 et
1664 901 1847 946 magistris
1870 902 1993 946 oppidi
2016 902 2060 933 ‹le

199 970 352 1011 Hasseh,
376 970 568 1002 Leodiens.
592 969 711 1014 dyoc,7
734 976 852 1002 rector
873 975 907 1001 et
928 969 1146 1001 universitas
1167 968 1421 1013 magistrorum
1445 974 1478 1000 et
1505 967 1697 1000 scolarium
1725 968 1884 1000 Parisius
1913 968 2061 1001 studen-

197 1037 283 1069 tium
306 1036 456 1069 salutem
475 1043 509 1069 et
528 1036 570 1069 ad
592 1036 816 1080 beneplacita
834 1047 872 1068 se
895 1042 1050 1080 paratos.
1070 1035 1169 1068 Ordo
1191 1035 1341 1067 rationis
1363 1034 1567 1078 expostulat
1587 1035 1774 1079 nostrique
1792 1034 1937 1079 collegii
1960 1035 2061 1067 debi-

197 1110 269 1136 tum
292 1115 359 1136 nos
379 1103 506 1136 excitat
528 1110 560 1136 et
586 1103 735 1139 inducit,
759 1102 942 1147 magistris
971 1109 1005 1134 et
1030 1101 1232 1134 scolaribus
1254 1102 1347 1134 dicte
1370 1101 1624 1134 Universitatis
1650 1101 1810 1133 indebite
1838 1103 2060 1146 pregravatis

197 1170 241 1202 de
258 1169 561 1202 convenientibus
579 1169 750 1202 remediis
771 1169 977 1214 providere,
996 1175 1027 1201 et
1046 1169 1192 1201 eosdem
1211 1175 1335 1201 contra
1352 1168 1565 1212 injuriantes
1583 1174 1752 1212 quantum
1772 1168 1899 1201 suadet
1914 1169 2059 1213 justicia

199 1237 404 1269 confovere.
433 1236 522 1269 Cum
552 1236 663 1280 igitur
684 1247 800 1280 nuper
822 1236 857 1267 in
879 1242 1002 1268 nostra
1023 1235 1307 1279 congregatione
1330 1234 1490 1279 generali
1514 1234 1557 1266 ad
1579 1219 1735 1267 nostram
1759 1235 1939 1274 noticiam,
1963 1235 2059 1279 quod

197 1302 363 1335 dolentes
395 1303 646 1343 res[c]ivimus‚
679 1302 723 1334 sit
756 1309 966 1346 perventum
999 1302 1095 1346 quod
1125 1302 1168 1334 ad
1201 1301 1459 1333 nonnullorum
1488 1300 1688 1333 emulorum
1722 1308 1754 1333 et
1787 1301 2057 1346 malignantium

197 1368 319 1401 dilecti
341 1369 456 1402 nostri
475 1368 650 1402 Johannis
672 1369 715 1401 de
738 1370 891 1413 Breyne.v
910 1368 1045 1408 clerici7
1068 1375 1149 1401 ante
1171 1375 1203 1400 et
1227 1380 1321 1400 nunc
1343 1367 1495 1400 scolaris
1516 1368 1744 1406 parisiensis,
1770 1368 2006 1412 perniciosam
2026 1375 2060 1401 et

195 1435 317 1467 falsam
341 1435 617 1480 suggestionem
639 1435 732 1467 idem
762 1435 913 1467 scolaris
942 1435 977 1467 in
1002 1442 1122 1467 vestro
1152 1434 1286 1479 oppido
1310 1434 1376 1466 suit
1404 1441 1437 1466 ct
1466 1434 1588 1478 plures
1610 1434 1688 1466 dics
1717 1441 1748 1466 et
1782 1441 1905 1466 noctes
1926 1435 2059 1467 vilibus

195 1501 402 1534 carceribus
425 1508 459 1534 et
480 1514 558 1534 cum
581 1501 736 1534 vinculis
758 1502 994 1546 mancipatus.
1024 1501 1203 1546 bonisque
1226 1507 1261 1533 et
1286 1501 1395 1533 rebus
1422 1501 1499 1533 suis
1526 1501 1757 1545 depredatus,
1782 1513 1891 1545 snper
1912 1501 2058 1545 quihus,

195 1568 278 1601 licet
299 1569 366 1601 suit
382 1575 477 1609 nota,
498 1568 651 1613 publica,
672 1569 884 1612 notoriaque
902 1575 936 1600 et
956 1568 1153 1608 manifesta,
1174 1568 1335 1600 nundum
1359 1567 1428 1600 sibi
1446 1567 1561 1600 extitit
1583 1568 1822 1605 satisfactum;
1847 1580 1915 1612 que
1938 1569 2056 1601 omnia

193 1635 229 1667 in
250 1635 335 1667 dicti
364 1635 515 1668 scolaris
542 1635 750 1679 dampnum,
778 1635 943 1679 injuriam
966 1642 1001 1667 et
1028 1646 1221 1679 gravamen
1250 1634 1373 1667 matris
1400 1641 1523 1667 nostre
1551 1634 1805 1667 Universitatis
1828 1635 2000 1679 predicte,
2024 1642 2056 1667 et

193 1702 271 1746 ejus
294 1701 495 1747 privilegia,
520 1702 724 1734 redundant
751 1701 927 1734 lesionem
950 1714 1022 1733 non
1043 1701 1218 1734 modicam
1242 1708 1277 1734 et
1297 1708 1554 1746 contemptum.
1573 1702 1706 1734 Verum
1728 1701 1811 1733 licet
1832 1701 1963 1734 virtute
1987 1702 2055 1746 pri-

193 1767 406 1813 vilegiorum
440 1775 646 1801 nostrorum
676 1769 776 1812 ipsos
806 1775 955 1813 propter
982 1768 1049 1801 hoc
1080 1768 1239 1801 Parisius
1274 1775 1397 1812 posset
1427 1768 1544 1800 facere
1574 1768 1774 1808 conveniri,
1798 1768 2055 1800 nichilominus

191 1833 294 1867 vobis
311 1834 438 1867 volens
455 1835 490 1867 in
507 1834 571 1867 hac
590 1842 687 1879 parte
705 1835 847 1867 deferre
869 1841 903 1867 et
925 1835 1048 1867 mitius
1065 1847 1173 1879 agere
1190 1847 1270 1867 cum
1289 1834 1440 1869 eisdem.
1460 1834 1567 1867 nobis
1585 1834 1768 1866 humiliter
1786 1834 1999 1879 supplicavit
2018 1842 2053 1867 nt

192 1912 302 1945 super
318 1901 385 1933 hoe
403 1901 507 1933 vobis
524 1901 684 1934 scribere
703 1902 947 1946 dignaremur.
969 1902 1057 1934 Hinc
1079 1901 1246 1945 estquod
1270 1913 1336 1933 nos
1355 1908 1489 1933 attente
1511 1913 1575 1933 vos
1594 1913 1774 1945 rogamuS„
1798 1901 2054 1934 nichilominus

190 1967 344 2000 civiliter
366 1968 605 2012 requirentes7
630 1974 806 2012 quatenns
829 1968 872 2000 de
896 1968 1067 2012 predictis
1090 1967 1382 2000 malefactoribus
1404 1968 1623 2000 consiliariis
1646 1975 1677 2000 et
1702 1967 1901 2000 fautoribus
1925 1968 1959 1999 in
1987 1967 2053 2000 hoc

189 2046 273 2066 casu
292 2034 407 2066 eidem
431 2034 560 2066 scolari
583 2034 783 2079 dignemini
806 2034 976 2067 exhibere
994 2034 1141 2078 justicie
1159 2034 1462 2078 complementum
1478 2035 1534 2077 <dc
1553 2046 1677 2066 eorum
1702 2035 1869 2079 personis
1889 2035 2053 2078 poteritis

191 2112 253 2145 per
268 2100 415 2133 latorem
437 2101 663 2145 presencium
680 2101 823 2145 plenius
842 2101 1051 2143 informari)7
1071 2101 1244 2145 ipsosque
1262 2101 1489 2145 compellatis
1511 2101 1553 2133 ad
1576 2101 1715 2133 sublata
1738 2101 2000 2133 restituendum
2019 2108 2051 2134 et

188 2167 367 2211 predictas
382 2167 533 2211 injurias
550 2167 828 2207 emendandum,
849 2174 983 2200 tantum
1001 2167 1085 2199 inde
1105 2167 1276 2200 facientes
1297 2168 1392 2211 quod
1415 2168 1509 2212 apud
1529 2169 1641 2200 Deum
1661 2175 1692 2200 ct
1715 2167 1880 2199 homines
1905 2168 2051 2211 possitis

188 2233 232 2265 de
254 2233 347 2266 bona
364 2234 502 2277 justitia
521 2234 784 2272 connnendari;
804 2246 944 2278 nosque
962 2233 1065 2266 vobis
1089 2241 1273 2266 teneamur
1290 2234 1333 2266 ad
1354 2235 1487 2278 gratias
1505 2241 1539 2267 et
1559 2234 1595 2266 in
1612 2234 1865 2266 consimilibus
1883 2234 2048 2278 obligari.

189 2301 231 2332 Et
251 2312 295 2332 ne
313 2300 358 2332 ol)
375 2301 484 2333 vestri
508 2301 685 2332 desectum
709 2312 771 2332 eos
795 2301 953 2333 Parisius
976 2312 1042 2333 nos
1064 2301 1233 2345 persequi
1257 2307 1431 2345 oporteat,
1451 2301 1532 2345 quia
1555 2301 1635 2333 talia
1658 2300 1726 2333 sub
1743 2301 2050 2333 dissimularionis

188 2366 296 2411 pallio
333 2367 485 2399 transire
521 2379 591 2399 non
628 2367 850 2399 intendimus
886 2379 951 2399 nec
988 2379 1191 2411 possemus,
1231 2379 1404 2411 personas
1435 2374 1572 2399 vestras
1603 2367 1830 2399 venerabiles
1860 2374 2051 2399 conservet

187 2433 396 2466 Altissimus
417 2434 571 2466 feliciter
593 2441 624 2466 ct
647 2434 777 2466 votive.

278 2530 377 2553 Minuta
395 2539 513 2562 pergam,
534 2531 558 2554 in
576 2532 652 2555 Art-h.
671 2532 746 2555 Univ.
762 2532 854 2561 Paris.‚
870 2532 944 2554 theca
963 2532 1002 2559 IV,
1021 2533 1048 2554 Α.
1071 2532 1109 2554 21.
1126 2532 1151 2554 h.
1167 2545 1197 2549 —-
1214 2532 1266 2554 Hoc
1282 2532 1476 2560 documentum,
1497 2532 1552 2554 sine
1571 2532 1696 2562 temporis
1716 2535 1784 2560 notu,
1804 2535 1872 2554 certe
1888 2532 1919 2553 ad
1938 2534 2047 2554 aetatem

184 2574 341 2598 anteriorem
356 2583 398 2598 an.
414 2576 473 2598 1380
491 2576 612 2607 pertinet.
