2488 3386
441 341 503 374 146
1009 347 1327 370 ρΗΑΒΤΰιΑΒῙυΜ
1362 345 1552 367 nmvnns.
1590 344 1720 366 PAnls.
2202 327 2301 364 [1366

441 425 591 457 eandem
620 424 821 457 facultatem
851 423 1088 468 pertinentes,
1107 421 1200 454 sicut
1227 420 1425 464 antiquitus
1457 417 1648 458 faciehant,
1675 428 1748 449 non
1778 415 1944 449 obstante
1972 421 2105 447 statuto
2137 413 2300 458 ejusdem

441 491 619 524 facultatis
640 491 677 523 in
707 490 926 523 contrarium
950 489 1056 529 facto,
1079 500 1149 532 quo
1171 486 1368 526 inhibetur,
1391 497 1435 518 ne
1461 484 1592 529 aliquis
1617 482 1859 516 bachellarius
1887 481 2018 514 librum
2050 481 2214 514 cursorie
2242 480 2303 513 illa

441 558 528 590 hora
548 557 656 602 legat,
676 569 743 602 qua
760 557 890 601 aliquis
911 556 1083 600 magister
1103 554 1203 587 illum
1225 553 1357 585 librum
1379 551 1543 585 cursorie
1564 550 1664 595 legit.

532 626 618 657 Item
650 624 693 657 ad
721 623 920 656 tollendum
948 634 1133 662 excessus,
1157 627 1191 653 et
1216 627 1254 653 ut
1278 619 1424 664 justicia
1454 618 1569 663 magis
1602 623 1779 656 servetur,
1814 623 1849 649 et
1878 616 2078 661 paupertati
2108 614 2301 648 scolarium

441 698 683 732 succurratur,
706 690 915 723 auctoritate
941 689 1100 734 predicta
1130 687 1320 720 statuimus
1349 685 1445 730 quod
1472 684 1683 717 licentiandi
1704 684 1741 716 in
1761 683 1900 716 artibus
1925 682 2037 716 nichil
2063 682 2163 724 dent,
2185 681 2242 715 vel
2263 693 2302 715 se

444 758 591 791 daturos
612 757 820 802 promittant
836 768 900 800 per
919 768 958 789 se
978 755 1036 788 vel
1056 754 1179 795 alium,
1198 754 1334 786 directe
1355 751 1413 785 vel
1434 751 1623 792 indirecte,
1642 749 1858 783 cancellario
1874 750 1932 783 vel
1948 748 2248 790 subcancellario,
2267 748 2304 781 in

444 826 547 869 cujus
578 823 739 857 examine
766 822 944 855 licentiari
972 821 1166 861 voluerint,
1198 831 1263 852 nec
1289 818 1475 863 magistris
1502 816 1807 850 examinatoribus
1836 828 1901 849 seu
1929 816 2116 861 magistro,
2139 815 2207 848 sub
2233 826 2304 860 quo

443 890 743 930 licentiabuntur3
766 901 831 922 nec
853 888 959 921 alicui
980 888 1024 920 de
1045 887 1176 920 familia
1198 898 1322 919 eorum
1344 884 1401 918 vel
1429 884 1583 928 alicujus
1612 883 1858 928 predictorum
1880 894 1987 916 causa
2008 882 2157 923 laboris,
2179 882 2305 915 lectio-

445 958 540 990 nis¹⁷
561 956 781 1001 assignande
806 962 866 988 aut
893 965 1108 999 quacunque
1136 964 1242 986 causa
1273 952 1330 985 vel
1356 951 1548 984 occasione
1578 962 1728 983 examen
1756 957 1940 995 tangente,
1966 950 2137 994 quodque
2158 949 2211 982 eis
2232 960 2306 981 non

444 1024 574 1056 faciant
601 1023 803 1067 prandium,
831 1021 928 1054 omni
956 1020 1081 1053 fraude
1111 1027 1143 1052 et
1173 1018 1472 1063 interpretatione
1503 1017 1666 1050 semotis.
1690 1018 1733 1049 Et
1763 1017 1860 1061 quod
1887 1016 1972 1049 dicti
1998 1015 2208 1049 licentiandi
2237 1015 2306 1048 hoc

440 1092 563 1134 jurare
584 1090 621 1121 in
642 1089 813 1134 ingressu
835 1088 891 1120 sui
920 1087 1096 1119 examinis
1122 1092 1324 1119 teneantur.
1349 1085 1384 1118 Si
1413 1084 1494 1129 quis
1522 1090 1640 1116 autem
1661 1078 1799 1128 aliquid
1824 1090 1949 1116 contra
1971 1083 2148 1127 premissa
2169 1082 2306 1115 directe

444 1156 501 1190 vel
523 1156 698 1188 indirecte
720 1154 898 1199 receperit
919 1160 978 1186 aut
1001 1153 1206 1191 extorserit,
1231 1152 1452 1197 precipimus
1470 1151 1506 1183 in
1527 1151 1659 1184 virtute
1681 1149 1904 1191 obedientie,
1926 1149 2024 1194 quod
2045 1149 2194 1194 duplum
2215 1149 2307 1181 infra

446 1223 538 1255 duos
566 1233 711 1255 menses
732 1221 862 1253 Domui
888 1220 954 1252 Dei
978 1220 1137 1252 Parisius
1162 1219 1261 1260 dare,
1282 1218 1439 1259 tradere,
1462 1217 1606 1251 solvere
1628 1223 1663 1250 et
1685 1217 1878 1249 restituere
1901 1216 2045 1249 realiter
2070 1228 2150 1249 cum
2177 1215 2307 1248 effectu

444 1295 620 1329 teneatur,
639 1287 736 1320 nulla
753 1287 909 1327 datione,
931 1286 1146 1318 liberalitate
1167 1292 1228 1318 aut
1247 1285 1466 1317 remissione
1488 1284 1520 1317 ei
1537 1283 1767 1328 aliquatenus
1789 1283 1988 1328 profutura.

534 1356 621 1387 Item
642 1353 685 1386 ad
706 1353 907 1386 tollendum
930 1364 1102 1385 excessus
1123 1359 1158 1384 et
1178 1351 1314 1384 abusus
1335 1351 1396 1396 qui
1422 1350 1597 1383 committi
1623 1350 1808 1395 possent¹⁸
1831 1349 2022 1382 occasione
2038 1348 2308 1393 jurisdictionis

446 1420 719 1466 privilegiorum
741 1419 976 1453 Universitati
997 1418 1194 1451 Parisiensi
1221 1425 1256 1450 et
1284 1415 1442 1450 facultati
1469 1417 1655 1462 theologie
1676 1428 1951 1457 concessorum,
1973 1416 2166 1449 statuimus
2187 1421 2309 1448 aucto-

446 1488 548 1520 ritate
569 1487 742 1531 predicta,
761 1486 858 1530 quod
879 1485 1002 1518 nullus
1024 1485 1230 1518 admittatur
1250 1485 1293 1517 ad
1316 1484 1490 1517 utendum
1512 1491 1546 1517 et
1566 1484 1799 1529 gaudendum
1821 1483 2014 1528 privilegio
2032 1481 2308 1527 quinquennali,

444 1554 592 1586 fundato
614 1565 724 1597 super
745 1552 950 1585 executoria
976 1552 1113 1584 decreti
1134 1552 1249 1595 Super
1271 1551 1458 1595 speculam,
1485 1551 1556 1583 nisi
1577 1550 1719 1583 venerit
1739 1562 1858 1583 coram
1880 1549 2048 1583 facultate
2069 1549 2230 1594 predicta
2250 1555 2311 1581 aut

447 1620 627 1665 deputatis
656 1619 699 1652 ab
727 1619 865 1660 eadem,
892 1619 1056 1651 dicturus
1088 1630 1231 1651 causam
1259 1630 1357 1650 suam
1386 1617 1510 1651 verbis
1535 1617 1658 1650 latinis
1686 1623 1723 1650 ut
1752 1617 1845 1650 dicta
1875 1616 2025 1649 facultas
2055 1628 2119 1649 seu
2148 1615 2309 1661 deputati

446 1687 565 1720 videat
586 1698 650 1719 seu
670 1686 828 1727 videant,
851 1685 881 1718 si
902 1697 1008 1718 causa
1030 1685 1192 1729 ejusdem
1215 1685 1443 1718 contineatur
1464 1684 1532 1718 sub
1554 1684 1747 1729 privilegio
1769 1683 2030 1729 quinquennali
2051 1682 2244 1716 antedicto.

536 1754 624 1785 Item
646 1752 726 1785 talis
747 1763 866 1785 coram
888 1752 981 1785 dicta
1007 1751 1173 1784 facultate
1199 1758 1259 1784 aut
1279 1751 1459 1796 deputatis
1480 1751 1616 1796 jurabit
1638 1751 1736 1796 quod
1757 1763 1830 1783 non
1850 1750 1918 1783 fui-t
1942 1762 2032 1783 usus
2062 1761 2127 1794 per
2148 1749 2309 1794 quinque

448 1831 563 1852 annos
591 1819 783 1863 privilegio
811 1818 1005 1859 antedicto,
1035 1819 1134 1851 nec²⁰
1165 1818 1202 1850 in
1232 1825 1418 1863 posterum
1444 1818 1537 1851 ultra
1565 1818 1726 1862 quinque
1756 1829 1871 1850 annos
1903 1823 2034 1858 utetur,
2062 1816 2161 1849 omni
2185 1815 2312 1849 fraude

449 1886 594 1931 penitus
615 1892 765 1926 semota,
787 1885 1028 1930 computando
1049 1892 1162 1918 totum
1184 1892 1328 1930 tempus
1349 1897 1420 1930 quo
1437 1897 1527 1918 usus
1547 1885 1615 1917 fuit
1635 1896 1716 1917 cum
1739 1891 1902 1929 tempore
1923 1896 1994 1929 quo
2017 1890 2149 1917 utetur.

538 1954 625 1985 Item
641 1951 780 1997 jurabit
798 1952 896 1996 quod
917 1952 1048 1985 virtute
1065 1952 1248 1997 privilegii
1268 1952 1440 1985 antedicti
1462 1964 1535 1984 non
1556 1958 1654 1996 petet
1674 1951 1745 1984 nisi
1761 1952 1901 1984 fructus
1918 1950 1989 1984 sibi
2009 1950 2153 1983 debitos
2174 1950 2312 1983 ratione

449 2019 505 2053 sui
532 2018 700 2051 beneficii
725 2025 785 2051 aut
810 2018 1071 2051 beneficiorum
1100 2030 1261 2059 suorum,
1289 2019 1319 2052 si
1347 2019 1449 2063 plura
1475 2018 1649 2059 obtineat,
1677 2025 1886 2063 transportu
1913 2018 2011 2050 omni
2037 2024 2072 2050 et
2098 2027 2313 2062 quacunque

449 2086 616 2119 cessione
651 2092 828 2118 cessante.
861 2084 1002 2127 Quibus
1033 2085 1164 2130 juratis
1201 2085 1378 2130 factisque
1412 2084 1777 2130 interrogationibus,
1810 2085 1854 2117 de
1884 2084 2018 2129 quibus
2052 2083 2248 2124 videbitur,
2279 2089 2316 2116 et

451 2151 756 2196 responsionibus
773 2151 992 2192 subsecutis,
1012 2151 1104 2184 dicta
1125 2151 1275 2184 facultas
1296 2158 1356 2184 aut
1372 2152 1534 2196 deputati
1550 2151 1842 2184 testificabuntur
1863 2151 1907 2184 de
1928 2150 1998 2183 hiis
2020 2162 2090 2195 que
2110 2149 2315 2195 repererint

451 2218 635 2251 executori
659 2229 723 2251 seu
754 2217 1009 2251 executoribus
1039 2218 1222 2263 privilegii
1249 2218 1416 2263 predicti,
1439 2225 1489 2259 ut,
1517 2225 1624 2263 prout
1651 2218 1722 2251 sibi
1753 2217 1957 2250 faciendum
1979 2204 2175 2258 videbitur,
2205 2216 2315 2261 petita

451 2285 571 2318 citatio
593 2284 822 2317 concedatur.
846 2285 911 2317 Die
932 2296 1017 2318 vero
1045 2285 1228 2330 assignata
1250 2285 1286 2317 in
1311 2285 1388 2330 ipsa
1409 2285 1580 2318 citatione
1606 2285 1703 2318 idem
1729 2285 1834 2317 etiam
1858 2283 2112 2329 personaliter,
2134 2283 2206 2316 nisi
2227 2282 2313 2328 legi-

454 2352 537 2384 time
558 2350 706 2383 arbitrio
733 2351 937 2384 executoris
964 2351 1073 2384 fuerit
1099 2352 1310 2396 impeditus,
1333 2351 1516 2384 tenebitur
1536 2363 1762 2396 comparere,
1783 2351 1945 2396 alioquin
1966 2351 2002 2383 in
2030 2349 2202 2395 expensis
2222 2349 2315 2394 parti

452 2417 556 2450 alteri
577 2417 876 2462 condempnetur.

541 2485 628 2516 Item
651 2483 747 2528 quod
775 2483 897 2516 nullus
919 2491 1105 2528 presumat
1124 2484 1363 2517 citationem²¹
1388 2485 1473 2517 dare
1495 2497 1561 2518 nec
1582 2485 1737 2529 aliquam
1759 2484 2053 2528 jurisdictionem
2077 2483 2208 2516 virtute
2229 2482 2316 2515 dicti

453 2549 634 2595 privilegii
660 2562 841 2591 exercere,
870 2550 942 2583 nisi
969 2550 1086 2583 solum
1113 2550 1174 2583 ille
1200 2558 1383 2592 executor,
1413 2552 1475 2596 qui
1502 2552 1610 2584 fuerit
1638 2563 1702 2596 per
1727 2550 1931 2584 facultatem
1957 2549 2142 2594 theologie
2167 2549 2212 2582 de
2234 2559 2316 2582 exe-

453 2616 598 2660 quendo
620 2615 754 2648 dictum
776 2616 1006 2661 privilegium
1029 2617 1242 2661 requisitus,
1264 2624 1299 2650 et
1320 2629 1432 2662 penes
1454 2630 1561 2662 quem
1583 2618 1675 2650 illud
1696 2617 1929 2662 privilegium
1951 2617 1996 2649 de
2016 2615 2200 2649 voluntate
2221 2614 2316 2647 dicte

452 2682 630 2715 facultatis
650 2682 759 2715 fuerit
778 2689 813 2715 et
832 2694 998 2723 assensu,
1021 2689 1056 2715 et
1076 2683 1134 2715 cui
1154 2684 1264 2716 fuerit
1283 2684 1417 2716 dictum
1439 2684 1672 2730 privilegium
1693 2684 1863 2717 traditum
1881 2695 1945 2728 per
1960 2682 2163 2716 facultatem
2181 2692 2316 2714 memo-

455 2755 578 2782 ratam.

543 2816 632 2847 Item
653 2815 696 2847 ad
717 2814 916 2848 tollendum
939 2827 1112 2848 excessus
1133 2822 1168 2848 et
1188 2816 1336 2858 abusus,
1360 2818 1421 2861 qui
1442 2818 1616 2850 committi
1637 2824 1789 2862 possent
1808 2817 1845 2849 in
1859 2816 2118 2861 jurisdictione
2134 2814 2317 2860 privilegii

455 2881 711 2926 septennalis²²
733 2893 843 2926 super
864 2881 1043 2915 fructibus
1064 2882 1325 2916 beneficiorum
1349 2884 1386 2916 in
1406 2883 1569 2917 absentia
1590 2883 1837 2929 percipiendis
1859 2882 2095 2916 Universitati
2120 2880 2318 2914 Parisiensi

581 2939 620 2962 19.
