2488 3386
478 349 542 380 344
1052 357 1371 379 CHARTULAttlUM
1407 356 1596 377 UNn‘Ens.
1634 355 1761 376 PAnis.
2243 342 2343 378 [1385

477 431 681 476 Agnevilla,
713 431 812 476 prior
843 431 1022 475 prioratus
1056 431 1174 463 Sancti
1201 430 1385 475 Vigoris²,
1415 429 1658 462 decretorum.
1691 428 1895 473 Stephanus
1926 428 1970 461 de
1996 428 2115 468 Tullo,
2148 428 2340 468 medicine,

477 497 681 530 facultatum
701 497 941 541 predictarum
961 497 1104 534 decani:
1125 496 1327 541 Stephanus
1345 495 1515 535 Gaudeti,
1529 494 1731 527 Richardus
1748 494 1859 527 abbas
1877 494 1996 528 Sancti
2014 494 2197 539 Maglorii,
2213 494 2341 528 Johan-

478 576 542 596 nes
564 564 607 596 de
629 563 810 603 Chanalis,
834 565 961 596 Petrus
988 564 1031 596 de
1052 563 1218 604 Ailliaco,
1245 563 1281 595 in
1309 562 1509 606 theologia;
1542 562 1670 594 Petrus
1697 561 1741 593 (16
1768 561 2027 602 Temericuria,
2052 561 2236 594 Johannes
2265 561 2341 594 Bal-

477 630 591 670 duini,
608 629 790 663 Johannes
808 630 851 662 de
874 630 1025 675 Fragiis,
1045 629 1255 674 Radulphus
1273 629 1317 661 de
1339 630 1464 673 Lesya,
1481 627 1665 661 Johannes
1687 627 1730 660 de
1748 627 1918 669 Marchia,
1937 628 1974 660 in
1990 628 2164 668 decretis3
2183 627 2340 661 Thomas

477 696 689 737 Graffardi³,
708 698 835 729 Petrus
858 698 976 730 Reret.
995 697 1031 728 in
1053 696 1248 735 medicina,
1272 708 1311 728 ac
1332 695 1391 728 alii
1416 695 1578 739 magistri
1601 701 1635 727 et
1656 695 1826 727 doctores
1848 694 2090 739 predictarum
2109 694 2214 727 trium
2232 694 2342 727 facul-

476 769 585 795 tatum
616 762 749 795 ibidem
783 770 972 807 presentes
1000 769 1034 795 et
1064 762 1107 795 ad
1137 762 1364 806 infrascripta
1396 761 1586 806 passanda,
1618 761 1781 794 facienda
1809 768 1844 794 et
1873 761 2073 794 ordinanda
2100 761 2341 807 collegialiter

475 829 609 861 ibidem
632 841 731 861 more
753 829 859 862 solito
877 829 1063 862 convocati
1085 840 1189 861 suum
1212 840 1431 861 consensum
1454 828 1587 872 pariter
1603 834 1637 860 et
1658 839 1850 861 assensum
1871 834 2088 873 prestantes,
2106 840 2145 861 ac
2166 829 2338 873 majorem

475 902 510 928 et
538 896 716 928 saniorem
749 902 882 940 partem
915 895 1169 939 magistrorum
1204 902 1236 927 et
1269 895 1458 927 doctorum
1489 906 1528 927 ac
1557 894 1732 927 dictarum
1761 894 1867 927 trium
1900 894 2107 927 facultatum
2140 894 2337 940 theologie,

474 962 701 994 decretorum
724 968 759 994 et
778 962 956 995 medicine
978 962 1150 994 facientes
1172 968 1207 994 et
1227 967 1539 1006 representantem
1562 960 1746 994 Johannes
1767 961 1892 995 Guioti
1913 961 2111 1002 Gallicane,
2138 960 2339 995 Albencius

474 1029 602 1061 Divitis
624 1028 798 1065 Picardie,
824 1028 1007 1061 Johannes
1033 1028 1270 1073 Vauqueleti⁸
1297 1028 1504 1069 Normanie,
1528 1029 1657 1060 Petrus
1684 1027 1727 1060 de
1748 1028 1965 1061 Anstredam
1986 1027 2119 1073 Anglie
2146 1028 2337 1061 nacionum

473 1101 725 1139 procuratores
747 1101 779 1127 et
811 1095 846 1126 in
873 1095 1002 1127 artium
1027 1094 1193 1127 facultate
1220 1095 1403 1140 magistri,
1428 1094 1613 1127 Johannes
1640 1094 1783 1135 Solacii,
1809 1093 1993 1127 Johannes
2015 1094 2059 1127 de
2081 1095 2337 1140 Guignicourt,

471 1160 654 1194 Johannes
680 1161 848 1202 Filiastri,
872 1161 1084 1194 Dominicus
1110 1161 1225 1199 Parvi,
1247 1161 1432 1194 Johannes
1459 1162 1503 1194 de
1532 1163 1742 1202 Marsonno,
1770 1161 1933 1206 magistri
1958 1161 1995 1193 in
2016 1160 2154 1194 artibus
2174 1161 2339 1195 nacionis

472 1228 637 1267 Francie,
661 1228 837 1260 Girardus
864 1228 907 1260 de
928 1228 1181 1272 Versigniaco,
1205 1229 1337 1273 Symon
1368 1228 1412 1260 (le
1440 1229 1573 1269 Hoves,
1602 1227 1778 1262 Nicolaus
1805 1227 1849 1260 de
1877 1227 2126 1269 Bello-Ramo,
2159 1228 2339 1262 Henricus

472 1293 668 1328 Roueelli⁵.
695 1293 879 1327 Johannes
905 1294 1070 1335 Caronis,
1099 1294 1283 1327 Johannes
1314 1294 1358 1327 de
1388 1294 1592 1335 Molannes,
1623 1294 1794 1327 Nicolaus
1825 1294 1870 1327 de
1900 1295 2026 1336 Ponte,
2058 1295 2186 1327 Petrus
2214 1295 2337 1334 Lucie,

472 1360 632 1405 magistri
664 1361 700 1392 in
721 1360 859 1393 artibus
885 1361 1049 1393 nacionis
1075 1361 1254 1401 Picardie3
1284 1362 1413 1394 Petrus
1435 1361 1590 1402 Giberti,
1618 1360 1802 1394 Johannes
1832 1360 1960 1402 Barbe,
1990 1362 2118 1394 Petrus
2145 1362 2335 1401 Wouaw,

467 1427 630 1471 magistri
651 1427 687 1459 in
708 1426 846 1459 artibus
868 1427 1031 1460 nacionis
1053 1428 1289 1468 Normannie3
1312 1414 1496 1461 Johannes
1519 1428 1564 1460 de
1589 1427 1862 1469 Brandebourc,
1882 1426 2067 1460 Johannes
2089 1427 2133 1460 de
2154 1428 2336 1469 Austria⁷,

466 1493 648 1527 Johannes
676 1494 720 1526 de
745 1494 921 1538 Angusia,
942 1494 1121 1527 Robertus
1143 1495 1253 1536 Scoti,
1276 1495 1440 1540 magistri
1462 1495 1499 1527 in
1520 1494 1658 1528 artibus
1680 1494 1844 1527 nacionis
1867 1494 2012 1540 Anglie,
2038 1500 2073 1527 et
2102 1494 2336 1539 quamplures

467 1560 526 1593 alii
555 1561 717 1605 magistri
750 1561 786 1592 in
816 1567 970 1605 quatuor
999 1561 1212 1594 nacionibus
1239 1562 1366 1594 artium
1399 1561 1535 1594 ibidem
1564 1568 1755 1606 presentes
1783 1567 1818 1594 et
1844 1560 2085 1606 collegialiter
2106 1573 2205 1594 more
2227 1560 2335 1594 solito

468 1627 680 1672 congregati
701 1634 735 1659 et
755 1628 941 1660 convocati
963 1635 998 1660 et
1018 1628 1061 1660 ad
1082 1628 1310 1673 infrascripta
1327 1629 1489 1661 facienda
1507 1635 1542 1661 et
1562 1628 1761 1661 ordinanda
1783 1639 1889 1661 suum
1910 1639 2131 1660 consensum
2148 1634 2187 1660 ut
2206 1627 2335 1673 prefati

468 1693 631 1738 magistri
662 1700 696 1726 et
725 1693 894 1726 doctores
926 1701 1142 1738 prestantes,
1171 1707 1281 1740 super
1309 1695 1551 1740 infrascriptis
1582 1702 1617 1728 et
1650 1694 1867 1739 quibusdam
1897 1693 1978 1727 aliis
2008 1694 2173 1739 negociis
2203 1694 2333 1727 dictam

471 1760 745 1793 Universitatem
779 1760 1022 1805 tangentibus,
1059 1761 1126 1794 sub
1154 1761 1276 1794 debito
1302 1763 1523 1806 juramento,
1553 1774 1624 1806 quo
1652 1761 1792 1794 firmius
1820 1767 1922 1794 erant
1952 1761 2068 1793 eidem
2099 1761 2333 1794 Universitati

467 1826 616 1867 astricti,
643 1827 737 1871 apud
761 1826 948 1860 ecclesiam
979 1839 1043 1860 seu
1065 1835 1282 1861 conventum
1314 1829 1433 1861 Sancti
1464 1828 1634 1861 Maturini
1664 1828 1777 1861 Paris.
1800 1828 1837 1860 in
1863 1827 2149 1873 congregatione
2170 1827 2333 1873 generali

468 1905 566 1925 more
596 1893 703 1926 solito
725 1895 910 1927 convocati
939 1901 973 1927 et
1001 1895 1037 1927 in
1059 1895 1214 1940 capitulo
1237 1895 1331 1928 dicte
1352 1895 1507 1928 ecclesie
1528 1895 1768 1939 collegialiter
1789 1894 2016 1940 congregati,
2042 1906 2081 1927 ac
2110 1901 2218 1927 totam
2245 1894 2333 1928 Uni-

467 1960 672 1992 versitatem
695 1966 730 1992 et
748 1960 936 1993 facultates
964 1962 1144 2006 predictas
1171 1969 1480 2007 representantes,
1502 1962 1538 1994 in
1560 1962 1630 1994 mei
1658 1961 1788 1994 notarii
1818 1960 1955 2006 publici
1983 1961 2203 2006 testiumque
2223 1961 2333 1994 infra-

466 2026 682 2070 scriptorum
705 2027 747 2059 ad
769 2026 836 2059 hoc
863 2034 1070 2060 vocatorum
1093 2029 1300 2073 specialiter
1320 2033 1377 2070 [et]
1401 2035 1609 2074 rogatorum
1631 2028 1815 2073 presentia
1834 2028 1871 2060 in
1892 2038 1999 2060 causa
2021 2039 2085 2060 seu
2106 2027 2240 2069 causis,
2262 2039 2332 2072 que

466 2099 654 2125 vertuntur
676 2105 739 2126 seu
766 2094 856 2126 verti
887 2101 1079 2139 sperantur
1100 2107 1217 2128 coram
1247 2096 1555 2129 reverendissimo
1583 2096 1619 2128 in
1644 2095 1790 2129 Christo
1818 2100 1918 2139 patre
1946 2100 1980 2127 et
2009 2093 2156 2127 domino
2184 2094 2332 2127 domino

466 2160 571 2192 Petro
589 2167 816 2193 sacrosancte
835 2162 936 2193 Rom.
953 2161 1040 2194 eccl.
1060 2162 1182 2206 presb.
1197 2163 1371 2195 cardinali
1388 2162 1621 2195 Laudunensi
1638 2161 1798 2194 Parisius
1815 2160 2066 2202 commoranti,
2081 2160 2331 2194 commissario

467 2226 636 2270 deputato
666 2238 730 2271 per
757 2228 1025 2260 sanctissimum
1056 2228 1092 2261 in
1116 2228 1262 2262 Christo
1291 2236 1426 2274 patrem
1450 2236 1484 2262 et
1504 2229 1688 2262 dominum
1711 2234 1876 2261 nostrum
1898 2227 2084 2260 dominum
2106 2226 2330 2260 Clementem

468 2304 591 2336 papam
613 2293 804 2337 septimum
827 2294 921 2326 inter
942 2306 1009 2327 nos
1031 2307 1074 2327 ex
1099 2307 1169 2328 una
1190 2302 1302 2340 parte,
1326 2303 1361 2328 et
1381 2296 1593 2341 magistrum
1617 2295 1817 2328 Johannem
1841 2293 2057 2326 Blanchardi
2077 2305 2117 2326 ac
2138 2293 2331 2326 officiarios

468 2369 554 2390 suos
576 2359 652 2391 sive
672 2360 866 2393 familiares
888 2368 921 2393 et
949 2373 1124 2406 sequaces
1147 2374 1189 2394 ex
1217 2362 1327 2395 altera
1359 2369 1471 2407 parte,
1498 2362 1739 2395 communiter
1763 2361 1821 2394 vel
1847 2360 2005 2401 divisim,
2028 2366 2088 2392 aut
2108 2359 2220 2392 altero
2242 2371 2332 2405 quo-

467 2434 609 2466 cunque
625 2423 749 2467 judice
770 2424 826 2457 vel
847 2425 1035 2469 judicibus
1057 2426 1265 2471 subrogatis
1286 2427 1343 2459 vel
1372 2426 1617 2471 subrogandis
1638 2438 1655 2459 a
1677 2426 1773 2458 dicto
1795 2425 1941 2458 domino
1967 2423 2153 2465 cardinali,
2177 2423 2330 2457 dilectos

466 2500 554 2521 suos
582 2496 617 2521 et
646 2489 773 2523 fideles
793 2491 1021 2524 venerabiles
1049 2499 1083 2525 et
1112 2493 1290 2526 discretos
1311 2493 1410 2526 viros
1438 2493 1606 2525 dominos
1635 2499 1670 2525 et
1697 2492 1892 2537 magistros
1917 2490 2117 2524 Johannem
2145 2490 2189 2523 de
2215 2490 2328 2536 Milly,

466 2555 646 2588 Andream
668 2557 873 2601 Grangerii,
897 2559 1039 2590 Petrum
1062 2559 1106 2591 de
1127 2560 1357 2600 Tornodoro,
1381 2561 1558 2593 Herveum
1582 2559 1754 2600 Costroti,
1782 2559 1927 2591 Petrum
1955 2557 2102 2598 Forteti,
2128 2556 2328 2590 Johannem

467 2621 510 2653 de
530 2623 652 2663 Barra,
675 2623 908 2655 Guillelmum
932 2624 975 2656 dc
998 2625 1168 2666 Marchia,
1191 2626 1388 2658 Ausredum
1413 2626 1528 2671 Saisy,
1551 2627 1692 2658 Petrum
1717 2625 1761 2657 de
1783 2626 1938 2670 BoyaCO,
1955 2623 2155 2657 Johannem
2178 2623 2328 2664 Melleti,

467 2688 687 2721 Bernardum
719 2689 762 2721 de
790 2690 969 2730 Oratorio,
998 2691 1197 2724 Johannem
1226 2692 1270 2724 de
1304 2692 1482 2733 Ulmonte,
1511 2693 1655 2724 Petrum
1684 2692 1728 2724 de
1757 2691 1898 2731 Bievra,
1920 2690 2092 2723 Thomam
2120 2689 2152 2722 le
2178 2691 2327 2735 Pourry,

465 2753 634 2787 absentes
656 2761 821 2800 tanquam
844 2764 1046 2800 presentes,
1074 2758 1160 2790 citra
1183 2764 1299 2790 tamen
1321 2758 1472 2790 alioruin
1496 2769 1797 2803 quorumcunque
1823 2763 2097 2802 procuratorum
2120 2763 2328 2789 nostrorum

464 2820 551 2853 alias
575 2833 639 2866 per
659 2833 726 2854 nos
747 2822 943 2866 quemlibet
965 2824 1243 2856 constitutorum
1266 2831 1298 2857 et
1326 2825 1573 2857 ordinatorum
1600 2831 1862 2865 revocatorum,
1884 2823 2049 2864 fecimus,
2073 2822 2328 2856 constituimus

466 2894 500 2919 et
520 2887 780 2925 ordinavimus,
803 2889 963 2928 facimus,
990 2890 1244 2923 constituimus
1266 2897 1300 2923 et
1328 2891 1538 2923 ordinamus
1567 2897 1713 2923 nostros
1741 2902 1848 2923 veros
1875 2896 1910 2923 et
1936 2889 2136 2935 legittimos
2158 2900 2328 2934 procura-
