2488 3386
206 328 301 363 1394]
970 340 1016 360 DE
1053 339 1294 361 senisMATE.
1997 331 2061 363 619

200 413 257 446 vel
277 413 385 446 habet
405 414 441 446 in
462 420 606 459 papatu,
622 413 679 446 vel
700 424 739 446 se
761 412 893 445 habere
916 413 1116 457 pretendit;
1139 413 1216 445 sive
1232 413 1352 445 cessio
1369 413 1441 451 illa,
1461 420 1496 445 ut
1518 413 1627 457 aliqui
1650 420 1812 458 tangunt,
1836 414 1871 446 in
1892 414 2059 446 manibus

200 480 256 513 vel
277 480 459 525 presentia
480 479 664 513 amborum
694 479 932 524 collegiorum
955 479 991 511 in
1013 491 1122 511 unum
1145 491 1208 523 pro
1231 479 1327 511 bono
1349 480 1446 524 pacis
1468 480 1759 512 convenientium
1782 480 1897 520 fieret,
1921 481 1997 513 sive
2022 481 2058 513 in

198 546 365 579 manibus
381 546 439 579 vel
459 546 642 591 presentia
659 546 715 578 sui
736 545 882 590 collegii
904 557 986 590 pars
1004 545 1167 590 quelibet
1183 557 1347 578 seorsum
1366 546 1524 579 cederet.
1544 546 1619 578 sive
1637 553 1820 591 postremo
1838 547 1873 579 in
1892 547 2057 579 manibus

197 620 258 646 aut
278 613 459 658 presentia
480 613 681 658 aliquorum
709 623 774 657 per
795 623 857 644 eos
884 618 918 644 et
945 623 1008 644 sua
1036 611 1190 661 collegia
1219 612 1534 651 nominandorum,
1558 613 1633 645 sive
1659 612 1739 645 aliis
1762 613 1879 646 modis
1905 614 2058 646 rationa—

199 679 320 712 biliter
340 678 601 724 excogitandis.
630 679 705 721 Qua
733 678 901 711 cessione
928 679 1017 711 facta
1045 678 1088 710 de
1118 679 1238 711 futuro
1269 679 1437 723 pontifice
1468 691 1533 723 per
1553 685 1696 711 veteres
1726 679 1928 712 cardinales
1955 680 2058 713 fieret

199 746 373 791 provisio,
397 758 461 778 seu
483 757 547 791 pro
569 745 665 778 bono
687 745 882 778 concordie
903 757 967 790 per
987 745 1142 790 collegia
1163 745 1363 778 amborum.
1386 746 1438 778 Et
1462 746 1548 779 hanc
1571 746 1676 786 viam,
1703 746 1872 790 princeps
1892 746 2056 779 christia—

198 813 361 853 nissime,
384 812 427 845 ad
449 812 581 853 celere,
603 812 827 845 conveniens
849 818 883 844 et
909 811 1032 844 efficax
1060 811 1169 856 hujus
1195 812 1299 857 plage
1327 812 1467 844 letifere
1494 812 1692 844 remedium
1717 813 1845 846 ceteris
1871 813 1906 845 in
1934 818 2055 846 nostra

197 880 260 913 hac
288 879 436 923 epistola
465 879 640 912 contentis
667 879 922 923 anteponimus,
953 885 1025 911 tum
1059 885 1207 923 propter
1233 879 1437 911 facilitatem
1469 879 1624 911 faciendi
1651 879 1717 922 (sic
1747 891 1876 924 nempe
1898 879 2054 918 labores,

198 952 378 990 sumptus,
401 945 631 978 difficultates
652 945 819 990 plurime,
839 946 988 978 maxima
1011 945 1167 989 denique
1189 945 1461 978 christianitatis
1482 945 1592 978 totius
1608 946 1807 978 vitarentur
1828 945 2053 990 dispendia);

197 1018 270 1044 tum
292 1018 440 1057 propter
461 1012 716 1044 universorum
738 1012 898 1044 fidelium
921 1012 1111 1056 utriusque
1133 1011 1341 1044 obedientie
1362 1012 1546 1056 totiusque
1568 1012 1604 1044 in
1629 1024 1764 1057 genere
1784 1012 2056 1045 christianitatis

197 1078 233 1110 in
255 1078 428 1111 cordibus
449 1085 484 1111 et
503 1078 740 1111 conscientiis
762 1078 953 1123 perfectam
976 1085 1082 1123 atque
1103 1079 1278 1123 integram
1301 1077 1437 1122 absque
1460 1090 1624 1111 remorsu
1642 1078 1761 1123 aliquo
1779 1079 2054 1123 quietationem;

198 1151 271 1177 tum
302 1145 455 1178 maxime
483 1152 631 1190 propter
656 1145 860 1190 principum
888 1151 922 1177 et
951 1156 1146 1190 regnorum
1178 1145 1368 1189 utriusque
1399 1144 1608 1178 adherentie
1638 1145 1813 1178 honorem
1841 1157 1884 1178 ex
1912 1146 2056 1191 integro

197 1212 487 1245 conservandum
517 1218 552 1244 et
583 1212 814 1244 devitandum
848 1211 1070 1252 scandalum,
1100 1211 1196 1256 quod
1222 1211 1361 1255 judicio
1389 1218 1514 1244 nostro
1543 1223 1772 1256 summopere
1798 1212 2054 1245 attendendum

197 1278 499 1323 pensandumque
527 1279 564 1311 in
590 1278 654 1311 hac
680 1279 827 1311 materia
853 1285 919 1319 est,
947 1293 962 1309 α
989 1279 1117 1311 fratres
1144 1278 1278 1322 quippe
1305 1290 1430 1310 omnes
1457 1289 1582 1311 sumus
1612 1279 1648 1311 in
1674 1279 1820 1312 Christo
1844 1294 1858 1309 n
1885 1292 1952 1317 ....;
1981 1286 2052 1312 tum

198 1340 345 1389 propter
371 1345 615 1390 apparentiam
638 1345 816 1378 rationum
847 1345 1038 1390 utriusque
1069 1345 1194 1389 partis,
1217 1344 1333 1389 qualis
1359 1356 1583 1389 nequaquam
1615 1345 1702 1378 alias
1730 1346 1766 1377 in
1792 1346 1958 1379 scismate
1979 1347 2055 1379 visa

197 1418 269 1452 est3
297 1418 370 1444 tum
402 1418 551 1456 propter
580 1411 825 1444 adherentiam
853 1412 956 1444 fixam
984 1418 1090 1456 atque
1122 1411 1312 1444 radicatam
1343 1412 1520 1456 cujusque
1543 1412 1652 1456 partis
1680 1412 1723 1444 ad
1754 1424 1871 1453 suum,
1895 1419 1932 1445 ut
1958 1413 2054 1445 nulla

196 1477 406 1510 verisimilis
424 1489 509 1523 spes
531 1478 590 1519 sit,
613 1485 672 1511 aut
694 1490 761 1511 nos
777 1479 820 1511 ad
842 1478 944 1511 aliam
968 1485 1103 1523 partem
1125 1478 1310 1519 accedere,
1329 1485 1385 1511 aut
1408 1478 1498 1510 alios
1519 1479 1563 1510 ad
1584 1485 1741 1511 nostram
1765 1479 1944 1512 ullatenus
1964 1480 2054 1512 verti

196 1545 338 1590 posse⁶.
363 1546 405 1577 Et
432 1545 595 1589 profecto
622 1545 665 1577 ad
693 1545 783 1577 hanc
808 1545 900 1578 viam
927 1545 1036 1577 debet
1063 1557 1139 1585 eos,
1168 1552 1206 1577 ut
1233 1545 1387 1583 videtur,
1416 1545 1553 1589 proprii
1581 1557 1680 1577 amor
1705 1545 1855 1578 honoris
1881 1546 2054 1579 inducere

195 1610 493 1656 voluntariosque
521 1611 689 1652 reddere,
713 1623 770 1652 ne,
799 1612 829 1643 si
856 1612 1038 1644 discussio
1060 1611 1130 1646 fiat.
1154 1611 1190 1643 in
1212 1611 1362 1644 alterius
1379 1623 1502 1643 eorum
1526 1618 1584 1643 aut
1609 1611 1795 1644 amborum
1818 1613 2051 1657 ignominiam

196 1689 255 1710 res
275 1678 485 1710 veniat....⁷.
509 1679 551 1710 Et
573 1678 616 1710 de
637 1678 750 1723 prima
773 1678 917 1723 quidem
940 1678 995 1711 via
1016 1677 1081 1710 hec
1103 1677 1289 1710 hactenus.

283 1744 390 1786 Quod
411 1744 442 1777 si
462 1744 567 1777 ambo
583 1745 659 1789 juri
681 1756 747 1777 suo
770 1756 856 1777 vero
882 1744 939 1778 vel
967 1745 1132 1778 estimato
1154 1745 1316 1777 tenacius
1337 1744 1551 1785 inheserint,
1570 1745 1663 1777 sicut
1683 1745 1856 1778 hactenus
1877 1747 2051 1787 fecerunt,

196 1816 230 1842 et
257 1810 347 1843 hanc
367 1811 460 1844 viam
487 1811 668 1844 cessionis
696 1811 890 1856 plurimum
919 1811 1171 1856 expedientem
1201 1811 1324 1843 subire
1353 1811 1611 1852 recusaverint,
1640 1812 1804 1856 sequitur
1822 1813 1970 1846 secunda
1997 1815 2054 1847 via

196 1876 342 1909 concilii
363 1877 605 1922 particularis,
628 1889 692 1910 seu
713 1885 836 1910 mutue
859 1885 893 1910 et
913 1878 1133 1911 submissive
1154 1878 1479 1922 compromissionis
1499 1878 1685 1911 amborum
1708 1879 1744 1910 in
1764 1879 1904 1924 aliquos
1927 1880 2054 1912 solem-

196 1955 261 1976 nes
286 1943 398 1984 viros,
428 1955 520 1988 quos
548 1944 619 1989 ipsi
649 1944 752 1977 ambo
775 1945 944 1977 duxerint
970 1944 1224 1985 nominandos,
1250 1944 1307 1977 vel
1335 1945 1371 1976 in
1398 1944 1539 1989 aliquos
1565 1945 1655 1977 alios
1678 1945 1798 1978 debite
1820 1953 1855 1978 et
1881 1947 2052 1979 canonice

196 2009 402 2054 eligendos,
420 2017 585 2055 tanquam
609 2011 645 2042 in
666 2011 850 2056 plenarios
871 2011 1086 2044 diffinitores
1107 2011 1369 2050 controversie,
1387 2011 1448 2055 qui
1469 2011 1541 2043 sint
1562 2012 1699 2044 onerati
1722 2024 1761 2044 ac
1782 2013 1987 2046 auctorizati
2009 2014 2052 2046 de

195 2076 439 2117 discutiendo,
459 2077 726 2118 sententiando,
746 2084 793 2118 et,
812 2078 842 2110 si
861 2078 983 2110 forsan
1005 2089 1096 2122 opus
1118 2084 1216 2110 esset
1238 2083 1296 2109 aut
1317 2077 1515 2122 expediens
1536 2078 1651 2110 visum
1674 2085 1708 2110 et
1729 2090 1793 2123 per
1814 2090 1876 2111 eos
1897 2080 1940 2112 ad
1961 2092 2052 2124 quos

194 2149 333 2187 spectat
358 2143 530 2176 canonice
552 2143 801 2188 approbatum,
821 2144 865 2176 de
886 2144 1029 2176 noviter
1050 2143 1232 2188 eligendo.
1257 2144 1324 2175 Per
1345 2143 1434 2175 hanc
1455 2150 1571 2176 autem
1596 2144 1685 2176 viam
1706 2144 1878 2177 vitaretur
1898 2146 2051 2179 Concilii

193 2209 377 2253 generalis
399 2209 603 2251 difficultas,
629 2217 790 2243 cessaret
819 2210 997 2243 cavillatio
1019 2210 1229 2250 dicentium,
1252 2210 1349 2254 quod
1374 2210 1410 2241 in
1432 2210 1527 2242 dicto
1549 2210 1712 2243 Consilio
1735 2211 1903 2244 dominus
1930 2220 2053 2246 noster

196 2287 281 2320 papa
309 2275 354 2308 ob
380 2276 591 2320 ampliorem
615 2288 804 2309 numerum
826 2276 977 2309 aliorum
995 2277 1056 2320 jus
1082 2288 1186 2308 suum
1213 2282 1409 2320 exponeret
1439 2276 1653 2310 discrimini.
1677 2278 1744 2309 Per
1770 2277 1859 2310 hanc
1881 2280 2053 2312 maturior

194 2348 289 2374 esset
312 2342 516 2375 terminatio
537 2343 632 2383 facti,
658 2355 762 2387 quam
785 2355 851 2376 nos
873 2354 1000 2375 omnes
1026 2354 1246 2387 magnopere
1269 2342 1477 2375 desiderare
1498 2342 1687 2375 debemus.
1711 2345 1777 2376 Per
1797 2343 1886 2377 hanc
1907 2357 2052 2390 quoque

195 2414 275 2440 nota
307 2409 424 2441 omnis
450 2421 620 2453 perverse
647 2409 854 2442 ambitionis
881 2409 1090 2442 dominandi
1113 2408 1313 2448 tolleretur,
1335 2420 1438 2453 quam
1462 2409 1626 2453 rigorosa
1652 2410 1799 2442 nimium
1825 2418 1861 2443 et
1891 2413 2052 2456 pertinax

195 2474 358 2507 defensio
379 2476 516 2520 cogniti
538 2476 642 2508 etiam
659 2477 754 2521 juris
777 2488 1019 2521 sepenumero
1040 2476 1190 2508 inducit.
1216 2475 1379 2519 Denique
1404 2475 1676 2520 subterfugiens
1697 2477 1787 2509 viam
1810 2478 1911 2510 istam
1935 2480 2052 2524 (equi-

195 2541 274 2573 tatis
303 2542 542 2583 sectatricem,
564 2543 722 2575 caritatis
750 2550 785 2575 et
816 2543 970 2575 amicitie
1001 2542 1263 2587 plenissimam]
1289 2541 1538 2574 vehementem
1567 2543 1812 2587 suspicionem
1842 2545 1885 2577 de
1916 2546 2049 2590 injusto

195 2607 297 2639 titulo
329 2619 394 2640 suo
425 2608 461 2640 in
491 2609 650 2641 oninium
682 2610 821 2642 animos
853 2609 1037 2641 hominum
1072 2609 1240 2653 ingerere
1270 2608 1467 2640 videretur.
1503 2609 1589 2640 Nam
1625 2611 1847 2654 presumptio
1872 2612 1967 2655 juris
1998 2620 2049 2645 est

195 2674 343 2706 rationis
360 2675 499 2718 judicio
521 2676 770 2717 consentiens,
788 2676 885 2721 quod
906 2687 1010 2720 eque,
1029 2675 1059 2707 si
1081 2687 1153 2707 non
1174 2674 1341 2719 amplius,
1360 2686 1497 2707 nocens
1518 2681 1624 2719 atque
1645 2675 1802 2720 injustus
1824 2677 1930 2710 alieni
1952 2690 2052 2711 usur—

195 2746 295 2784 pator
315 2740 648 2785 equitatemjudicii
665 2742 813 2787 proprie
830 2754 937 2775 cause
955 2741 1123 2774 diffidens
1145 2740 1377 2785 subterfugit,
1396 2741 1491 2773 sicut
1505 2742 1627 2785 justus
1644 2754 1682 2774 ac
1699 2743 1887 2784 innocens,
1906 2746 2051 2789 proprie

194 2806 401 2839 innocentie
414 2808 635 2841 conscientia
649 2809 891 2850 securus,hoc
906 2808 1131 2853 appetit....⁷.
1151 2809 1360 2840 Poteramus
1374 2807 1531 2839 rationes
1546 2808 1655 2840 multo
1668 2810 1893 2853 copiosiores
1905 2811 1948 2843 ad
1961 2811 2050 2845 hanc

194 2872 283 2905 viam
307 2880 341 2905 et
361 2873 464 2906 aliam
487 2875 755 2919 precedentem,
779 2875 940 2920 exempla
963 2875 1067 2907 etiam
1090 2874 1242 2918 quedam
1266 2875 1504 2906 Romanorum
1529 2874 1751 2918 pontificum,
1774 2876 1957 2909 inducere.
1981 2879 2051 2910 Sed
