2488 3386
461 324 503 356 40
1038 329 1354 352 annrruman
1389 327 1577 350 UNIVERS.
1614 327 1742 348 muts.
2224 313 2323 349 [1355

462 408 529 446 nis„
558 419 660 451 quam
688 406 724 438 in
751 405 830 438 vico
862 404 1050 438 Straminis
1080 403 1245 436 scribunt
1272 402 1488 447 quandoque
1514 402 1670 445 juvenes
1695 400 1731 432 in
1758 399 1888 432 diebus
1917 399 2071 439 festivis,
2099 399 2184 431 dum
2205 405 2323 432 tamen

462 485 533 506 non
561 473 620 505 fiat
648 472 734 504 hora
763 471 942 504 sermonis
963 469 1230 509 Universitatis,
1258 480 1324 500 nec
1352 467 1483 511 aliquis
1514 466 1722 510 hujusmodi
1753 465 2036 498 nominationem
2058 465 2187 498 audeat
2206 465 2323 498 facere

462 546 558 572 extra
580 539 697 571 scolas
726 538 819 570 dicte
847 536 1037 575 facultatis,
1065 535 1225 579 alioquin
1254 534 1401 567 eandem
1433 545 1557 577 penam
1581 532 1753 571 incurrat,
1777 531 1820 563 ad
1842 543 1946 576 quam
1969 531 2202 564 astrinximus
2223 531 2324 564 audi-

461 613 571 639 tores.
597 606 720 649 Neque
746 615 810 648 per
829 603 897 636 hoc
918 602 1085 635 volumus
1108 601 1284 646 derogare
1314 599 1471 643 antiquis
1504 598 1646 631 statutis
1678 609 1788 642 super
1815 597 1923 630 modo
1956 597 2103 641 legendi
2133 598 2321 639 consectis,

461 672 525 705 sed
546 677 710 704 maneant
731 670 768 702 in
789 681 852 702 sua
873 669 1050 701 firmitate.

551 739 590 770 In
611 738 714 781 cujus
742 736 793 768 rei
820 734 1066 768 testimonium
1098 733 1257 778 presenti
1287 739 1418 765 statuto
1447 730 1606 776 sigillum
1637 730 1789 763 rectoris
1810 742 1880 763 una
1901 742 1981 763 cum
2009 730 2143 776 sigillis
2171 737 2325 775 quatuor

461 804 660 844 nationum,
677 802 847 835 videlicet
867 800 1065 839 Gallicane,
1088 799 1263 838 Picardie,
1287 797 1480 830 Normanie
1503 803 1535 829 et
1557 796 1758 842 Anglicane
1781 803 1815 830 et
1835 809 1956 830 earum
1977 809 2159 830 consensu
2181 808 2324 841 unaque

461 883 540 903 curn
563 870 668 914 signo
686 875 720 901 et
741 867 1010 911 subscriptione
1033 865 1229 910 subscripti
1252 864 1381 897 notarii
1404 863 1572 896 duximus
1593 863 1820 908 apponenda.
1843 864 1969 896 Datum
1989 870 2024 896 et
2043 870 2158 896 actum
2181 864 2218 896 in
2239 875 2326 896 eon-

461 936 673 981 gregatione
695 940 818 966 nostre
838 924 1105 965 facultatis’tam
1129 931 1331 976 regentium
1354 942 1457 975 quam
1482 941 1553 962 uon
1575 930 1778 974 regentium
1801 930 1845 962 ad
1870 929 1938 962 hoc
1964 929 2171 974 specialiter
2191 941 2325 962 convo—

461 1009 620 1036 catorum
655 1007 689 1033 et
722 1000 816 1045 apud
853 1000 1018 1032 Sanctum
1054 997 1232 1031 Julianum
1270 998 1466 1041 Pauperem
1510 996 1670 1028 Parisius
1704 1003 2009 1041 congregatorum
2045 1007 2139 1028 anno
2181 995 2325 1029 Domini

461 1070 511 1101 Μο
523 1068 627 1102 CCC⁰
649 1065 950 1112 quinquagesimo
973 1065 1112 1109 quinto,
1139 1063 1296 1096 decima¹
1320 1063 1378 1095 die
1404 1062 1541 1095 mensis
1570 1062 1796 1101 Decembris,
1823 1062 2021 1095 indictione
2048 1074 2154 1103 nona,
2182 1061 2327 1107 pontifi-

460 1142 560 1168 catus
588 1132 805 1166 sanctissimi
836 1132 872 1163 in
894 1131 1039 1164 Christo
1068 1130 1179 1174 patris
1207 1141 1245 1162 ac
1274 1129 1410 1161 domini
1439 1129 1576 1161 domini
1608 1129 1811 1161 Innocentii
1836 1129 1956 1161 divina
1984 1128 2211 1173 providentia
2237 1140 2326 1174 pape

461 1201 551 1233 sexti
568 1211 660 1232 anno
678 1198 802 1238 tercio,
821 1196 1054 1242 presentibus
1071 1196 1114 1228 ad
1131 1195 1198 1227 hoc
1220 1195 1389 1227 discretis
1406 1195 1493 1227 viris
1509 1194 1644 1227 Jacobo
1666 1194 1710 1227 de
1732 1194 1945 1233 Pavillione,
1962 1194 2125 1227 Johanne
2146 1193 2324 1234 Candelli,

460 1268 564 1299 Petro
587 1264 778 1303 Guerardi,
801 1263 981 1297 Corrardo
1002 1262 1181 1299 Almanni,
1206 1261 1451 1293 servientibus
1473 1261 1729 1294 Universitatis
1751 1261 1968 1293 Parisiensis
1988 1260 2024 1292 in
2046 1260 2138 1293 dicta
2159 1260 2326 1294 facultate

460 1333 586 1365 artium
609 1338 642 1364 et
664 1330 786 1363 multis
807 1329 887 1362 aliis
908 1328 1063 1361 testibus
1083 1328 1125 1361 ad
1148 1328 1216 1360 hoc
1237 1328 1395 1360 evocatis
1417 1327 1624 1372 specialiter
1644 1334 1676 1360 et
1699 1327 1848 1372 rogatis

551 1399 589 1430 Et
625 1409 693 1442 ego
729 1397 860 1441 Symon
893 1395 1010 1428 dictus
1041 1395 1225 1437 Quinimo,
1256 1394 1412 1427 clericus
1442 1393 1629 1426 Tullensis
1660 1393 1832 1433 diocesis,
1864 1392 2033 1437 publicus
2065 1391 2263 1437 apostolica
2292 1398 2328 1425 et

462 1463 638 1509 imperiali
659 1463 869 1495 auctoritate
890 1462 1064 1498 notarius„
1083 1467 1145 1495 etc.

538 1561 673 1592 Originale
694 1560 720 1582 in
741 1559 816 1583 Arch.
840 1558 962 1582 Univers.
983 1558 1076 1587 Paris„
1101 1557 1178 1580 theca
1200 1558 1255 1589 Vll⁷
1279 1558 1308 1581 D.
1324 1560 1347 1581 9.
1366 1565 1390 1581 a.
1409 1571 1433 1575 -
1448 1557 1525 1585 lbid„
1543 1557 1607 1588 Reg.
1623 1558 1662 1585 94,
1682 1565 1709 1588 p.
1730 1558 1769 1587 73,
1786 1561 1814 1579 11ο
1829 1557 1872 1584 68;
1897 1557 1959 1588 Reg.
1977 1559 2030 1581 nat.
2047 1556 2121 1587 Angl.
2138 1556 2164 1579 in
2184 1555 2252 1579 Bibl.
2273 1558 2327 1579 nat.

461 1605 552 1632 Paris.y
570 1613 647 1627 nouv.
664 1612 720 1635 neq.
736 1604 791 1630 lat..
809 1604 862 1631 535,
880 1603 923 1626 sol.
941 1603 1016 1630 112b;
1033 1603 1100 1626 Mus.
1112 1602 1229 1625 Britann.
1246 1610 1295 1625 ms.
1313 1602 1374 1626 nvld.
1392 1602 1475 1628 1730'4,
1496 1602 1539 1624 sol.
1557 1602 1613 1625 106.
1629 1615 1661 1619 -
1675 1601 1744 1626 Bul..
1760 1602 1800 1629 IV,
1818 1602 1872 1624 332.
1889 1614 1917 1619 —
1930 1601 1989 1624 Vid.
2004 1603 2141 1632 praeterea
2157 1600 2328 1624 Auctarium

463 1649 589 1674 Chartul.
614 1648 736 1673 Univers.
752 1648 855 1677 Paris,
873 1647 930 1671 Lib.
947 1651 1093 1677 procurat.
1109 1651 1167 1671 nat.
1184 1647 1268 1677 Anyl.
1285 1647 1317 1669 nd
1336 1646 1361 1670 h.
1378 1655 1402 1670 n.

540 1733 561 1756 1.
580 1733 628 1756 Ms.
650 1732 717 1755 Bibl.
738 1735 790 1755 nat.
809 1741 819 1754 ‘t
837 1732 863 1754 14
886 1741 896 1754 1)
919 1732 963 1754 sed
985 1732 1135 1754 charactere
1157 1730 1308 1758 1-e‹:entiori;
1332 1738 1392 1753 nam
1416 1733 1510 1761 quotus
1529 1730 1584 1752 dios
1606 1729 1683 1752 fuerit
1707 1729 1810 1760 primus
1836 1729 2005 1752 amanuensis
2028 1729 2054 1752 in
2076 1728 2137 1751 albo
2152 1727 2269 1759 reliquit.
2285 1727 2328 1751 Sic

462 1777 540 1801 etium
555 1778 619 1808 Reg.
633 1777 663 1800 94
678 1776 786 1807 praehet
802 1776 886 1799 solum
903 1784 914 1798 (t
933 1776 974 1798 die
992 1775 1088 1799 mensis
1104 1775 1250 1798 decembris
1267 1783 1288 1797 ».
1306 1774 1387 1798 Ambo
1405 1774 1518 1797 offerunt
1535 1773 1632 1805 ubique
1647 1776 1746 1797 textum
1764 1773 1928 1796 mendosum.

470 1943 606 1981 1230.
628 1953 806 1978 Innocentius
829 1953 864 1978 VI
877 1951 1086 1986 Hospitalariis
1109 1952 1135 1976 S.
1158 1950 1296 1976 Iohannis
1312 1949 1453 1976 Ilierosol.
1481 1949 1610 1983 indulget
1633 1953 1663 1974 ut
1682 1949 1808 1974 Parisiis
1831 1948 1961 1983 alibique
1975 1947 2037 1983 juri
2056 1947 2193 1973 canonico
2214 1946 2330 1972 studere

553 2001 805 2036 magisteriumque
820 2009 930 2026 sumere
944 2001 1064 2036 possint.

1622 2043 1697 2071 7356,
1713 2042 1846 2068 Februarii
1857 2042 1897 2072 21,
1910 2041 2042 2068 avenione.

555 2125 693 2157 Dilecto
728 2124 802 2156 filio
836 2124 1008 2169 magistro
1044 2130 1078 2156 et
1115 2123 1286 2156 fratribus
1327 2123 1524 2167 Hospitalis
1559 2122 1673 2155 sancti
1704 2121 1881 2154 Johannis
1914 2119 2199 2154 Jerosolimitani
2233 2117 2330 2152 salu-

466 2197 550 2231 tem,
571 2196 634 2224 etc.
663 2191 809 2223 Sincere
835 2190 1039 2223 devotionis
1064 2190 1268 2222 affectus...
1292 2189 1434 2221 Dudum
1463 2189 1642 2233 siquidem
1664 2189 1711 2221 se.
1735 2200 1785 2220 re.
1809 2187 2029 2220 Benedictus
2050 2198 2139 2231 papa
2159 2186 2226 2218 XII
2249 2196 2330 2230 pre-

467 2257 640 2289 decessor
660 2263 784 2289 noster
805 2257 927 2289 statuit
948 2263 981 2289 et
1007 2257 1109 2289 etiam
1139 2255 1335 2288 ordinavit¹
1364 2262 1403 2288 ut
1430 2256 1638 2300 quicunque
1659 2253 1857 2286 monachus
1879 2259 1913 2286 et
1932 2253 2129 2285 canonicus
2150 2250 2330 2296 regularis

468 2330 671 2356 sanctorum
703 2323 889 2355 Benedicti
918 2329 952 2355 et
979 2323 1175 2367 Augustini
1196 2322 1372 2355 Ordinum
1400 2334 1463 2355 seu
1487 2321 1720 2366 religionum,
1747 2320 1808 2364 qui
1835 2320 1873 2352 in
1902 2318 2099 2352 Parisiensi
2124 2317 2182 2351 vel
2208 2317 2330 2362 aliquo

468 2401 531 2422 seu
559 2389 639 2422 aliis
666 2388 899 2434 generalibus
926 2389 1057 2421 studiis
1085 2389 1128 2421 ad
1155 2388 1421 2429 bacalariatum,
1449 2388 1642 2427 licentiam,
1670 2386 1919 2431 magisterium
1950 2397 2013 2418 seu
2042 2385 2266 2417 doctoratum
2296 2389 2332 2416 et

467 2455 638 2488 lecturam
655 2455 750 2499 juris
771 2455 933 2487 canonici
956 2467 1019 2487 seu
1042 2455 1267 2487 decretorum
1291 2456 1327 2487 111
1348 2455 1475 2487 eodem
1499 2453 1695 2487 Parisiensi
1717 2460 1752 2485 et
1772 2452 1934 2497 quolibet
1955 2451 2025 2484 alio
2047 2451 2168 2484 studio
2186 2450 2225 2482 in
2245 2461 2331 2494 capa

469 2533 532 2554 sue
555 2521 724 2566 religioni
746 2521 976 2566 congruenti7
1001 2521 1195 2553 dummodo
1223 2521 1445 2554 sufficientes
1473 2528 1505 2553 et
1535 2520 1667 2565 ydonei
1688 2520 1819 2559 forent„
1843 2530 1881 2551 ac
1909 2518 1962 2550 illi
1990 2518 2050 2562 qui
2078 2517 2122 2550 ad
2142 2516 2332 2550 bacalaria-

469 2594 541 2620 tum
571 2594 603 2620 et
634 2587 677 2619 ad
707 2587 900 2631 legendum
925 2587 1124 2619 decretales
1155 2587 1204 2619 ibi
1232 2588 1367 2620 assumi
1394 2587 1529 2620 vellent
1557 2593 1591 2619 et
1620 2587 1656 2618 in
1686 2586 1766 2630 ipso
1797 2584 1994 2617 Parisiensi
2018 2583 2075 2616 vel
2105 2582 2233 2627 quovis
2260 2581 2330 2615 alio

468 2653 630 2699 generali
648 2653 768 2685 studio
786 2653 1012 2685 audivissent
1027 2654 1109 2697 jura
1126 2653 1297 2686 canonica
1314 2665 1378 2698 per
1395 2665 1457 2686 sex
1479 2664 1606 2693 annos7
1625 2652 1669 2684 de
1688 2651 1821 2696 quibus
1842 2663 1907 2695 per
1923 2657 1996 2683 tres
2016 2661 2131 2682 annos
2147 2649 2190 2681 ad
2211 2648 2331 2680 minus

469 2720 695 2752 audivissent
722 2719 918 2759 decretum7
944 2731 1086 2751 necnon
1112 2719 1164 2751 illi
1186 2720 1246 2763 qui
1273 2720 1314 2752 ad
1343 2720 1589 2764 magisterium
1618 2719 1654 2751 in
1680 2717 1838 2750 decretis
1858 2717 1916 2749 vel
1943 2716 1986 2749 ad
2016 2716 2187 2748 lecturam
2211 2714 2331 2747 decre-

470 2792 585 2818 torum
615 2785 747 2817 assumi
770 2785 905 2818 vellent
931 2785 967 2817 in
996 2785 1132 2829 prefato
1159 2785 1355 2818 Parisiensi
1384 2786 1517 2826 studio,
1546 2792 1578 2818 et
1609 2784 1658 2817 ibi
1678 2784 1736 2817 vel
1763 2784 1799 2816 in
1821 2783 1890 2815 alio
1919 2781 2080 2827 generali
2106 2781 2226 2814 studio
2249 2781 2331 2825 jura

470 2852 639 2884 canonica
668 2858 715 2893 ut-
734 2850 901 2883 bacalarii
931 2850 1109 2895 legissent
1138 2863 1202 2895 per
1222 2852 1381 2896 quinque
1410 2864 1536 2891 annos,
1565 2858 1599 2884 et
1629 2851 1672 2883 de
1702 2850 1770 2882 hoc
1798 2849 1914 2894 primo
1935 2848 2042 2880 fidem
2067 2848 2242 2880 fecissent
2268 2857 2332 2891 per
