2488 3386
484 355 548 388 648
1305 363 1522 385 ΑΡΡΕΝΒΙΧ,
1551 366 1553 368 ’

572 439 607 464 Et
621 439 698 464 idem
721 440 762 464 est
784 438 959 464 servandum
983 446 1036 471 pro
1051 438 1182 471 quolibet
1197 438 1321 464 deffectu
1344 438 1499 464 missarum
1520 437 1665 464 facultatis
1679 439 1707 464 et
1722 437 1929 467 Universitatis‚
1946 443 1999 465 nec
2014 446 2074 464 non
2090 440 2352 473 congregationum

485 488 680 514 Universitatis
695 489 722 513 et
742 487 829 513 etiam
848 487 1058 520 deputatorum
1078 487 1219 520 ejusdem,
1243 480 1281 512 ita
1306 486 1386 520 quod
1410 494 1503 520 usque
1527 487 1564 512 ad
1588 487 1679 513 finem
1703 487 1966 520 congregationum
1990 488 2093 514 saltem
2116 495 2195 514 unus
2220 488 2352 522 ipsorum

484 539 618 563 teneatur
636 544 694 562 esse
709 538 746 568 *et
767 543 917 562 remanere
939 536 992 562 sub
1011 544 1085 569 pena
1106 536 1242 569 predicta.
1267 536 1302 561 Et
1317 536 1338 561 si
1358 535 1424 569 quis
1444 535 1576 569 ipsorum
1597 535 1702 562 haheat
1724 536 1887 569 legitimam
1907 543 2024 562 causam
2046 537 2184 566 absentie,
2205 537 2354 563 tenebitur

484 593 573 619 quam
589 585 673 611 citius
692 585 845 611 commode
860 585 966 618 poterit
981 592 1009 611 se
1030 593 1165 611 excusare
1187 584 1311 610 fideliter
1330 585 1359 610 et
1378 592 1429 618 per
1449 592 1538 610 suum
1549 585 1757 618 Juramentum
1779 585 1935 619 proprium
1959 585 1990 611 in
2012 585 2133 618 collegio
2148 586 2352 619 prestandum,

484 635 528 661 vel
542 635 644 660 saltem
659 642 757 660 coram
773 634 882 660 decano
898 634 1050 660 facultatis.
1067 634 1206 667 Alioquin
1221 634 1374 659 incurrent
1394 633 1556 666 predictam
1576 641 1693 667 penam,
1710 634 1818 660 eisdem
1834 634 1917 660 nullo
1932 634 2021 660 modo
2036 634 2255 660 remittendam.
2272 635 2307 661 Et
2319 636 2354 661 ut

483 683 626 710 efficacius
640 683 805 716 predictum
826 684 970 709 statutum
991 684 1128 712 servetur,
1152 682 1277 708 decanus
1297 682 1442 708 facultatis
1461 683 1610 709 tenebitur
1631 682 1756 709 fideliter
1771 684 1936 716 punctuare
1950 683 1981 708 in
1996 683 2070 709 libro
2085 683 2230 709 facultatis
2245 691 2353 717 quem-

481 733 553 758 libet
567 732 724 758 delfectum
739 732 880 765 ipsorum,
898 731 998 764 super*
1016 740 1076 765 quo
1089 732 1151 764 ejus
1165 731 1373 757 conscientiam
1388 739 1555 757 oneramus.
1573 731 1608 757 Et
1622 732 1770 758 tenebitur
1785 732 1914 765 prefatus
1928 732 2055 758 decanus
2076 739 2128 766 per
2145 732 2353 766 juramentum

482 783 587 815 quater
612 781 643 806 in
665 788 754 810 anno,
777 781 882 807 scilicet
903 782 934 806 in
958 781 1043 806 missa
1070 780 1202 814 proxima
1226 780 1370 806 facultatis
1394 781 1459 813 post
1483 780 1590 806 festum
1612 780 1774 814 Epiphanie
1798 780 1927 809 Domini,
1954 781 2069 810 Pasche,
2097 781 2187 807 sancti
2211 781 2354 807 Johannis

483 830 618 863 Baptiste.
635 831 663 856 et
678 830 767 855 sancti
780 830 913 863 Remigii,
931 830 1073 863 predictos
1086 829 1224 855 deffectus
1239 836 1290 862 per
1307 829 1405 862 ipsum
1426 829 1563 862 signatos,
1579 831 1614 855 ut
1628 830 1782 863 prefertur.
1802 829 1939 855 intimare
1954 829 2085 862 collegio,
2103 830 2149 856 cui
2162 830 2217 856 erit
2231 830 2354 856 creden—

482 880 567 908 dum,
582 881 615 905 ut
630 879 668 905 sic
683 879 788 905 melius
802 880 830 905 et
845 878 987 904 efficacius
1002 886 1052 911 per
1067 878 1235 904 facultatem
1250 878 1404 904 ordinetur
1419 878 1454 904 de
1469 878 1613 904 solutione
1625 879 1653 904 et
1666 877 1887 913 satisfa[c]tione.

575 928 627 961 (14)
648 928 720 953 Item
738 927 883 960 jurabunt
903 927 983 960 quod
1003 934 1063 952 non
1088 926 1249 959 impedient
1269 926 1405 952 lectiones
1424 926 1653 952 baccalariorum
1674 927 1770 952 favore
1790 927 2005 960 cujuscumque
2020 927 2132 953 ratione
2146 927 2288 961 propositi
2303 935 2353 955 seu

483 977 710 1010 propositorum,
728 976 781 1001 nisi
795 984 845 1009 per
860 975 1016 1008 collegium
1031 983 1099 1001 cum
1115 975 1193 1001 dicto
1208 975 1329 1001 faciente
1344 975 1529 1008 propositum
1545 975 1667 1008 gratiose
1683 975 1771 1001 fuerit
1785 975 1868 1001 aliter
1882 975 2093 1008 dispensatum.

570 1024 628 1060 (15)
645 1026 717 1051 Item
734 1025 833 1050 nullus
848 1024 976 1050 bodellus
1000 1032 1050 1050 seu
1072 1024 1257 1050 subbedellus
1281 1024 1456 1050 admittatur
1474 1024 1510 1050 ad
1535 1024 1667 1050 officium
1692 1024 1868 1058 predictum,
1893 1024 1947 1050 nisi
1966 1024 2105 1058 premissa
2120 1025 2252 1059 quolibet
2273 1032 2353 1052 anno

476 1074 618 1108 juraverit
633 1074 721 1099 modo
736 1075 764 1099 et
779 1074 872 1099 forma
888 1073 1031 1107 predictis.

569 1123 624 1157 (16)
644 1123 717 1149 Item
733 1131 793 1148 non
808 1123 961 1148 distribuet
976 1123 1037 1148 aliis
1052 1123 1170 1149 bedellis
1186 1122 1298 1156 aliquas
1313 1122 1460 1156 pecunias.
1476 1122 1531 1148 nisi
1553 1123 1668 1148 certum
1684 1121 1771 1148 fuerit
1786 1122 1861 1156 ipsos
1876 1123 1904 1148 et
1920 1122 2083 1155 quemlihet
2097 1122 2230 1156 ipsorum
2246 1123 2352 1157 presti-

482 1173 546 1198 tisse
558 1172 726 1205 juramenta
742 1172 804 1198 fieri
818 1173 954 1197 consueta
970 1173 1004 1197 ut
1019 1172 1161 1205 sequitur.

570 1220 626 1255 (17)
642 1221 714 1246 Item
730 1228 798 1246 cum
819 1221 949 1246 doctores
964 1222 993 1247 et
1015 1220 1163 1246 baccalarii
1183 1220 1214 1246 in
1229 1220 1292 1246 loco
1312 1228 1366 1254 pro
1386 1220 1519 1247 examine
1534 1220 1675 1254 deputato
1691 1220 1801 1246 fuerint
1815 1220 1994 1254 congregati,
2010 1220 2081 1246 dicti
2096 1220 2226 1247 hedenus
2237 1222 2267 1247 et
2281 1221 2352 1247 sub-

485 1270 612 1296 bedellus
627 1269 790 1296 custodient
802 1269 921 1295 ostium.

569 1318 625 1352 (18)
643 1319 715 1344 Item
733 1319 813 1351 quod
832 1318 961 1344 bedellus
975 1320 1004 1344 et
1023 1318 1209 1344 subbedellus
1226 1320 1255 1344 et
1271 1318 1395 1352 claviger
1415 1318 1570 1346 scolarum.
1587 1318 1618 1343 in
1633 1317 1741 1351 quihus
1756 1318 1864 1351 legitur
1878 1318 1914 1344 de
1928 1325 2026 1347 mane,
2042 1319 2182 1344 tenentur
2196 1318 2238 1344 ire
2251 1319 2281 1345 et
2295 1326 2353 1345 esse

479 1367 646 1400 congregati
666 1375 735 1393 cum
758 1375 865 1400 magno
886 1367 997 1393 bedello
1018 1367 1162 1393 facultatis
1181 1367 1211 1393 in
1236 1367 1338 1401 primis
1356 1367 1452 1393 Sancti
1470 1367 1567 1393 Jacobi
1582 1367 1689 1400 precise
1709 1367 1739 1392 in
1762 1367 1823 1393 vico
1845 1366 1985 1396 Brunelli,
2011 1366 2278 1401 quotienscumque
2297 1365 2353 1394 erit

480 1416 591 1449 aliquid
606 1416 849 1449 proclamandum
870 1416 900 1441 in
923 1416 1013 1445 scolis,
1033 1418 1061 1442 et
1081 1424 1179 1442 secum
1200 1416 1308 1442 vadant
1324 1416 1361 1442 ad
1383 1416 1482 1445 scolas.
1499 1415 1552 1442 sibi
1566 1415 1723 1442 assistendo
1743 1415 1878 1449 quandiu
1900 1423 1989 1442 suum
2008 1416 2151 1442 exercebit
2165 1415 2307 1446 officium,
2324 1417 2353 1442 et

481 1465 560 1499 quod
575 1465 627 1498 ipsi
643 1465 794 1491 advertant
808 1467 836 1491 et
850 1465 1004 1491 attendant
1019 1466 1040 1490 si
1055 1465 1112 1491 sint
1127 1465 1218 1498 aliqui
1233 1465 1392 1491 sibilatores
1406 1467 1434 1491 et
1449 1465 1580 1491 dissoluti
1594 1465 1746 1491 turbantes
1761 1465 1909 1498 prefatum
1924 1464 2074 1491 bedellum
2089 1465 2248 1491 exercendo
2263 1472 2352 1491 suum

479 1514 623 1543 officium,
644 1515 672 1540 et
690 1514 753 1539 illos
772 1514 958 1543 denuntient,
975 1514 997 1540 si
1012 1516 1196 1547 cognoscant,
1212 1514 1243 1539 in
1259 1514 1395 1540 facultate
1411 1522 1462 1547 per
1476 1522 1581 1540 eorum
1593 1514 1777 1547 juramenta:
1795 1515 1829 1539 ut
1846 1513 1914 1540 inde
1929 1514 2049 1539 facultas
2067 1513 2141 1540 bene
2160 1513 2310 1547 provideat
2324 1515 2354 1541 et

484 1563 629 1596 procedat,
649 1564 737 1596 prout
757 1562 851 1588 visum
872 1563 957 1589 fuerit
972 1563 1008 1589 de
1025 1563 1092 1596 jure
1114 1563 1334 1596 procedendum
1353 1564 1454 1589 contra
1469 1563 1549 1592 tales,
1566 1563 1602 1588 ad
1618 1563 1761 1589 honorem
1777 1562 1931 1591 facultatis,
1948 1563 1976 1588 et
1991 1563 2025 1588 ut
2038 1562 2120 1588 cedat
2134 1562 2196 1588 aliis
2207 1563 2239 1588 in
2251 1568 2353 1589 exem-

481 1612 576 1645 plum.

571 1659 628 1695 (19)
641 1660 714 1686 Item
731 1668 784 1694 pro
802 1661 932 1694 quolibet
952 1661 1078 1687 deffectu
1094 1669 1153 1694 quo
1166 1661 1295 1694 prefatus
1310 1661 1498 1687 subbedellus
1513 1669 1574 1687 non
1593 1661 1648 1687 erit
1663 1668 1732 1686 cum
1748 1668 1857 1694 magno
1872 1660 1984 1687 bedello
2000 1662 2034 1686 ut
2048 1660 2205 1694 prefertur,
2223 1667 2285 1686 non
2300 1660 2354 1686 sibi

480 1709 637 1735 assistendo
657 1710 687 1734 in
703 1709 763 1735 vico
784 1710 922 1739 Brunelli,
944 1708 1210 1744 quotienscumque
1229 1710 1283 1736 erit
1302 1710 1415 1744 aliquid
1434 1710 1680 1743 proclamandum
1703 1710 1734 1735 in
1756 1709 1848 1739 scolis,
1870 1717 1922 1735 nec
1947 1709 2116 1735 tumultum
2139 1708 2351 1743 impediendo:

481 1758 542 1790 ipse
557 1760 698 1791 tanquam
714 1758 898 1784 subbedellus
919 1761 947 1784 et
963 1759 1110 1785 servitores
1132 1767 1180 1785 scu
1203 1759 1335 1785 custodes
1350 1759 1497 1785 dictarum
1512 1759 1658 1785 scolarum
1673 1758 1704 1784 in
1720 1758 1829 1792 quibus
1844 1758 1957 1791 legetur
1976 1758 2013 1784 de
2032 1765 2129 1788 mane,
2152 1758 2174 1784 si
2194 1757 2353 1784 deffectum

480 1806 585 1832 faciant
600 1815 686 1840 super
697 1807 850 1840 premissis,
868 1807 1035 1841 priventur2
1050 1808 1127 1833 dicto
1140 1808 1254 1834 servitio
1270 1816 1319 1834 seu
1334 1808 1430 1834 officio
1445 1809 1473 1834 et
1488 1807 1627 1834 omnibus
1641 1807 1850 1833 emolumentis
1864 1807 1972 1833 eisdem
1987 1806 2227 1840 provenientibus
2241 1806 2354 1833 ratione

479 1854 624 1881 dictarum
637 1856 791 1886 scolarum,
806 1864 877 1889 quas
893 1857 1001 1882 habent
1015 1857 1046 1882 in
1059 1857 1189 1883 custodia
1204 1858 1237 1883 ut
1252 1857 1408 1890 prefertur,
1423 1858 1451 1883 et
1465 1857 1534 1882 alias
1548 1856 1723 1890 procedetur
1735 1863 1803 1890 erga
1817 1856 1916 1889 ipsum
1929 1856 1973 1882 vel
1990 1855 2065 1889 ipsos
2086 1857 2231 1889 tanquam
2251 1856 2354 1882 contra

478 1904 609 1937 perjuros
623 1906 651 1930 et
666 1906 754 1938 prout
768 1905 862 1930 visum
879 1906 966 1931 fuerit
979 1905 1112 1939 expedire
1127 1906 1267 1932 facultati.

570 1953 626 1987 (πο)
642 1954 713 1979 Item
730 1954 859 1980 bedellus
873 1956 901 1980 et
917 1954 1102 1980 subbedellus
1117 1955 1260 1981 facultatis
1276 1956 1415 1981 tenentur
1430 1956 1458 1981 et
1470 1954 1579 1981 debent
1593 1954 1690 1980 venire
1701 1953 1832 1988 qualibet
1844 1954 1890 1980 die
1904 1954 1941 1980 ad
1953 1953 2079 1980 domum
2094 1953 2195 1980 decani
2210 1953 2356 1980 facultatis

479 2001 515 2027 ad
530 2002 691 2031 sciendum,
708 2010 745 2028 an
764 2003 822 2028 sint
843 2003 940 2036 aliqua
960 2003 1125 2029 intimanda
1143 2003 1271 2029 dominis
1289 2003 1465 2030 doctoribus.
1484 2003 1518 2029 Et
1538 2003 1593 2029 hoc
1612 2003 1667 2029 sub
1686 2010 1761 2036 pena
1780 2010 1839 2037 que
1854 2003 2023 2029 continetur
2037 2010 2125 2036 supra
2139 2002 2170 2028 in
2185 2002 2302 2029 rubrica
2318 1997 2361 2029 de*

483 2051 584 2076 bedello
599 2052 623 2076 et
639 2051 793 2077 subbedello
803 2052 956 2085 facultati&

570 2100 625 2134 (21)
641 2101 715 2126 Item
730 2100 859 2126 bedellus
874 2101 1018 2127 facultatis
1033 2101 1180 2127 tenebitur
1194 2102 1369 2128 denuntiare
1385 2101 1516 2127 facultati
1533 2109 1584 2135 per
1596 2101 1815 2134 juramentum,
1832 2100 1854 2126 si
1869 2100 1972 2134 prefati
1987 2099 2172 2126 subbedellus
2186 2100 2216 2126 et
2229 2099 2353 2134 claviger

482 2149 626 2174 scolarum
642 2149 745 2175 faciant
761 2149 918 2175 deffectum
934 2158 1020 2183 super
1034 2151 1188 2184 premissis,
1206 2152 1240 2176 ut
1254 2151 1374 2176 facultas
1388 2150 1484 2177 debite
1495 2150 1646 2184 provideat
1661 2151 1762 2176 contra
1777 2150 1853 2183 ipsos
1867 2149 2071 2183 delinquentes
2085 2149 2116 2175 in
2129 2148 2284 2183 premissis.

570 2197 625 2232 (22)
641 2198 714 2223 Item
737 2198 865 2224 bedellus
889 2200 917 2225 et
939 2199 1123 2225 subbedellus
1144 2200 1256 2226 nedum
1281 2200 1421 2228 facultati.
1447 2207 1515 2233 ymo
1539 2199 1628 2225 etiam
1652 2199 1771 2225 cuilibet
1793 2198 1906 2225 doctori
1932 2198 2044 2232 regenti
2066 2197 2259 2232 interroganti
2279 2196 2352 2232 quid

484 2246 606 2272 voluerit
625 2246 715 2273 circa³
731 2247 874 2273 honorem
894 2248 937 2274 vel
958 2248 1117 2274 utilitatem
1141 2248 1294 2278 facultatis,
1311 2249 1463 2275 veritatem
1478 2248 1661 2275 tenebuntur
1683 2247 1857 2281 respondere
1872 2255 1923 2281 per
1943 2247 2151 2281 juramentum
2165 2248 2194 2273 et
2208 2246 2262 2273 sub
2276 2253 2352 2280 pena

484 2295 651 2327 privationis
663 2303 678 2321 a
694 2295 751 2321 suis
765 2296 874 2322 officiis.

570 2343 625 2378 (23)
642 2345 714 2370 Item
730 2352 789 2370 non
813 2345 939 2371 habeant
958 2346 1027 2371 dicti
1046 2346 1150 2372 bedelli
1170 2347 1316 2380 generales
1335 2354 1351 2372 a
1371 2346 1535 2372 baccalariis
1556 2347 1618 2371 tam
1638 2353 1691 2379 pro
1711 2345 1863 2379 propositis
1880 2353 1972 2378 quam
1992 2344 2127 2378 harengis
2141 2344 2200 2370 suis
2214 2351 2268 2378 pro
2282 2351 2351 2377 pre·-

483 2392 636 2424 ponend0⁴
654 2401 749 2419 unum
764 2396 831 2420 ante
846 2394 938 2420 alium
957 2395 988 2420 in
1009 2395 1236 2428 proclamatione
1259 2395 1362 2429 (quam
1381 2395 1451 2421 dicti
1466 2394 1571 2421 bedelli
1587 2395 1696 2421 habent
1718 2394 1810 2420 facere
1824 2394 1855 2419 in
1870 2394 1962 2428 scolis)
1978 2393 2022 2420 vel
2036 2393 2125 2419 etiam
2147 2393 2352 2427 postponendo

483 2441 593 2474 aliquid
608 2442 738 2476 [exigere]
756 2443 799 2468 vel
819 2445 915 2476 petere
935 2451 1056 2477 quoquo
1080 2444 1179 2473 modo,
1203 2452 1256 2470 nee
1277 2444 1366 2470 etiam
1388 2444 1577 2478 producendo
1601 2444 1692 2469 dictos
1714 2443 1887 2469 baccalarios
1911 2450 1961 2476 per
1987 2442 2086 2468 villam
2108 2442 2145 2468 ad
2171 2441 2351 2468 visitandum

483 2489 617 2515 dominos
641 2490 770 2516 doctores
786 2491 869 2524 juxta
891 2500 1004 2518 morem
1028 2495 1213 2522 consuetum,
1240 2493 1295 2519 nisi
1318 2501 1398 2519 mere
1418 2493 1581 2519 voluntarie
1606 2492 1694 2518 fuerit
1713 2492 1751 2518 eis
1770 2491 1915 2520 oblatum,
1939 2499 2007 2517 cum
2028 2491 2096 2517 dicti
2116 2490 2221 2517 bedelli
2240 2490 2276 2516 ad
2296 2491 2352 2518 hoc

484 2538 648 2564 faciendum
662 2539 772 2565 ratione
787 2540 831 2565 sui
846 2541 932 2566 officii
948 2542 1113 2567 teneantur.

575 2625 643 2648 Bibl.
660 2626 750 2649 Arsen.
767 2626 849 2650 Paris.
867 2635 916 2651 ms.
929 2628 999 2659 1121,
1013 2632 1087 2659 parte
1104 2630 1148 2657 111,
1165 2638 1192 2660 p.
1206 2631 1245 2660 39,
1262 2638 1274 2653 e
1288 2631 1349 2653 msto
1365 2629 1546 2653 Cheltenham.
1564 2629 1634 2658 2863,
1652 2628 1727 2658 ibid„
1742 2629 1759 2651 f.
1777 2628 1829 2651 XV.

576 2722 597 2745 1.
615 2722 663 2745 Ms.
678 2730 684 2745 :
703 2731 713 2746 α
730 2723 779 2746 sub
796 2732 817 2746 ».
833 2737 864 2741 —
877 2725 898 2747 2.
915 2725 962 2748 Ms.
978 2726 1066 2756 potius
1083 2734 1089 2749 ε
1107 2735 1117 2749 ι(
1133 2726 1312 2757 punientur».
1328 2740 1359 2745 —
1373 2728 1395 2750 3.
1414 2735 1425 2750 «
1441 2727 1490 2751 Ms.
1505 2735 1510 2750 :
1529 2735 1541 2750 c<
1554 2729 1646 2750 contra
1661 2734 1684 2750 ».
1697 2739 1728 2744 -
1741 2726 1766 2749 4.
1782 2726 1829 2749 Ms.
1848 2733 1853 2748 ·.
1874 2734 1885 2748 ((
1900 2725 2100 2756 preponendum
2114 2733 2137 2748 1).
