2488 3386
470 331 533 364 578
1049 340 1367 362 CHARTULAMUM
1402 340 1592 363 oruvnns.
1629 340 1758 362 PARIS.
2235 325 2335 362 [1379

468 416 486 437 s.
504 415 556 438 117.
574 414 651 443 lbid„
665 415 682 437 s.
699 414 764 449 1¹:322
776 417 860 437 exstat
876 414 961 436 solum
977 414 1085 437 ultimus
1100 413 1286 444 paragraphus
1298 413 1439 444 Epistulae
1453 415 1531 444 pacis
1544 414 1576 437 de
1587 414 1702 437 Concilio
1718 413 1913 444 congregando.
1926 412 2114 444 Adjungendus
2127 415 2167 436 est
2181 415 2268 436 tamen
2284 421 2333 436 ms,

468 459 628 481 Bruxellens
645 459 714 481 2245.
729 471 755 475 —
770 458 844 489 Apud
861 458 928 484 Bul..
943 458 985 486 lv,
1001 459 1054 486 574,
1071 459 1256 489 fragmentum.
1276 458 1311 481 De
1326 458 1440 481 editione
1455 458 1659 482 lielmstadiensi
1677 458 1810 481 1778-1779
1822 457 1875 480 vid.
1895 457 1987 485 Kneer,
2003 465 2029 488 p.
2046 458 2086 480 65.

559 503 697 527 Hem-icus
715 503 748 526 de
760 503 862 526 Hassia
878 503 909 526 in
924 502 978 526 ista
993 502 1120 533 epistola,
1132 506 1163 526 ut
1173 509 1221 526 an.
1240 502 1319 526 1381
1336 503 1369 526 in
1384 502 1504 534 Epistola
1520 502 1630 526 Consilii
1645 502 1728 534 pacis,
1740 503 1881 533 quaedam
1897 501 2007 531 astruit,
2019 502 2057 525 ad
2071 507 2146 532 quae
2162 501 2334 526 Universitas

468 547 559 571 Paris.
573 547 746 570 solummodo
758 551 819 576 post
833 548 871 571 10
883 554 975 571 annos
985 551 1008 570 et
1022 546 1146 576 amplius
1160 553 1271 570 reversa
1281 550 1330 571 est.
1345 547 1523 572 Clementista
1536 547 1729 578 quaestionem
1742 548 1824 577 ponit
1834 554 1843 570 .·
1854 556 1867 567 α
1878 546 2043 570 Universitas
2058 545 2152 572 Paris.¹
2165 545 2296 568 autentica
2307 545 2334 569 in

467 591 682 614 determinatione
705 591 823 614 veritatis
845 591 872 614 in
894 599 956 614 casu
979 591 1068 619 dubio,
1090 599 1136 613 cur
1156 598 1206 614 non
1229 590 1286 614 vias
1302 594 1420 615 scrutata
1435 594 1474 615 est
1491 591 1579 615 varias
1594 594 1620 615 et
1639 591 1790 622 ingeniosas
1806 591 1839 614 ad
1859 590 1968 614 ecclesie
1987 589 2139 613 reunionem
2159 593 2184 613 et
2200 589 2333 613 scismatis

466 635 686 666 diremptionem?
697 635 756 659 Hoc
770 635 871 660 melius
883 639 956 662 esset.
969 643 1048 666 quam
1059 635 1108 657 sub
1121 635 1215 657 umbra
1229 635 1406 658 neutralitatis
1422 635 1478 659 sine
1492 637 1579 659 fructu
1594 635 1677 659 otiose
1690 634 1823 667 pigritari.
1838 635 1942 665 Exurge
1957 634 2039 666 igitur
2051 634 2095 666 qui
2108 634 2217 662 dormis,
2229 634 2333 666 utrique

466 679 626 711 litigantium
639 679 764 710 epistolas
781 679 895 702 scribere
911 680 943 702 ad
959 679 1127 702 concordiam
1142 679 1308 702 exhortantes
1324 683 1349 702 et
1361 679 1418 703 vias
1433 680 1572 703 ecclesiam
1587 680 1620 703 ad
1634 679 1756 703 unionem
1772 679 1914 703 reducendi
1929 679 1966 702 eis
1982 679 2203 702 demonstrantes.
2219 688 2232 700 n

563 724 711 748 Urbanisca
727 731 736 748 .·
750 734 763 745 «
780 724 807 747 Si
823 723 987 747 Universitas
1008 723 1220 746 informationem
1240 731 1317 747 casus
1333 727 1358 747 et
1378 724 1439 747 facti
1460 732 1475 747 a
1492 724 1625 756 principio
1640 724 1788 755 plenariam
1805 723 1944 747 habuisset
1958 724 1999 747 vel
2015 723 2101 746 adhuc
2117 723 2234 750 haberet,
2251 723 2332 747 nichil

466 772 529 799 puto
550 769 610 800 plus
633 769 755 799 expedire
779 769 811 791 ad
836 776 945 799 presens
970 768 1146 791 dirimendum
1170 768 1275 797 scisma,
1298 776 1377 799 quam
1398 769 1468 800 quod
1490 769 1596 800 publice
1613 771 1639 792 et
1658 769 1810 797 solenniter,
1836 768 1958 792 libertate
1978 768 2115 799 utriusque
2135 767 2289 799 disputandi
2308 767 2332 791 ei

464 813 603 844 permissa,
620 821 698 835 unam
714 816 816 844 partem
833 813 970 836 scolastice
985 813 1179 841 determinaret,
1195 812 1221 835 in
1237 812 1286 836 hoc
1300 814 1469 844 preparando
1481 813 1620 836 materiam
1637 816 1662 836 et
1676 813 1763 836 dando
1778 813 1941 836 occasionem
1957 812 2067 844 prelatis
2085 812 2202 842 ecclesie,
2217 812 2250 836 ad
2266 820 2331 844 quos

465 861 566 889 spectat
578 857 751 881 determinare
766 857 948 880 auctoritative
963 860 988 880 et
1003 857 1147 888 obligative
1160 857 1185 880 in
1197 857 1314 880 Concilio
1329 858 1446 889 generali
1462 859 1509 887 (ad
1518 858 1586 882 haec
1595 858 1650 882 vid.
1667 861 1717 880 n¹¹¹²¹
1732 858 1812 887 1663),
1824 857 1925 889 absque
1940 857 2015 889 cujus
2030 857 2097 880 ritus
2109 860 2238 880 conventu
2253 857 2331 880 credo

464 903 507 926 vix
519 910 635 934 unquam
650 910 729 934 posse
746 903 778 925 ad
794 902 901 933 plenum
917 901 995 924 corda
1011 901 1124 932 quietari
1139 901 1256 924 omnium
1270 911 1283 923 n
1300 904 1358 931 (ms.
1374 902 1459 926 Paris.
1475 902 1560 931 14644,
1576 902 1619 925 sol.
1639 902 1696 930 16ος
1713 901 1783 930 But,
1799 902 1840 930 lv,
1856 903 1920 932 577).

557 948 593 970 Ex
606 956 656 979 quo
672 947 750 970 etiam
765 946 889 977 consequi
904 946 1016 973 videtur,
1033 945 1172 976 epistolam
1188 949 1247 969 ante
1262 946 1466 970 declarationem
1479 946 1676 975 Universitatis,
1693 946 1804 969 durante
1817 956 1830 968 α
1846 946 2013 970 neutralitate
2025 956 2038 968 a)
2050 946 2112 976 (vid.
2124 946 2203 969 etiam
2216 949 2245 969 n⁰
2260 946 2330 975 1619,

463 994 525 1022 not)
542 992 666 1023 scriptam
681 999 751 1020 esse;
767 991 929 1022 proindeque
945 993 1004 1013 ante
1019 990 1079 1013 Maii
1093 991 1123 1013 24
1137 990 1258 1021 ponenda
1274 994 1351 1014 esset.
1370 991 1420 1014 Sed
1436 991 1498 1022 quia
1511 991 1535 1014 n¹
1551 991 1690 1014 1623-1628
1710 990 1821 1014 invicem
1836 994 2035 1019 connectuntur,
2050 991 2094 1014 hic
2108 998 2166 1014 eam
2181 990 2328 1022 rejecimus.

466 1153 604 1191 1630.
631 1162 756 1189 Clemens
782 1164 834 1188 VII
846 1163 950 1189 rectori
965 1167 991 1189 et
1010 1163 1150 1197 facultati
1164 1164 1269 1189 artium
1284 1164 1398 1198 gratias
1415 1163 1477 1198 agit
1497 1162 1533 1189 de
1555 1171 1691 1199 responso
1713 1162 1775 1196 regi
1798 1163 1970 1187 Francorum
1993 1165 2118 1197 portato,
2142 1161 2330 1197 hortaturque

549 1212 639 1248 ipsam
657 1215 687 1237 ut
704 1211 874 1238 adhaereat.

1692 1257 1767 1286 1379,
1782 1256 1843 1282 dulii
1853 1256 1898 1285 26,
1913 1255 2042 1282 avenione.

547 1345 716 1378 Clemens
738 1345 934 1390 episcopus
956 1357 1085 1378 servus
1107 1357 1295 1379 servorum
1319 1345 1463 1378 dilectis
1484 1345 1570 1378 filiis
1593 1345 1724 1378 rectori
1745 1357 1784 1377 ac
1807 1344 1989 1377 universis
2010 1344 2195 1389 magistris
2215 1343 2327 1377 facul-

459 1412 538 1444 tatis
567 1412 694 1444 artium
726 1412 836 1445 studii
867 1412 1098 1454 parisiensis,
1127 1412 1279 1445 salutem
1303 1419 1338 1445 et
1361 1411 1598 1457 apostolicam
1626 1411 1936 1444 benedictionem.
1967 1410 2022 1443 Ad
2052 1417 2231 1450 nostrum,
2260 1409 2326 1443 filii

457 1478 592 1519 dilecti,
618 1479 783 1523 pervenit
803 1479 976 1519 auditum,
1000 1479 1098 1524 quod
1124 1479 1160 1511 in
1183 1486 1217 1512 et
1244 1491 1355 1524 super
1376 1479 1567 1512 electionis
1593 1478 1741 1524 negotio
1762 1478 1807 1511 de
1834 1477 1940 1510 nobis
1966 1477 2009 1510 ad
2035 1478 2171 1522 apicem
2194 1477 2326 1510 summi

456 1545 679 1589 apostolatus
702 1545 874 1578 canonice
895 1545 1076 1578 celebrate
1098 1546 1158 1589 (de
1186 1558 1255 1591 qua
1275 1546 1411 1587 forsan,
1441 1552 1478 1578 ut
1504 1545 1708 1590 aliquorum
1732 1544 1906 1577 relatione
1928 1544 2136 1585 didicimus,
2163 1543 2326 1589 aliquan-

457 1612 568 1644 tulum
591 1611 804 1655 hesitastis),
832 1612 874 1644 ad
902 1612 1081 1645 carissimi
1109 1613 1145 1645 in
1168 1612 1314 1646 Christo
1336 1612 1399 1645 filii
1422 1612 1543 1646 Caroli
1565 1612 1664 1657 regis
1686 1613 1905 1644 Francorum
1936 1611 2089 1644 illustris
2117 1611 2323 1644 instantiam

456 1679 733 1723 responsionem
755 1678 959 1712 benivolam
983 1686 1017 1712 et
1037 1679 1238 1712 orthodoxe
1259 1679 1344 1712 fidei
1361 1691 1574 1724 congruam,
1591 1691 1673 1724 ymo
1694 1678 1902 1711 christicole
1924 1677 2059 1723 populo
2080 1677 2323 1710 necessariam

454 1745 511 1789 pia
544 1752 662 1778 mente
695 1745 862 1778 dedistis.
896 1746 1012 1791 Super
1042 1758 1111 1791 qua
1143 1753 1263 1779 vestre
1298 1746 1504 1779 devotionis
1539 1745 1670 1778 eximie
1705 1745 1897 1790 puritatem
1931 1745 2090 1778 caritatis
2118 1744 2324 1778 visceribus

453 1811 696 1857 amplexantes
717 1812 821 1845 vobis
848 1813 1049 1857 graciarum
1073 1813 1265 1845 referimus
1286 1812 1508 1858 multiplices
1527 1812 1702 1845 actiones.
1725 1813 1769 1845 Et
1789 1812 1872 1856 quia
1895 1811 2040 1844 fidelem
2064 1810 2322 1853 assistentiam,

453 1890 521 1923 qua
542 1885 610 1911 tam
631 1879 806 1911 moderno
831 1891 934 1924 quam
961 1880 1135 1913 anteactis
1162 1879 1388 1925 temporibus
1410 1879 1517 1912 nobis
1543 1886 1578 1912 et
1605 1881 1764 1912 Romane
1788 1878 1944 1911 ecclesie
1963 1878 2118 1911 viriliter
2140 1877 2320 1919 astitistis,

451 1952 557 1989 prout
583 1946 768 1983 assistitis,
795 1946 991 1979 recolimus
1019 1946 1055 1978 in
1084 1946 1258 1991 presenti,
1287 1946 1330 1979 ad
1358 1953 1517 1979 vestrum
1546 1945 1693 1979 salubre
1720 1945 1885 1990 regimen
1910 1944 2161 1990 multipliciter
2181 1943 2321 1989 obliga-

451 2023 542 2050 mur,
565 2018 730 2045 tenentes
757 2019 791 2045 et
811 2013 1003 2046 credentes
1025 2013 1176 2046 firmiter
1196 2013 1293 2058 quod
1319 2013 1404 2045 fidei
1426 2020 1547 2046 vestre
1573 2012 1764 2046 sinceritas
1787 2012 1830 2044 de
1848 2011 1945 2044 bono
1966 2012 2003 2044 in
2024 2011 2155 2044 melius
2177 2023 2323 2056 semper
2356 1998 2361 2002 ἵ

451 2085 590 2111 crescet
610 2079 765 2120 inantea,
789 2091 854 2112 nec
876 2080 912 2111 in
933 2080 1088 2112 animum
1112 2086 1276 2113 nostrum
1298 2080 1498 2113 ascendere
1524 2080 1668 2125 poterit,
1695 2079 1791 2124 quod
1819 2091 1898 2111 cum
1919 2085 2040 2112 vestre
2064 2077 2320 2112 Universitatis

452 2145 639 2178 utilitatem
668 2153 703 2179 et
727 2146 955 2179 commodum
978 2148 1131 2191 ejusque
1162 2146 1308 2180 salubre
1336 2147 1501 2192 regimen
1528 2147 1751 2187 affectemus,
1779 2146 1934 2190 alicujus
1960 2145 2107 2178 sinistra
2129 2144 2320 2190 suggestio

449 2212 675 2245 fraudulenta
703 2213 909 2246 devotionis
935 2220 1055 2246 vestre
1084 2213 1321 2246 constantiam
1344 2213 1404 2257 (de
1427 2226 1496 2258 qua
1518 2213 1639 2246 stabili
1667 2219 1786 2245 mente
1808 2212 2044 2256 confidimus)
2065 2224 2083 2244 a
2104 2210 2174 2244 fide
2195 2217 2319 2244 nostra

449 2278 563 2311 valeat
583 2291 764 2312 revocare.
784 2281 827 2312 Et
914 2284 1093 2321 [vestram]
1114 2280 1324 2313 fidelitatem
1346 2280 1568 2325 requirimus
1589 2287 1625 2313 et
1641 2291 1812 2325 rogamus
1833 2285 1981 2320 attente,
1999 2278 2169 2323 quatinus
2189 2278 2226 2310 in
2247 2277 2319 2311 fide

451 2351 485 2377 et
505 2345 669 2378 serviciis
690 2346 825 2379 nostris
847 2353 881 2379 et
902 2347 1066 2391 ejusdem
1093 2347 1261 2388 ecclesie,
1285 2354 1435 2392 propter
1455 2359 1615 2380 errorem
1639 2346 1883 2379 scismaticum
1905 2356 2001 2378 nunc
2022 2343 2153 2389 (proch
2175 2343 2318 2387 dolorl)

450 2410 531 2454 plus
553 2411 659 2443 solito
687 2412 905 2453 fluctuantis,
932 2412 1064 2445 soliciti
1093 2425 1192 2446 more
1214 2413 1298 2446 fidei
1324 2413 1430 2446 solite
1452 2413 1646 2458 vigilantes
1669 2419 1704 2446 et
1723 2413 1760 2445 in
1782 2411 1984 2444 constantia
2005 2417 2172 2455 tanquam
2195 2409 2318 2443 ortho-

449 2476 532 2509 doxi
553 2476 617 2509 filii
638 2484 671 2510 et
699 2478 811 2510 divini
842 2479 999 2512 nominis
1025 2486 1203 2512 amatores
1230 2480 1267 2512 in
1292 2491 1376 2513 vera
1406 2479 1677 2525 perseverantia
1706 2485 1741 2512 et
1769 2477 2016 2511 benivolentia
2046 2483 2314 2522 permanentes,

449 2543 555 2575 nobis
571 2544 742 2576 canonice
759 2545 801 2576 ad
818 2545 954 2589 apicem
974 2547 1104 2578 summi
1125 2546 1349 2591 apostolatus
1366 2547 1564 2592 assumptis
1581 2553 1617 2579 et
1632 2546 1750 2579 eidem
1768 2544 1923 2578 ecclesie
1940 2543 2116 2577 adherere
2132 2544 2316 2576 ferventer

446 2616 481 2641 et
501 2610 672 2642 assistere
701 2611 887 2643 studeatis.
920 2613 961 2644 Et
992 2612 1085 2645 sicut
1114 2619 1278 2645 nostrum
1305 2619 1340 2645 et
1369 2613 1525 2646 ecclesie
1554 2618 1751 2646 memorate
1781 2610 1956 2644 affectatis
1986 2610 2176 2651 honorem,
2206 2615 2242 2643 et
2270 2609 2314 2642 ab

444 2675 620 2708 altissimo
641 2677 859 2720 premiorum
884 2678 1142 2712 retributiones
1170 2679 1419 2724 multipharias
1441 2680 1653 2725 expectatis,
1680 2680 1808 2711 modos
1836 2684 1872 2710 et
1896 2677 1972 2710 vias
2000 2676 2134 2722 quibus
2162 2675 2313 2709 Bartho—

445 2742 553 2774 lomei
579 2742 622 2775 de
649 2743 851 2787 Perignano
876 2744 960 2776 olim
985 2745 1250 2790 archiepiscopi
1280 2746 1450 2779 Barensis
1472 2753 1507 2779 et
1532 2746 1602 2779 sibi
1625 2744 1875 2779 adherentium
1900 2744 2083 2777 temeritas
2108 2743 2313 2776 refrenetur

445 2809 636 2853 exquirite,
665 2809 835 2854 quodque
857 2811 935 2854 ejus
957 2810 1075 2843 littere
1098 2818 1132 2844 et
1157 2813 1321 2845 mandata
1350 2813 1488 2845 nullum
1514 2813 1713 2846 sortiantur
1736 2812 1903 2844 effectum
1925 2822 1991 2843 nec
2012 2810 2142 2855 exequi
2164 2809 2312 2854 permit—

444 2882 561 2908 tantur
582 2876 808 2920 excogitetis,
832 2877 1048 2909 unanimiter
1070 2879 1216 2922 operosi
1242 2879 1604 2924 ingenium'acuatis,
1635 2886 1670 2912 et
1696 2891 1775 2912 cum
1804 2877 1984 2910 industria
2013 2883 2048 2910 et
2075 2875 2309 2917 solicitudine

564 2934 602 2956 73.
2134 2943 2136 2946 <
