2488 3386
427 314 493 347 466
1007 322 1323 345 cnsarumnium
1358 320 1546 343 umvsns.
1583 320 1711 342 rmus.
2033 314 2035 316 ’
2195 305 2292 342 [1387

433 439 573 477 1544.
601 448 725 474 Clemens
755 449 806 475 VII
826 448 967 484 permittit
991 446 1115 473 Iohanni
1135 447 1170 472 de
1190 446 1345 480 Florentia,
1374 444 1439 471 Ord.
1464 446 1611 470 Servorum
1634 444 1658 470 h.
1677 444 1800 479 Mariae,
1823 443 1917 470 licent.
1941 444 1970 469 in
1990 443 2086 476 theol.‚
2110 447 2140 469 ut
2159 443 2199 469 ad
2224 443 2291 471 Ord.

518 499 544 523 S.
560 497 707 523 Benedicti
722 500 861 527 transeat,
880 497 949 532 quia
965 497 993 522 in
1005 495 1141 532 partibus
1159 495 1294 521 Clementi
1314 493 1511 529 Vllsubjectis
1526 502 1581 519 non
1597 496 1640 519 est
1653 492 1755 528 aliqua
1770 492 1871 518 domus
1890 492 1955 518 ord.
1975 494 2130 518 Servorum.

1574 578 1647 607 1387,
1663 577 1808 604 MovemIm's
1821 578 1860 607 21,
1876 577 2006 604 dveniens.

517 664 656 697 Dilecto
686 664 759 697 filio
785 663 939 697 Johanni
969 663 1013 696 de
1044 662 1266 703 Florencia¹,
1297 661 1397 695 fratri
1426 661 1556 694 domus
1587 661 1781 694 Servorum
1811 660 1915 694 beate
1945 660 2058 693 Marie
2090 660 2289 694 Florentin.

429 731 515 764 Ord.
535 732 569 764 S.
587 731 696 776 Aug.,
715 730 906 764 bacallario
924 730 960 762 in
977 729 1174 774 theologia,
1192 730 1357 769 salutem,
1377 734 1444 760 etc.
1464 727 1671 761 Humilibus
1687 727 1950 772 supplicum....
1970 727 2061 760 Sane
2083 727 2208 772 petitio
2225 739 2291 772 pro

428 805 527 843 parte
555 804 613 830 tua
643 797 749 830 nobis
779 809 895 842 nuper
925 795 1081 829 exhibita
1111 794 1320 828 continebat
1348 794 1445 839 quod
1473 794 1610 827 dudum
1637 801 1675 827 tu
1697 794 1826 828 volens
1851 794 1888 827 in
1912 793 2079 827 facultate
2108 793 2291 840 theologie

429 864 617 909 proficere,
637 876 700 909 pro
722 863 873 896 licencia
894 862 1064 896 studendi
1086 862 1122 894 in
1142 861 1309 894 facultate
1330 860 1541 905 hujusmodi
1562 860 1759 893 obtinenda
1780 860 1825 893 de
1846 860 1954 893 domo
1972 860 2165 893 Servorum
2188 859 2291 894 beate

428 931 539 963 Marie
572 930 769 963 Florentin.
798 930 885 963 Ord.
918 930 952 962 S.
980 929 1090 974 Aug.,
1121 928 1158 960 in
1188 940 1256 972 qua
1286 927 1554 972 professionem
1584 927 1789 972 regularem
1819 927 1989 968 emisisti,
2021 926 2145 960 habitu
2174 927 2291 972 ipsius

428 997 576 1030 Ordinis
602 1009 675 1029 non
701 1003 835 1029 mutato
864 1002 898 1029 et
926 1007 999 1028 non
1026 995 1144 1028 animo
1172 994 1399 1039 apostatandi
1426 994 1604 1027 recedens
1633 993 1677 1026 ad
1704 993 1840 1026 curiam
1868 994 2061 1026 Romanam
2083 993 2228 1035 venisti,
2251 1006 2291 1027 ac

428 1063 598 1096 studendi
625 1063 784 1096 Parisius
814 1063 850 1095 in
882 1062 1049 1095 facultate
1079 1061 1239 1106 predicta
1269 1073 1287 1094 a
1318 1060 1405 1094 sede
1432 1060 1631 1106 apostolica
1657 1060 1844 1093 licenciam
1874 1059 2046 1101 habuisti,
2070 1066 2105 1092 et
2129 1060 2226 1105 quod
2247 1060 2291 1094 ad

428 1130 555 1163 dictam
574 1130 719 1162 domum
741 1129 873 1162 reverti
894 1140 933 1161 ac
954 1140 1033 1161 cum
1052 1127 1189 1161 eisdem
1207 1126 1379 1160 fratribus
1397 1128 1477 1172 (pro
1495 1139 1552 1168 eo,
1570 1127 1668 1172 quod
1688 1127 1759 1172 ipsi
1780 1126 2036 1159 Bartholomeo
2053 1126 2138 1159 olim
2160 1127 2289 1160 Baren.

426 1196 712 1241 archiepiscopo,
748 1196 809 1240 qui
839 1195 963 1228 sedem
995 1194 1229 1240 apostolicam
1260 1206 1324 1239 per
1350 1193 1559 1227 violentiam
1589 1200 1625 1226 et
1657 1193 1937 1238 impressionem
1974 1193 2135 1226 notorias
2165 1193 2292 1226 nititur

426 1274 615 1308 occupare,
637 1261 914 1307 dampnabiliter
934 1261 1124 1304 adherent)
1146 1272 1224 1294 cum
1249 1260 1358 1293 animi
1385 1260 1437 1293 tui
1459 1259 1580 1305 quiete
1604 1266 1639 1293 et
1660 1271 1746 1293 sana
1765 1259 1987 1292 conscientia
2009 1271 2196 1292 remanere
2218 1271 2292 1293 non

426 1341 567 1375 posses,
597 1336 632 1362 et
661 1329 758 1374 quod
790 1329 826 1361 in
863 1327 1026 1373 partibus
1056 1327 1163 1360 nobis
1194 1326 1452 1360 obedientibus
1482 1326 1551 1360 alia
1583 1327 1713 1360 domus
1747 1326 1833 1360 dicti
1869 1326 2017 1360 Ordinis
2047 1338 2120 1359 non
2156 1326 2290 1368 existit,

425 1396 594 1441 quodque
615 1396 659 1428 ad
679 1395 852 1429 Ordinem
875 1395 908 1428 S.
932 1394 1133 1436 Benedicti,
1156 1400 1195 1427 ut
1214 1394 1251 1426 in
1272 1389 1319 1427 eo*
1337 1400 1437 1427 tuum
1459 1393 1590 1427 devote
1619 1393 1774 1426 Domino
1801 1393 1923 1438 possis
1944 1393 2157 1438 impendere
2177 1393 2292 1426 famu-

424 1463 546 1504 latum,
569 1469 602 1495 te
623 1463 818 1495 transferre
840 1461 1027 1495 desideras
1049 1468 1084 1494 et
1109 1461 1266 1494 affectas.
1295 1462 1370 1494 Nos
1397 1460 1510 1505 igitur
1620 1467 1660 1493 ut
1680 1460 1723 1493 de
1746 1459 1853 1493 dictis
1883 1460 1990 1493 domo
2022 1466 2058 1492 et
2081 1459 2219 1493 Ordine
2247 1459 2292 1493 ad

424 1530 597 1563 Ordinem
626 1530 660 1562 S.
683 1529 870 1561 Benedicti
897 1528 1050 1561 transire
1133 1527 1255 1573 possis
1341 1527 1407 1560 tibi
1437 1527 1649 1560 auctoritate
1680 1526 1881 1572 apostolica
1910 1533 2037 1559 tenore
2065 1526 2291 1572 presentium

424 1596 657 1629 concedimus
683 1595 727 1628 de
753 1595 866 1640 gratia
893 1594 1052 1640 speciali.
1084 1594 1182 1627 Nulli
1218 1606 1321 1640 ergo,
1356 1600 1424 1627 etc.
1459 1595 1537 1627 Dat.
1570 1593 1752 1627 Avinione
1778 1594 1811 1639 xj
1844 1592 1913 1626 kal.
1941 1592 2168 1635 Decembris,
2196 1604 2291 1626 anno

424 1663 576 1696 decimo.

516 1761 580 1791 Reg.
593 1761 650 1783 Vnt.
660 1760 740 1783 Aven.
753 1759 892 1783 Clementis
901 1759 955 1786 Vll,
970 1759 1021 1782 vol.
1033 1759 1118 1788 XLIX,
1129 1759 1172 1782 ful.
1185 1759 1239 1782 395.
1248 1771 1279 1776 —
1289 1759 1358 1781 Haec
1368 1758 1442 1781 bulla
1452 1758 1548 1789 pontif.
1560 1757 1668 1781 maximi
1679 1757 1804 1780 momenti
1815 1760 1863 1781 est.
1880 1757 1965 1780 Verba
1980 1765 2063 1789 supra
2074 1757 2163 1789 posita
2176 1765 2182 1781 ι
2196 1767 2210 1780 α
2222 1758 2292 1789 quod

423 1805 450 1828 in
464 1805 585 1836 partibus
602 1804 677 1827 nobis
694 1804 829 1833 (Clementi
844 1804 898 1833 VII)
912 1803 1095 1827 obedientibus
1111 1803 1164 1826 alia
1179 1803 1272 1826 domus
1289 1803 1352 1826 dicti
1368 1802 1476 1826 Ordinis
1490 1803 1642 1832 (Servorum
1655 1802 1685 1825 B.
1700 1802 1808 1833 Mariae)
1821 1810 1871 1825 non
1885 1801 1974 1825 existit
1987 1810 2008 1830 n,
2023 1802 2081 1826 luce
2091 1802 2190 1826 clarius
2206 1805 2294 1826 osteu-

424 1850 498 1878 dunt,
514 1849 539 1872 in
555 1848 665 1872 Francia
680 1857 731 1871 non
748 1848 878 1872 exstitisse
899 1851 1055 1871 conventum
1071 1847 1134 1871 Ord.
1152 1848 1225 1871 Serv.
1243 1848 1272 1871 B.
1293 1847 1401 1871 Mariae.
1422 1847 1491 1870 Haec
1511 1850 1551 1870 est
1568 1846 1644 1875 rati0,
1664 1855 1711 1869 cur
1730 1846 1801 1870 Ordo
1820 1846 1963 1870 Servorum
1983 1846 2012 1870 B.
2033 1846 2066 1870 M.
2088 1854 2140 1869 non
2161 1846 2230 1870 sicut
2246 1845 2293 1870 ulii

424 1893 544 1921 Ordines,
558 1893 601 1924 qui
617 1893 643 1916 in
658 1893 801 1916 ditionibus
815 1893 927 1916 duorum
939 1901 1069 1924 paparum
1082 1892 1176 1915 domus
1193 1895 1218 1916 et
1228 1892 1379 1923 provincias
1394 1892 1579 1923 possederunt,
1595 1891 1660 1914 duos
1676 1890 1778 1922 priores
1794 1891 1931 1922 generales
1946 1890 2105 1920 habuerunt,
2117 1891 2163 1914 sed
2177 1894 2293 1915 tantum·

424 1938 500 1961 modo
516 1946 605 1966 unum,
623 1938 672 1960 sub
692 1937 839 1960 obedientia
859 1945 943 1968 papae
959 1937 1078 1960 Romani.
1095 1937 1203 1966 Revera,
1219 1944 1309 1959 omnes
1328 1935 1477 1959 baccalarei
1495 1939 1520 1959 et
1533 1935 1661 1959 licentiati
1675 1935 1839 1959 Parisienses
1855 1935 1919 1958 dicti
1939 1934 2046 1959 Ordinis
2062 1935 2139 1958 istius
2154 1934 2292 1967 temporis,

424 1990 533 2013 quorum
546 1981 672 2005 memoria
687 1982 719 2004 ad
736 1990 782 2004 nos
798 1982 924 2012 pervenit,
943 1981 1001 2005 Itali
1020 1982 1133 2010 fuerunt,
1150 1990 1181 2004 ne
1198 1989 1266 2004 unus
1281 1980 1387 2012 quidem
1401 1980 1572 2011 Francigena.
1593 1980 1650 2003 Vid.
1667 1988 1749 2011 supra
1764 1979 1799 2002 nl*
1815 1980 1884 2009 12'49,
1902 1980 1962 2003 1278
1980 1982 2005 2003 et
2017 1979 2088 2003 1281.
2102 1979 2145 2003 Sic
2162 1979 2242 2003 etiam
2258 1977 2292 2003 ad

424 2035 467 2050 an.
483 2027 551 2054 1373,
568 2027 632 2050 Nov.
647 2026 668 2054 1,
683 2026 826 2057 Gregorius
842 2026 872 2049 de
888 2026 1017 2049 Pistorio2
1031 2026 1108 2055 (Bibl.
1126 2029 1180 2050 nat.
1198 2025 1282 2049 Paris.
1298 2033 1348 2048 ms.
1364 2025 1411 2048 lut.
1428 2026 1486 2048 565:
1496 2026 1526 2055 ⁸),
1545 2025 1578 2048 ad
1596 2032 1638 2047 an.
1661 2025 1722 2047 1380
1737 2024 1854 2047 Andreas
1873 2024 1904 2048 de
1919 2023 2043 2054 Forlivio,
2060 2024 2128 2047 inter
2144 2024 2292 2049 licentiatos

425 2071 532 2094 Parisiis
551 2071 704 2094 afferuntur.
723 2071 755 2094 Et
769 2079 799 2094 ex
818 2070 876 2093 istis
895 2071 1050 2093 Franciscus
1068 2071 1099 2093 de
1115 2070 1262 2093 Mediolano
1278 2069 1407 2093 scholaris
1425 2069 1542 2092 bursalis
1558 2069 1651 2092 domus
1667 2069 1826 2092 Tornacens.
1845 2068 1902 2092 suit.
1917 2069 1971 2092 Hoc
1984 2068 2061 2092 modo
2078 2068 2224 2100 explicatur
2237 2071 2294 2092 stn-

426 2119 509 2139 tutum
525 2124 606 2146 supra
626 2119 654 2138 n⁰
670 2116 729 2138 1278
749 2115 857 2144 editum,
874 2115 974 2138 nullum
993 2115 1111 2146 potuisse
1129 2114 1244 2138 Parisios
1266 2115 1298 2137 ad
1315 2114 1433 2137 studium
1453 2113 1531 2142 mitti,
1553 2113 1605 2136 nisi
1626 2113 1657 2137 in
1678 2113 1809 2143 partibus
1827 2112 1931 2137 Italiae
1944 2113 2019 2144 prius
2041 2113 2239 2144 philosophiam
2259 2113 2294 2136 sit

426 2160 623 2191 interpretatus.
643 2159 788 2190 Collegium
804 2159 873 2182 enim
889 2159 972 2183 Paris.
987 2159 1019 2182 ab
1036 2159 1108 2182 Italis
1126 2162 1228 2182 tantum
1247 2158 1472 2190 frequentabatur.
1486 2159 1519 2181 Et
1536 2157 1599 2189 quia
1617 2165 1630 2181 e
1645 2160 1775 2180 conventu
1790 2157 1946 2188 generalitio
1965 2157 2125 2186 Florentino,
2144 2157 2190 2180 ubi
2203 2160 2293 2189 partes

427 2205 527 2228 Urbani
542 2205 574 2227 VI
593 2204 778 2235 sequebantur,
797 2204 937 2235 collegium
953 2204 1125 2235 dependebat.
1140 2206 1258 2235 tempore
1274 2203 1426 2226 schismatis
1442 2202 1591 2226 necessario
1606 2202 1762 2225 exstinctum
1778 2205 1826 2229 est,
1842 2202 1878 2225 ita
1893 2205 1922 2225 ut
1938 2210 1985 2225 nec
2002 2201 2088 2225 dicere
2100 2202 2234 2233 possimus
2247 2201 2294 2225 ubi

428 2249 507 2272 situm
522 2252 599 2272 esset.
616 2249 705 2279 Itaque
721 2248 753 2271 ab
770 2256 838 2271 anno
855 2249 913 2271 1381
935 2249 1023 2278 (1382),
1042 2257 1092 2279 quo
1110 2248 1242 2271 Johanncs
1263 2248 1294 2271 de
1310 2247 1442 2271 Florentia
1464 2247 1613 2270 licentiatus
1634 2249 1681 2275 est,
1698 2254 1781 2277 usque
1798 2246 1831 2269 nd
1852 2254 1893 2269 an.
1909 2246 1969 2269 1469
1982 2246 2061 2276 (1470)
2078 2246 2166 2269 nullus
2181 2254 2212 2270 ex
2228 2245 2293 2270 Ord.

429 2294 569 2317 Servorum
586 2293 615 2316 B.
633 2293 730 2316 Mariae
745 2293 812 2316 inter
827 2292 973 2316 licentiatos
986 2293 1070 2317 Paris.
1086 2292 1226 2316 invenitur.

522 2338 590 2360 Inter
606 2337 708 2360 fabulas
725 2337 835 2368 proinde
848 2337 1018 2368 rejiciendum
1032 2337 1101 2368 quod
1119 2337 1305 2361 Ciani-Garbio
1321 2337 1347 2360 in
1362 2339 1440 2361 Arm.
1459 2337 1522 2361 ord.
1537 2336 1625 2365 Sera,
1639 2336 1659 2367 I,
1673 2336 1727 2364 337,
1741 2338 1857 2363 narrant,
1873 2335 1968 2358 Servos
1983 2334 2013 2358 Β.
2029 2334 2126 2358 Mariae
2142 2334 2168 2357 in
2182 2334 2294 2358 Francia

429 2382 462 2405 ab
479 2390 520 2405 an.
537 2382 598 2404 1380
614 2381 662 2404 sibi
679 2389 772 2404 nomen
788 2391 800 2402 t<
824 2382 935 2404 fratrum
953 2381 1095 2405 Charitatis
1111 2382 1140 2405 B.
1158 2382 1255 2405 Mariae
1276 2390 1287 2404 »
1304 2381 1471 2413 imposuisse,
1490 2381 1532 2404 vot
1553 2389 1565 2404 «
1580 2380 1698 2404 Billettes
1715 2387 1726 2402 n
1744 2379 1807 2409 (vid.
1825 2379 1963 2408 Chartul„
1986 2379 2018 2408 ll,
2036 2382 2088 2402 not.
2108 2379 2142 2402 ad
2161 2383 2212 2402 num
2226 2380 2294 2409 877).

430 2426 590 2457 ignorabant
607 2426 650 2448 isti
670 2426 731 2448 boni
753 2426 904 2457 scriptores,
922 2427 1015 2449 fratres
1038 2426 1181 2450 eharitatis
1203 2426 1232 2450 Β.
1255 2426 1353 2449 Mariae
1370 2426 1496 2450 Ordinem
1517 2425 1671 2448 distinctum
1690 2424 1724 2447 ab
1744 2424 1807 2448 Ord.
1823 2424 1896 2448 Serv.
1912 2424 1942 2447 B.
1960 2423 2058 2447 Mariae
2079 2423 2221 2453 exstitisse,
2243 2423 2293 2447 sub

430 2470 538 2502 proprio
555 2470 642 2501 priore
658 2470 782 2501 generali,
800 2470 919 2501 quamvis
935 2470 1014 2494 etiam
1030 2471 1078 2493 sub
1092 2471 1184 2502 regula
1198 2471 1223 2494 S.
1238 2470 1388 2502 Augustini.
1405 2470 1464 2494 Vid.
1480 2478 1562 2501 supra
1574 2478 1601 2501 p.
1613 2470 1667 2498 389,
1683 2472 1737 2492 not.
1755 2469 1794 2492 29.

524 2554 547 2577 1.
562 2554 598 2577 De
620 2563 670 2585 quo
689 2552 742 2578 vid.
760 2563 841 2586 supra
857 2563 884 2586 p.
901 2555 954 2578 359.
978 2555 1064 2586 Supra
1077 2565 1090 2576 «
1106 2554 1274 2578 baccalareus
1291 2563 1302 2577 »
1320 2554 1454 2583 scribitur,
1470 2554 1516 2577 sed
1542 2556 1599 2577 erat
1619 2552 1778 2576 licentiatus.
1795 2565 1822 2570 --
1839 2552 1862 2575 2.
1878 2552 2001 2575 Fortasse
2016 2551 2086 2575 idem
2103 2559 2133 2574 ac
2148 2550 2293 2587 Gregorius,

432 2598 463 2621 de
478 2598 609 2622 Florentia
627 2606 707 2629 supra
722 2603 750 2621 n⁰
766 2599 834 2628 1281,
851 2602 903 2622 not.
920 2599 942 2628 2,
957 2599 1062 2623 allatus.

552 2909 590 2930 59„
