2488 3386
443 339 507 370 214
1018 347 1334 369 CHARTULARIUM
1369 346 1559 368 nitiva-ns.
1596 346 1723 367 lunis.
2061 336 2063 339 ’
2206 332 2304 368 [1373

443 421 560 465 ipsum
582 421 780 454 ascendere
800 422 960 454 fecerant
982 428 1014 453 et
1036 421 1072 453 in
1094 420 1331 465 compedibus
1352 420 1469 464 ipsum
1494 420 1724 463 posuerant⁵,
1746 418 1977 462 lapidemque
1999 429 2238 450 marmoreum
2260 418 2303 450 ad

443 499 550 531 supra
572 487 771 520 sedendum
795 487 864 520 sibi
886 494 1108 532 paraverant.
1132 488 1175 519 Et
1196 493 1277 519 tunc
1299 486 1342 518 ad
1364 486 1480 530 ipsum
1503 491 1706 518 accesserat
1726 485 1910 518 Cornutus
1931 485 1976 517 de
1997 485 2164 529 Coureyo
2185 484 2302 524 miles,

443 553 663 598 gubernator
680 554 773 586 dicte
790 561 884 586 terre
903 554 946 586 de
968 553 1126 586 Milliaco
1148 565 1212 598 pro
1230 553 1325 585 dicto
1348 552 1519 591 Roberto,
1538 552 1598 596 qui
1620 552 1663 584 ad
1686 551 1907 584 tractandum
1929 563 2008 583 cum
2027 551 2123 583 dicto
2146 550 2303 583 Roberto

443 632 553 664 super
573 620 690 664 aliqua
711 620 862 652 finencia
890 620 1061 653 tradenda
1089 620 1206 664 ipsum
1237 619 1446 663 magistrum
1477 619 1657 651 Simonem
1688 618 1861 650 inducere
1882 617 2057 657 voluerat,
2080 617 2178 661 quod
2207 617 2301 650 idem

444 686 614 730 magister
635 686 758 719 Simon
781 687 899 719 facere
921 698 1065 730 semper
1086 692 1266 726 renuerat,
1289 685 1353 717 sed
1378 684 1524 729 justicia
1552 684 1732 717 mediante
1758 684 1794 716 in
1824 690 1946 716 nostra
1968 683 2184 716 Parlamenti
2205 683 2303 716 curia

442 752 498 784 vel
519 764 636 784 coram
659 752 801 785 dnobus
823 752 965 785 clericis
988 751 1254 784 Parisiensibus
1281 751 1471 795 negocium
1496 751 1688 783 terminare
1711 756 1899 795 promptus
1921 756 2008 790 erat,
2036 756 2071 782 et
2097 749 2164 782 hoc
2186 750 2303 783 eidem

454 818 600 851 “teberto
631 830 717 863 sepe
745 825 779 851 et
811 819 934 863 sepius
963 818 1154 851 obtulerat.
1185 817 1255 850 Sed
1286 817 1365 850 istis
1393 829 1465 849 non
1493 817 1723 849 obstantibus
1753 817 1795 849 ad
1822 816 1939 849 villam
1970 816 2013 848 de
2044 815 2144 861 Achy
2173 816 2304 850 ductus

442 885 568 925 suerat,
591 891 625 917 et
651 885 687 916 in
714 885 863 928 quadam
891 896 1029 917 camera
1058 884 1102 916 de
1129 884 1236 916 domo
1263 883 1409 915 domine
1439 883 1483 915 de
1512 883 1623 927 Achy,
1651 883 1778 915 amicte
1803 883 1889 915 dicti
1920 882 2081 923 Robevti,
2102 882 2139 915 in
2159 894 2303 928 compe-

443 950 549 982 dibus
571 951 710 994 positus
732 951 857 983 suerat.
881 951 949 982 Sed
972 962 1053 994 pars
1075 950 1243 994 superior
1268 949 1445 982 dictorum
1476 950 1690 994 compedum
1717 961 1735 982 a
1760 948 1970 982 tenentibus
1995 949 2109 993 ipsam
2131 949 2183 982 sic
2204 949 2304 983 festi-

442 1023 569 1049 nenter
590 1017 738 1049 dimissa
759 1018 884 1056 suerat,
909 1017 1004 1060 quod
1031 1017 1147 1060 ipsum
1171 1016 1381 1060 magistrum
1411 1016 1593 1048 Simonem
1615 1016 1651 1048 in
1681 1015 1835 1060 pedibus
1856 1015 2015 1060 graviter
2039 1015 2302 1056 vulneraverat,

442 1089 476 1115 et
496 1083 547 1115 sic
568 1083 604 1114 in
625 1082 862 1127 compedibus
884 1083 1056 1127 predictis
1075 1082 1235 1115 existens
1257 1094 1321 1126 per
1342 1088 1449 1114 totam
1472 1088 1613 1114 noctem
1636 1082 1671 1114 in
1694 1073 1850 1126 quodam
1871 1094 1980 1126 parvo
2002 1081 2096 1115 lecto
2116 1082 2302 1124 cubuerat,

441 1155 475 1181 et
496 1148 587 1181 duos
608 1148 774 1189 famulos,
798 1161 906 1181 unum
930 1161 946 1181 a
969 1149 1105 1181 dextris
1131 1155 1165 1180 et
1192 1148 1299 1180 alium
1322 1160 1339 1180 a
1361 1148 1533 1189 sinistris,
1557 1159 1702 1193 semper
1722 1147 1907 1189 habuerat,
1930 1148 1991 1193 qui
2012 1160 2092 1181 cum
2121 1160 2160 1182 se
2181 1155 2304 1182 exten—

441 1215 526 1247 dere
551 1214 706 1255 volebat,
731 1215 848 1247 taliter
873 1215 990 1247 dictos
1016 1215 1211 1259 compedes
1233 1214 1427 1247 trudebant
1451 1214 1548 1259 quod
1569 1226 1738 1259 magnum
1761 1215 1923 1247 dolorem
1946 1226 2010 1260 per
2032 1221 2139 1248 totam
2161 1222 2302 1248 noctem

442 1293 569 1326 passus
590 1282 717 1321 suerat,
740 1288 773 1313 et
794 1282 888 1325 quod
913 1281 1019 1314 verba
1042 1281 1218 1314 derisoria
1240 1281 1308 1313 sibi
1338 1281 1542 1314 inserebant
1567 1281 1711 1326 quando
1742 1288 1889 1326 propter
1910 1281 2072 1314 dolorem
2102 1282 2303 1326 predictum

441 1348 664 1381 clamaverat.

528 1411 645 1452 Quare
668 1410 833 1455 petebant
856 1410 940 1443 dicti
962 1417 1117 1451 actores,
1135 1410 1251 1444 dictos
1269 1411 1483 1444 defensores
1504 1411 1540 1444 in
1562 1410 1779 1456 corporibus
1801 1417 1835 1444 et
1855 1410 1962 1444 bonis
1982 1411 2060 1444 fore
2081 1411 2303 1456 puniendos,

441 1477 613 1521 ipsosque
641 1477 777 1509 crimen
808 1477 917 1522 plagii
945 1478 1172 1510 commisisse
1203 1477 1453 1522 abusoresque
1478 1479 1627 1522 justicie
1657 1479 1734 1511 sore
1766 1478 2012 1523 pronunciari,
2032 1478 2241 1523 capcionem
2270 1485 2305 1513 et

441 1543 690 1576 detencionem
714 1543 798 1576 dicti
820 1544 981 1588 magistri
1009 1544 1167 1576 Simonis
1193 1551 1226 1577 et
1253 1544 1431 1589 quidquid
1462 1557 1503 1577 ex
1532 1545 1585 1577 eis
1610 1545 1726 1578 suerat
1751 1551 1914 1578 secutum
1936 1545 2090 1589 injustas
2109 1545 2304 1579 irraciona-

441 1609 533 1641 biles
554 1616 588 1642 et
608 1609 750 1654 iniquas
771 1610 847 1642 fore
869 1610 951 1651 dici,
975 1610 1106 1643 salvam
1129 1611 1289 1655 gardiam
1312 1617 1471 1643 nostram
1495 1618 1643 1656 propter
1663 1611 1872 1656 capcionem
1894 1618 1929 1644 et
1949 1611 2201 1644 detencionem
2222 1623 2305 1657 pre-

442 1675 553 1708 dictas
573 1676 757 1708 infractam
780 1688 842 1720 per
859 1677 1072 1709 defensores
1088 1677 1287 1721 predictos,
1303 1678 1596 1723 reintegrandam
1613 1679 1690 1711 sore
1708 1678 1896 1720 declarari,
1915 1677 2069 1723 ipsoque
2086 1678 2124 1711 in
2140 1677 2304 1711 emendis

441 1741 716 1775 honorabilibus
747 1749 781 1775 et
810 1743 960 1776 utilibus
991 1755 1076 1788 erga
1104 1756 1170 1776 nos
1199 1750 1234 1776 et
1264 1750 1406 1777 actores
1431 1744 1615 1789 predictos
1643 1751 1679 1777 et
1707 1744 1751 1777 ad
1781 1744 2055 1778 restitucionem
2085 1744 2304 1778 cutellorum

443 1808 683 1852 predictorum
720 1809 787 1841 sub
822 1810 1055 1842 estimacione
1088 1811 1216 1855 viginti
1248 1810 1448 1843 solidorum
1481 1811 1688 1856 parisiens„
1718 1812 1753 1844 et
1782 1811 1880 1856 quod
1907 1811 1952 1844 de
1979 1811 2140 1856 predicta
2165 1823 2304 1845 summa

441 1874 650 1907 crederetur
672 1875 788 1908 dictus
809 1876 981 1921 magister
1001 1877 1123 1909 Simon
1146 1889 1209 1921 per
1230 1889 1334 1910 suum
1358 1878 1603 1922 juramentum
1626 1885 1661 1911 et
1681 1878 1717 1910 in
1738 1878 1922 1923 expensis,
1946 1878 2113 1923 dampnis
2133 1884 2169 1911 et
2193 1878 2305 1911 inter·-

442 1952 523 1973 esse
543 1940 650 1985 hujus
672 1941 745 1974 litis
766 1942 1037 1987 condempnari.

530 2007 643 2040 Dictis
664 2008 920 2040 defensoribus
944 2009 979 2040 in
1001 2010 1220 2042 contrarium
1243 2010 1535 2055 proponentibus
1556 2011 1654 2055 quod
1680 2011 1775 2044 idem
1799 2010 1981 2044 Robertus
2002 2023 2045 2043 ex
2065 2010 2252 2044 nobilibus
2273 2017 2308 2044 et

442 2073 651 2117 potentibus
677 2074 887 2118 parentibus
913 2076 1127 2120 progenitus
1149 2078 1277 2118 suerat,
1305 2077 1503 2122 pluresque
1523 2077 1641 2119 villas,
1663 2078 1892 2111 castellanias
1918 2084 1954 2110 et
1978 2077 2084 2111 feuda
2113 2089 2155 2110 ex
2181 2089 2306 2111 eorum

443 2140 676 2173 successione
706 2140 892 2182 habuerat,
921 2148 955 2174 et
984 2143 1190 2186 specialiter
1217 2143 1336 2177 villam
1366 2151 1400 2177 et
1430 2151 1559 2177 terram
1587 2145 1631 2177 de
1660 2144 1818 2178 Milliaco
1847 2145 1883 2177 in
1913 2144 2135 2186 Belvacinio,
2162 2144 2308 2177 racione

443 2207 546 2250 cujus
567 2206 690 2251 plures
712 2219 838 2240 servos
860 2215 894 2240 et
914 2208 1079 2242 homines
1100 2210 1318 2254 corporibus
1339 2211 1504 2255 quolibet
1523 2223 1617 2244 anno
1639 2212 1676 2244 in
1702 2211 1847 2256 signum
1872 2211 2059 2245 servitutis
2084 2210 2155 2244 sibi
2180 2210 2308 2244 chava-

443 2273 540 2317 gium
559 2273 743 2306 solventes
765 2275 1068 2318 possederat....⁶.
1087 2277 1205 2318 Quare
1227 2277 1398 2322 petebant
1418 2277 1461 2310 ab
1478 2277 1776 2323 impeticionibus
1794 2278 1974 2311 dictorum
1993 2284 2153 2311 actorum
2171 2276 2312 2311 absolvi

444 2339 616 2383 ipsosque
637 2346 777 2373 actores
798 2341 834 2372 in
856 2353 979 2374 eorum
1002 2343 1172 2387 expensis
1194 2343 1302 2388 hujus
1324 2344 1398 2377 litis
1419 2345 1693 2390 condempnari.

532 2405 773 2450 Pluribusque
794 2407 873 2440 aliis
903 2409 1110 2442 racionibus
1141 2409 1223 2443 hinc
1251 2411 1336 2443 inde
1362 2411 1405 2443 ad
1435 2411 1526 2444 fines
1557 2411 1742 2456 predictos
1773 2411 1973 2456 propositis
2001 2418 2037 2444 et
2066 2423 2131 2456 per
2160 2411 2307 2444 modum

443 2472 616 2504 memorie
648 2473 683 2505 in
712 2473 857 2517 scriptis
886 2474 1037 2516 traditis,
1067 2476 1198 2509 suisset
1231 2489 1295 2521 per
1323 2478 1547 2522 prepositum
1580 2484 1743 2511 nostrum
1775 2478 1980 2523 predictum
2012 2478 2306 2523 pronunciatum,

444 2538 666 2583 capcionem,
687 2539 1011 2573 incarceracionem
1035 2549 1067 2575 et
1090 2543 1342 2576 detencionem
1364 2544 1450 2577 dicti
1482 2545 1645 2589 magistri
1673 2545 1832 2578 Simonis
1858 2545 2002 2589 iniquas
2022 2545 2115 2586 fore,
2136 2544 2308 2590 dampna-

445 2604 537 2637 biles
559 2611 593 2637 et
619 2605 784 2649 injustas,
808 2613 842 2639 et
862 2607 1039 2652 quidquid
1068 2621 1109 2641 cx
1140 2610 1192 2642 eis
1220 2611 1335 2643 suerat
1361 2618 1538 2651 secutum,
1562 2618 1597 2644 et
1626 2618 1774 2656 propter
1801 2611 1869 2644 hoc
1897 2611 2014 2644 dictos
2035 2611 2250 2644 defensores
2269 2611 2307 2644 i'n

445 2671 608 2703 emendis
629 2670 904 2705 honorabilibus
922 2680 956 2706 et
976 2675 1126 2707 utilibus
1143 2688 1228 2720 erga
1245 2688 1312 2709 nos
1329 2683 1364 2709 et
1384 2689 1469 2722 erga
1486 2684 1628 2710 actores
1649 2677 1848 2722 predictos,
1868 2677 2051 2710 taxacione
2073 2677 2307 2710 emendarum

445 2737 584 2769 utilium
607 2744 641 2769 et
662 2738 768 2770 modo
790 2739 943 2771 faciendi
964 2739 1168 2773 honorabili
1190 2742 1259 2774 sibi
1283 2744 1490 2784 reservatis,
1513 2750 1547 2776 et
1572 2743 1616 2776 acl
1643 2744 1917 2776 restitucionem
1938 2743 2156 2776 cutellorum
2177 2743 2309 2788 petito·

446 2815 521 2835 rum
544 2803 612 2835 sub
636 2804 868 2837 estimacione
892 2806 1020 2850 viginti
1042 2807 1240 2840 solidorum
1265 2809 1388 2853 paris.,
1412 2810 1457 2842 de
1478 2822 1547 2854 qua
1574 2822 1713 2843 summa
1736 2822 1801 2854 per
1816 2811 2061 2854 juramentum
2083 2821 2188 2842 suum
2211 2809 2308 2842 dicto

446 2870 616 2914 magistro
643 2870 779 2903 Simoni
806 2872 1028 2914 crederetur,
1056 2880 1090 2906 et
1117 2874 1219 2907 infra.
1250 2877 1290 2908 Et
1317 2876 1360 2908 ad
1390 2876 1717 2921 reintegracionem
1738 2876 1836 2910 salve
1857 2877 1984 2922 gardie
2009 2883 2132 2909 nostre
2160 2882 2309 2921 propter
