2488 3386
226 306 322 342 1385]
642 317 688 338 ΑΒ
723 317 829 338 ΑΝΝο
865 316 995 338 MCCCL
1029 316 1159 343 usone
1196 316 1242 337 An
1275 316 1537 338 ΒΕΝΕοιοΤυΜ
1574 318 1663 338 xm.
2024 308 2088 339 399

316 392 388 415 Folia
405 392 488 419 73-78,
506 399 572 422 quae
587 394 644 414 acta
661 398 743 421 usque
759 391 790 413 nd
808 390 899 413 Octob.
917 390 930 412 2
947 398 988 412 an.
1009 390 1068 412 1385
1084 389 1224 417 continent,
1244 389 1386 420 implentur
1405 390 1502 420 partim
1523 390 1716 419 instrumentis,
1737 399 1802 422 quue
1823 391 1953 422 pertinent
1973 392 2003 414 ad
2026 392 2089 414 eitu-

223 437 306 460 tiones
322 436 429 459 testium
442 439 495 459 tam
511 444 560 467 pro
570 435 748 458 Universitate
759 442 837 465 quam
853 442 901 465 pro
915 433 1082 461 cancellario,
1098 433 1195 464 partim
1210 434 1385 464 descriptione
1404 435 1534 465 quomodo
1550 435 1714 457 Universitas
1731 436 1917 458 monstraverit
1931 436 2088 458 cancellario

222 481 351 512 quaedam
367 480 516 511 originalia,
533 479 591 503 scil.
611 479 714 502 Bullam
731 479 843 502 Parens
858 477 1054 506 scientiarum,
1074 478 1244 508 privilegium
1260 478 1364 502 Servus
1379 479 1472 502 crucis
1489 482 1514 501 et
1527 479 1711 502 Ordinationes
1730 480 1830 502 Urbani
1844 481 1863 502 V
1881 488 1922 502 an.
1938 481 2006 508 1366,
2023 488 2089 511 quae

222 526 248 549 in
273 529 324 548 ms⁰
347 525 391 548 fol.
415 525 515 548 146-157
543 523 735 547 exscribuntur.
766 522 915 546 Ediscimus
941 522 1123 545 tantummodo
1150 525 1252 553 partem
1282 526 1373 545 contra
1399 526 1500 553 partem
1531 523 1660 553 litigasse,
1685 527 1709 546 et
1742 524 1806 546 nihil
1829 524 1981 547 conclusum
2009 524 2089 547 tuisse

223 573 350 601 quantum
361 578 374 592 e
390 573 443 592 rns⁰
457 572 577 600 apparet,
593 568 618 591 in
635 576 685 599 quo
700 568 781 590 multa
800 567 861 589 solia
878 567 945 589 inter
959 567 1003 589 fol.
1021 568 1049 589 78
1065 570 1090 589 et
1109 566 1152 589 tol.
1171 567 1209 592 79,
1230 566 1273 589 uhi
1290 575 1358 589 nunc
1374 575 1480 590 examen
1499 567 1605 590 testium
1622 567 1723 598 incipit,
1741 568 1842 591 desunt.

229 749 370 786 1519.
394 757 556 793 Propositio
572 757 651 782 Petri
666 756 701 782 de
716 755 841 782 Ailliaco
858 764 953 781 coram
972 755 1111 780 Clemente
1131 756 1182 780 Vll
1193 755 1335 781 Avenione
1350 757 1432 789 facta
1448 759 1547 780 contr-a
1563 755 1777 781 cancellarium.

1404 838 1478 867 1385,
1494 838 1562 864 circa
1578 838 1661 867 finem,
1678 838 1806 864 avenione.

313 924 461 957 Domine
475 924 546 957 vim
561 923 702 967 pacior,
722 922 891 966 responde
905 933 1056 966 prome.
1081 922 1260 966 Scriptum
1283 928 1335 954 est
1357 922 1465 954 Ysaie
1486 923 1529 955 38
1549 922 1718 966 capitulo.
1744 922 1956 954 Beatissime
1980 929 2088 966 pater,

225 990 373 1023 humilis
405 997 440 1022 et
471 990 600 1022 devota
630 996 748 1022 vestra
781 989 853 1021 filia
886 995 998 1021 mater
1028 995 1151 1021 nostra
1179 988 1405 1021 Universitas
1437 989 1548 1021 studii
1581 989 1798 1021 Parisiensis
1831 1000 1897 1021 nos
1928 989 2090 1033 ejusdem

226 1057 424 1090 sanctitatis
446 1056 540 1089 filios
562 1056 718 1089 humiles
739 1062 774 1088 et
795 1055 946 1088 devotos
967 1055 1009 1087 ad
1027 1062 1181 1087 vestram
1203 1054 1463 1087 beatitudinem
1485 1055 1677 1088 destinavit
1699 1056 1741 1088 ad
1763 1055 1947 1088 humiliter
1968 1056 2091 1100 implo-

227 1124 376 1156 randum
399 1135 438 1156 ac
461 1123 585 1163 eciam,
604 1123 670 1155 Dei
688 1129 722 1155 et
742 1122 941 1167 apostolice
963 1122 1062 1154 sedis
1084 1122 1217 1166 gracia,
1235 1122 1279 1154 ad
1300 1121 1492 1154 efficaciter
1512 1122 1776 1167 impetrandum
1798 1129 1952 1155 vestram
1977 1123 2092 1167 provi-

226 1191 365 1223 sionem
397 1189 630 1234 apostolicam
662 1201 772 1234 super
805 1189 914 1222 certis
945 1188 1171 1229 excessibus,
1201 1188 1376 1221 abusibus
1405 1196 1439 1221 et
1468 1189 1612 1233 injuriis
1649 1189 1766 1221 eidem
1799 1190 2030 1222 Universitati
2059 1196 2093 1222 et

226 1263 349 1289 contra
384 1256 500 1301 ipsius
536 1255 738 1300 privilegia.
770 1255 956 1288 libertates
987 1262 1021 1287 et
1049 1256 1131 1299 jura
1162 1267 1226 1300 per
1253 1255 1512 1296 venerabilem,
1543 1262 1624 1295 etc.,
1654 1256 1906 1288 cancellarium
1938 1256 2092 1288 ecclesie

227 1323 444 1356 Parisiensis
466 1329 499 1355 et
521 1322 718 1355 nonnullos
740 1323 819 1366 ejus
841 1322 1034 1355 officiarios
1055 1322 1235 1355 violenter
1256 1322 1407 1354 illatis...

315 1390 441 1434 Igitur,
466 1396 565 1433 pater
586 1388 809 1430 beatissime,
832 1389 868 1420 in
891 1400 1045 1433 persona
1067 1389 1161 1421 dicte
1183 1388 1255 1421 filie
1277 1396 1397 1421 vestre
1420 1395 1451 1421 et
1481 1389 1597 1433 ipsius
1624 1389 1781 1429 nomine,
1809 1389 1912 1421 vobis
1946 1401 2091 1433 possum

227 1456 348 1489 dicere
375 1467 381 1488 z
404 1456 553 1489 Domine
576 1456 660 1494 vim,
688 1462 800 1488 etc....
825 1455 948 1488 Fletus
977 1467 1080 1488 meus
1102 1467 1164 1488 cor
1193 1462 1290 1488 tuum
1322 1462 1460 1488 moveat
1490 1462 1523 1488 et
1549 1455 1684 1488 clamor
1706 1468 1807 1488 meus
1833 1456 1875 1488 ad
1902 1463 1935 1488 te
1960 1457 2091 1496 veniat,

227 1523 395 1568 quoniam
418 1534 490 1555 non
512 1522 648 1555 advena
670 1529 725 1555 est
745 1534 815 1566 que
836 1522 879 1555 ad
909 1529 941 1555 te
963 1522 1130 1560 clamitat,
1155 1534 1226 1555 non
1248 1523 1371 1567 ignota
1393 1534 1462 1566 que
1492 1529 1524 1554 te
1556 1534 1619 1567 pro
1642 1534 1680 1555 se
1711 1523 1932 1567 respondere
1957 1523 2093 1567 suppli-

226 1590 316 1622 citer
337 1596 487 1628 exortat,
509 1589 575 1622 sed
596 1595 653 1621 tua
675 1595 742 1627 est,
766 1596 866 1633 pater
888 1588 1109 1629 beatissime,
1132 1596 1189 1622 tua
1216 1596 1271 1621 est
1300 1589 1372 1621 filia
1401 1589 1548 1621 humilis
1575 1596 1609 1621 et
1636 1589 1776 1622 devota.
1802 1591 1877 1634 Ego
1900 1590 2093 1634 siquidem,

227 1663 265 1689 ut
285 1656 367 1700 plus
390 1656 582 1697 movearis,
603 1655 662 1688 illa
685 1667 762 1688 sum
787 1656 1027 1700 primogenita
1050 1656 1268 1695 studiorum,
1287 1668 1390 1700 quam
1417 1656 1549 1700 Egiptii
1573 1662 1669 1688 tanto
1691 1656 1935 1700 [mi-turierunt
1959 1657 2092 1697 studio,

227 1722 286 1755 illa
307 1723 452 1767 inquam
475 1734 544 1767 ego
566 1734 659 1762 sum,
678 1734 782 1766 quam
805 1722 896 1754 miro
918 1723 1025 1755 modo
1044 1723 1243 1756 Grecorum
1267 1723 1364 1755 auxit
1384 1729 1419 1755 et
1439 1722 1551 1755 coluit
1572 1722 1686 1763 labor,v
1707 1722 1766 1755 illa
1787 1734 1856 1767 ego
1878 1734 1970 1763 sum,
1990 1735 2093 1767 quam

229 1780 324 1822 tanto
355 1790 475 1822 favore
507 1790 705 1821 Romanum
739 1789 921 1822 decoravit
958 1789 1162 1834 imperium,
1199 1801 1302 1834 quam
1337 1789 1494 1834 denique
1527 1790 1802 1826 invictissimus,
1836 1789 2096 1822 christianissi-

229 1868 380 1900 musque
403 1857 621 1888 Francorum
644 1867 705 1888 rex
731 1855 887 1889 Karolus
913 1857 1067 1900 Magnus
1095 1856 1202 1888 tantis
1231 1856 1418 1888 laboribus
1450 1856 1610 1889 Parisius
1638 1856 1759 1889 intulit
1787 1863 1820 1888 et
1848 1857 2013 1895 adduxit,
2036 1857 2095 1889 illa

230 1929 427 1967 postremo,
457 1934 562 1966 quam
593 1929 642 1954 tot
669 1934 891 1955 summorum
924 1922 1150 1967 pontificum,
1173 1930 1223 1955 tot
1253 1935 1380 1968 regum
1410 1923 1527 1955 studia
1558 1923 1760 1955 coluerunt.
1794 1924 1865 1955 Nec
1896 1923 1983 1955 illud
2018 1935 2096 1967 pre-

229 1989 344 2022 teribo
380 1989 476 2033 quod
512 1989 610 2021 nulla
645 2001 800 2033 unquam
837 1989 978 2022 heresis
1014 1990 1310 2022 monstruositate
1345 1990 1518 2023 deformis
1552 1990 1664 2029 extiti,
1696 2002 1819 2022 verum
1856 1989 1951 2022 filios
1985 1990 2095 2034 genui

228 2067 372 2100 semper
406 2055 491 2087 fidei
526 2054 726 2088 orthodoxe
762 2056 956 2100 precipuos
991 2056 1230 2089 deffensores.
1262 2058 1364 2089 Nunc
1398 2068 1498 2092 vero.
1532 2056 1642 2101 proch
1673 2056 1791 2096 dolor,
1826 2069 1843 2088 a
1879 2056 2092 2100 quibusdam

228 2121 404 2167 improbis
426 2121 524 2163 filiis,
548 2133 640 2166 quos
662 2122 740 2166 ipsa
762 2122 909 2162 nutrivi,
933 2129 1103 2166 quantum
1126 2123 1162 2155 in
1184 2123 1275 2167 ipsis
1297 2130 1364 2163 est,
1387 2123 1507 2156 viliter
1527 2124 1782 2168 prostituor....

318 2188 405 2220 Dico
428 2188 539 2233 igitur
560 2188 676 2233 primo
694 2188 792 2233 quod
813 2188 883 2220 filia
902 2195 1032 2227 vestra,
1052 2195 1134 2229 etc.,
1158 2190 1347 2234 profitetur
1364 2190 1563 2222 dominium
1581 2197 1701 2222 vestre
1723 2190 1964 2223 celsitudinis,
1990 2190 2093 2230 Sane,

229 2262 328 2299 pater
355 2254 580 2295 beatissime,
611 2261 728 2287 vestra
760 2254 830 2287 filia
864 2255 1047 2299 sepedicta
1075 2262 1195 2288 vestre
1230 2256 1409 2289 sanctitati
1447 2256 1624 2289 obediens
1655 2263 1689 2289 et
1722 2256 1897 2301 subjecta,
1928 2268 1992 2289 vos
2024 2268 2095 2288 non

230 2321 348 2354 solum
377 2328 526 2366 patrem,
550 2321 614 2354 sed
644 2321 828 2354 dominum
858 2333 976 2362 suum,
1000 2334 1065 2354 nec
1094 2322 1382 2367 qualemcunque
1412 2323 1612 2363 dominum,
1636 2323 1700 2356 sed
1726 2335 1933 2368 supremum
1957 2329 1990 2355 et
2017 2323 2095 2355 uni-

227 2387 380 2420 versalis
397 2387 551 2420 ecclesie
569 2388 684 2432 capud
707 2399 884 2420 summum
904 2389 1079 2421 veraciter
1097 2395 1131 2421 et
1152 2389 1370 2422 unanimiter
1390 2389 1592 2434 profitetur.
1619 2391 1660 2422 Et
1680 2390 1762 2422 licet
1781 2390 1980 2422 Tcrencius
2003 2390 2096 2421 (licat

228 2460 311 2499 quot
330 2455 449 2499 capita
471 2460 524 2488 tot
543 2455 725 2495 sententie,
752 2461 868 2487 tamen
890 2455 1008 2487 omnia
1030 2456 1217 2500 supposita
1245 2456 1497 2489 Universitatis
1519 2456 1693 2501 predicte,
1717 2469 1929 2501 quamquam
1953 2456 2095 2488 diversa

230 2521 302 2554 sint
323 2528 357 2553 et
378 2521 601 2554 diversarum
624 2533 662 2554 ac
684 2521 787 2554 valde
817 2521 1031 2554 distancium
1061 2522 1265 2563 nacionum,
1289 2523 1324 2554 in
1353 2522 1443 2555 hanc
1470 2535 1575 2555 unam
1608 2523 1828 2555 sentenciam
1860 2523 2092 2563 conveniunt,

230 2594 264 2620 et
296 2599 390 2620 nunc
421 2588 651 2620 concorditer
682 2588 867 2621 uniuntur.
901 2588 1027 2621 Omnis
1063 2600 1150 2634 ergo
1182 2589 1340 2633 procella
1378 2590 1548 2622 mentium
1577 2591 1650 2634 jam
1685 2590 1896 2634 transquilla
1925 2589 2091 2633 quiescit,

230 2654 421 2698 omnisque
451 2654 645 2687 verborum
677 2655 859 2687 discordia
893 2656 927 2687 in
959 2655 1023 2687 hac
1059 2655 1142 2688 fidei
1177 2656 1370 2688 concordia
1405 2663 1625 2701 perseverat,
1653 2669 1670 2689 a
1702 2669 1770 2701 qua
1804 2657 1909 2688 liliam
1940 2663 2091 2688 vestram

232 2720 354 2752 nullus
377 2732 531 2765 unquam
555 2732 657 2753 error
678 2721 840 2762 seducet,
864 2721 961 2754 nulla
983 2722 1037 2754 vis
1059 2734 1214 2766 unquam
1238 2723 1417 2767 ‹lirripiet,
1435 2723 1606 2767 quinymo
1623 2723 1755 2755 vestris
1777 2734 1920 2766 semper
1940 2722 1974 2753 in
1999 2721 2093 2753 ulnis

231 2787 386 2831 sinuque
417 2793 566 2831 paterno
597 2787 803 2820 firmissima
838 2788 1026 2826 residebit,
1063 2796 1093 2821 et
1129 2801 1167 2821 se
1200 2802 1264 2834 pro
1295 2789 1402 2822 domo
1438 2789 1546 2822 [srael
1581 2801 1733 2827 murum,
1766 2789 1941 2832 quidquid
1975 2788 2095 2819 <licant

232 2853 354 2893 emuli,
373 2853 549 2897 quidquid
572 2861 797 2886 murmurent
818 2867 1053 2892 susurrones„
1072 2856 1223 2888 viriliter
1241 2856 1409 2900 opposuit
1427 2863 1459 2888 et
1480 2862 1687 2888 constanter
1704 2866 1888 2899 opponere
1913 2854 2090 2898 proponit.
