2488 3386
197 334 292 371 1378]
966 348 1012 369 ni:
1051 347 1292 370 scnlsMATiz.
1995 341 2059 373 553

200 454 340 491 1606.
370 464 544 490 Universitas
560 463 654 489 Paris.
669 463 709 489 ad
729 463 871 490 Urbanum
893 464 929 489 VJ
941 464 1029 489 mittit
1044 463 1175 496 rotulum,
1194 473 1253 489 cum
1267 472 1321 499 quo
1337 464 1430 489 nuntii
1448 465 1646 490 Universitatis
1657 466 1824 491 Avenionem
1837 466 1928 501 primo
1938 467 2062 502 profecti

282 516 357 538 sunt

1500 549 1572 578 1378,
1586 552 1648 581 post
1662 550 1717 575 «lun.
1735 551 1774 575 12.

290 635 347 658 Vid.
364 637 483 660 Auctar.
502 636 671 664 Chartul.,1‚
683 644 710 666 p.
724 637 778 662 558,
798 636 827 659 36
844 643 913 667 sqq„
931 638 956 658 et
969 643 1051 666 supra
1068 639 1096 658 n⁰
1112 636 1182 663 1419,
1201 638 1226 658 et
1243 635 1307 659 ibid.
1322 639 1375 659 not.
1392 636 1415 663 2,
1431 636 1476 658 ubi
1495 636 1526 659 de
1541 636 1770 659 vicissitudinibus
1786 638 1937 660 nuntiorum
1954 638 2064 661 Univer-

196 679 282 702 situtis
298 679 396 710 agitur.
413 680 440 703 Si
460 680 592 703 Johannes
609 680 710 703 Danton
730 680 757 702 in
777 680 863 703 rotulo
880 679 1066 703 Universitatis
1090 688 1132 703 an.
1149 680 1210 703 1379
1230 680 1332 709 scribit,
1349 688 1376 703 se
1391 680 1458 703 alias
1474 688 1484 703 ε(
1502 688 1551 711 pro
1569 681 1684 711 presenti
1703 682 1788 704 rotulo
1804 689 1815 703 »
1830 685 1889 704 ante
1904 682 2059 705 creationem

196 723 336 747 Clementis
359 724 469 747 missum
489 732 547 747 esse
569 726 669 755 (supra,
686 733 711 755 p.
731 724 796 754 258),
813 724 963 755 significare
979 724 1092 752 videtur,
1112 732 1139 747 se
1161 724 1273 747 missum
1288 732 1346 747 esse
1367 733 1378 747 (t
1399 733 1458 747 cum
1480 725 1566 747 rotulo
1587 725 1773 748 Universitatis
1794 734 1815 751 n.
1838 726 1882 756 qui
1904 729 1990 749 tamen
2011 735 2060 749 non

196 767 316 798 signatus
332 770 382 792 est.

289 812 398 835 Nuntios
414 812 501 843 primo
519 812 677 836 Avenionem
694 814 754 844 (qua
767 813 817 836 iter
833 814 917 836 facere
933 813 1053 836 solebant
1068 813 1101 836 ad
1113 814 1230 842 Romam)
1246 814 1379 844 profectos
1390 821 1456 840 esse,
1468 812 1619 844 ibidemque
1635 821 1722 836 mense
1734 813 1804 836 Julio
1817 822 1865 844 pro
1882 814 1975 845 majori
1988 818 2063 845 parte

197 857 310 885 stetisse,
327 859 438 888 apparet
451 861 503 880 en⁰
519 857 588 880 1608.
600 857 731 880 Avenione
747 865 776 880 eo
793 860 912 889 tempore
930 866 980 888 quo
996 857 1120 881 Urbanus
1136 858 1167 880 Vl
1185 858 1280 881 Romae
1296 858 1394 881 electus
1413 860 1462 886 est,
1479 861 1504 880 et
1518 860 1610 888 postea
1627 865 1709 888 usque
1725 858 1757 880 ad
1774 858 1832 881 Dec.
1850 860 1872 887 5,
1889 867 1939 889 quo
1956 859 2064 889 Egidius

197 900 228 924 de
246 901 410 924 Monteacuto
426 901 499 928 obiit,
514 909 559 924 sex
575 901 723 924 cardinales
740 902 921 925 morabantur.

203 1054 344 1092 1607.
371 1064 541 1091 Cardinales
561 1066 714 1100 Anagniae
734 1068 941 1091 commorantes
963 1064 1147 1091 Universitati
1166 1065 1274 1099 Paris„
1297 1068 1327 1090 ut
1347 1064 1496 1090 Nicolaum
1518 1064 1554 1090 de
1574 1066 1600 1090 S.
1622 1065 1776 1090 Saturnino
1795 1066 1923 1099 gratiose
1943 1067 2065 1101 recipiat

288 1117 316 1139 et
331 1113 445 1140 audiat.

1428 1150 1503 1179 1378,
1518 1150 1581 1175 dulit*
1594 1150 1629 1178 15,
1646 1149 1780 1182 Anagniae.

289 1224 501 1257 Cardinales
522 1224 706 1269 Anagnie¹
731 1224 941 1265 existentes,
959 1224 1232 1257 venerabilibus
1253 1224 1377 1256 amicis
1399 1224 1534 1257 nostris
1556 1225 1754 1257 carissimis
1776 1225 1919 1265 rectori,
1944 1225 2067 1258 docto-

201 1289 302 1322 ribus
331 1297 366 1323 et
394 1290 580 1335 magistris
612 1291 867 1324 Universitatis
898 1291 1128 1330 parisiensis,
1157 1297 1224 1323 etc.
1257 1290 1496 1324 Venerabiles
1527 1291 1631 1323 amici
1668 1291 1859 1332 carissimi,
1892 1292 2066 1324 mittimus

200 1356 243 1389 ad
272 1357 547 1389 serenissimum
579 1357 779 1402 principem
810 1357 994 1390 dominum
1024 1364 1189 1390 nostrum
1220 1369 1341 1402 regem
1370 1357 1614 1390 venerabilem
1647 1364 1681 1390 et
1709 1358 1921 1402 religiosum
1950 1359 2064 1391 virum

200 1435 294 1468 mag.
317 1423 529 1456 Nicholaum
552 1424 596 1456 de
619 1424 653 1457 S.
678 1424 908 1465 Saturnin02,
931 1424 1143 1469 magistrum
1167 1424 1299 1469 palatii,
1322 1436 1465 1456 necnon
1486 1435 1587 1456 sacre
1610 1424 1794 1469 theologie
1816 1424 2068 1469 solempnissi-

202 1501 298 1521 mum
325 1490 585 1534 professorem,
613 1490 763 1522 latorem
792 1490 1030 1535 presentium,
1060 1490 1104 1523 de
1131 1497 1255 1523 nostra
1280 1490 1482 1523 intentione
1508 1490 1670 1535 plenarie
1692 1491 1936 1532 informatum,
1960 1503 2069 1536 super

201 1555 389 1588 nonnullis
411 1556 640 1589 arduissimis
660 1557 833 1602 negotiis,
857 1556 963 1589 fidem
986 1557 1197 1590 catholicam
1218 1569 1257 1589 ac
1279 1563 1407 1589 statum
1431 1564 1659 1590 sacrosancte
1687 1559 1844 1590 Romane
1866 1564 1901 1590 et
1925 1558 2069 1590 univer-

201 1622 288 1655 salis
309 1622 464 1655 ecclesie
482 1623 775 1656 continentibus³
794 1630 828 1656 et
849 1623 1039 1656 honorem.
1063 1625 1111 1656 Ea
1133 1630 1281 1669 propter
1297 1635 1362 1656 vos
1383 1624 1686 1656 affectuosissime
1708 1624 1959 1669 deprecamur,
1984 1636 2070 1669 qua-

201 1689 299 1722 tinus
327 1695 476 1734 propter
496 1690 611 1722 Deum
633 1697 668 1723 et
695 1690 886 1723 ecclesiam
916 1702 1086 1735 sponsam
1114 1702 1213 1723 suam
1241 1690 1375 1723 dietum
1403 1702 1497 1735 mag.
1525 1690 1736 1723 Nicholanm
1763 1691 1883 1723 velitis
1912 1692 2070 1736 gratiose

202 1755 379 1800 recipere,
401 1756 610 1801 benigniter
631 1757 770 1798 audire,
792 1769 831 1789 ac
859 1757 930 1790 sibi
959 1764 1125 1802 tanquam
1153 1757 1322 1802 personis
1344 1757 1480 1789 nostris
1507 1757 1665 1802 propriis
1693 1758 1729 1789 in
1756 1758 1982 1802 exponendis
2008 1770 2072 1803 per

203 1834 283 1855 eum
315 1822 422 1855 fidem
451 1823 634 1856 credulam
663 1823 850 1865 adhibere,
878 1823 1124 1857 rescribentes
1155 1824 1191 1856 in
1219 1823 1389 1856 omnibus
1411 1823 1627 1856 fiducialiter
1648 1836 1790 1868 queque
1812 1831 1923 1869 grata.
1946 1825 2071 1858 Valete

203 1888 239 1921 in
262 1889 415 1921 Domino
438 1889 594 1923 fideliter
615 1897 650 1923 et
669 1890 801 1923 votive.
826 1891 1006 1936 Scriptum
1027 1891 1192 1936 Anagnic
1215 1891 1272 1923 die
1294 1898 1353 1923 xva
1371 1890 1505 1923 Jullii‘.

297 1987 365 2010 Bibl.
381 1990 436 2010 nat.
451 1987 535 2011 Paris.
554 1995 603 2010 ms.
620 1988 666 2011 lat.
683 1988 768 2016 14644,
781 1988 825 2011 sol.
842 1988 896 2011 177.
911 2002 938 2006 -—-
955 1988 1079 2017 Bulaeus,
1096 1989 1137 2017 lv,
1154 1989 1207 2012 465.

298 2072 319 2094 1.
344 2071 425 2094 Primi
448 2071 633 2104 cardinalium,
652 2072 683 2094 de
706 2072 834 2103 Agrisolio
853 2075 878 2095 et
902 2072 1141 2104 Pictavcnsis,ja1n
1165 2073 1190 2095 in
1213 2073 1262 2095 fine
1288 2073 1386 2104 Aprilis
1403 2073 1443 2095 vel
1465 2073 1490 2095 in
1511 2072 1642 2103 principio
1659 2072 1718 2095 Maii
1739 2072 1885 2102 Anagniam
1908 2076 2073 2095 recesserunt

204 2115 284 2144 (Bibl.
298 2118 351 2138 nat.
369 2115 463 2148 Paris„
478 2124 527 2140 ms.
544 2116 688 2144 1at.117!15,
705 2118 721 2139 s.
738 2116 812 2146 138¹¹3
833 2117 882 2143 176,
898 2117 1075 2148 depositiones
1091 2117 1210 2140 Menendi
1227 2117 1289 2140 Ord.
1308 2117 1380 2149 Min.,
1395 2121 1419 2140 et
1435 2117 1564 2140 Fernandi
1580 2117 1656 2146 Petri,
1675 2117 1765 2139 decani
1781 2117 1969 2145 Til-asonens.);
1987 2116 2072 2139 ultimi

203 2163 263 2183 ante
279 2161 376 2183 festum
395 2161 420 2183 S.
441 2160 569 2183 Johannis
592 2161 727 2191 Baptistae
746 2162 785 2189 (24
803 2161 893 2190 Junii),
915 2161 1015 2184 scilicet
1037 2162 1129 2184 Petrus
1148 2162 1179 2185 de
1201 2162 1274 2185 Luna
1294 2165 1319 2185 et
1339 2162 1519 2187 Glandatens.v
1542 2162 1585 2192 qni
1608 2161 1692 2184 tribus
1710 2161 1749 2183 vel
1774 2164 1886 2191 quatuor
1901 2161 1992 2183 (liebus
2014 2164 2072 2183 ante

204 2204 302 2227 dictum
319 2206 414 2228 festum
433 2205 541 2228 Romam
558 2205 721 2236 reliquerunt
735 2206 819 2235 (ibid,
837 2206 882 2229 fol.
897 2206 970 2233 132b;
988 2206 1063 2233 160b;
1082 2207 1144 2236 176).
1161 2220 1192 2224 -
1208 2208 1230 2229 2.
1246 2206 1304 2230 Vid.
1321 2207 1390 2229 infra
1406 2211 1435 2229 11⁰
1452 2207 1519 2229 1610.
1537 2207 1629 2229 Postea
1645 2214 1659 2228 a
1676 2206 1806 2228 Clemente
1823 2206 1867 2228 VH
1883 2208 1985 2228 creatus
1999 2206 2071 2228 card.

205 2248 267 2278 (vid.
292 2253 320 2271 n⁰
341 2249 410 2273 1280.
435 2252 489 2272 not.
513 2251 546 2279 5),
569 2258 627 2272 cuni
652 2250 768 2281 primum
793 2250 826 2273 ab
849 2250 956 2274 Urbano
981 2251 1013 2273 Vl
1036 2251 1229 2274 cardinalatum
1250 2251 1435 2282 acceptaverit.
1461 2251 1506 2273 sed
1526 2253 1618 2281 postea
1641 2250 1848 2273 renuntiaverit:
1868 2258 1878 2271 t<
1899 2250 1967 2273 dom.
1993 2250 2022 2272 N.
2042 2250 2073 2272 de

206 2293 231 2316 S.
251 2293 392 2316 Saturnino
409 2295 469 2322 (ms.
483 2301 492 2317 :
506 2294 651 2323 Severinu),
665 2294 709 2325 qui
725 2295 827 2325 capello
848 2295 880 2317 ab
896 2295 954 2325 ipso
973 2295 1099 2325 (Urbano)
1117 2299 1221 2326 recepto
1237 2295 1390 2326 aliquandiu
1406 2304 1453 2326 pro
1473 2295 1599 2318 cardinali
1616 2303 1642 2317 se
1663 2297 1790 2325 gesserat,
1811 2294 1915 2317 tandein
1937 2294 2071 2317 veritatem

205 2345 350 2368 agnoscens
367 2341 464 2361 statum
481 2338 560 2361 simul
576 2347 634 2361 curn
648 2339 749 2370 capello
766 2339 863 2370 rejecit,
883 2343 1032 2362 exsecratus
1049 2340 1222 2363 intrusionem
1242 2340 1375 2364 Barensis.
1389 2343 1415 2362 nt
1428 2343 1499 2370 patet
1513 2348 1559 2370 per
1570 2339 1677 2370 publica
1691 2339 1865 2361 instrumenta
1878 2348 1887 2360 ι]
1903 2339 1988 2367 (Arch.
2004 2339 2072 2363 vat..

205 2390 271 2405 arm.
284 2383 320 2407 54.
339 2387 367 2405 n⁰
382 2384 420 2412 49,
436 2384 453 2406 f.
466 2383 530 2412 14¹³).
544 2383 700 2408 Cf.13nluze.
721 2383 772 2407 Vit.
787 2391 852 2414 pap.
872 2386 968 2411 Amen.5
986 2385 1005 2412 I,
1021 2385 1114 2415 p.l191.
1130 2398 1160 2401 -
1175 2386 1197 2407 3.
1215 2385 1262 2408 Ms.
1283 2393 1287 2407 z
1305 2395 1314 2407 u
1333 2384 1463 2407 contincn.
1480 2392 1489 2405 ›»
1506 2385 1570 2406 -ιί.
1586 2384 1644 2407 Bul,
1661 2383 1780 2414 adjungit
1799 2393 1802 2403 z
1826 2391 1867 2405 an.
1884 2384 1943 2405 1378
1958 2392 1978 2405 ν.

212 2531 352 2568 1608.
376 2541 527 2567 Mar-silius
543 2541 578 2567 de
595 2542 710 2576 Inglzen,
733 2543 850 2568 nuntius
872 2543 1070 2568 Universitatis
1088 2544 1194 2577 Paris.,
1213 2543 1250 2568 ab
1267 2543 1331 2579 ipsa
1347 2543 1418 2577 petie
1435 2542 1504 2577 quid
1519 2542 1576 2567 sibi
1594 2541 1760 2575 faciendum
1777 2542 1803 2567 in
1826 2545 1994 2577 Iempestate
2011 2541 2071 2571 illa,

295 2598 369 2624 quae
383 2594 449 2626 post
464 2590 578 2625 aliquos
595 2600 704 2617 menses
717 2595 840 2627 peracta
857 2591 994 2617 electione
1013 2592 1121 2618 Urbani
1142 2593 1177 2617 Vl
1190 2593 1305 2621 Romae,
1324 2594 1389 2620 οἱα,
1404 2591 1514 2616 saeviit.

1469 2672 1544 2700 1378,
1561 2672 1622 2696 dulit·
1633 2672 1677 2700 27,
1698 2672 1789 2696 Tibure,

296 2744 578 2778 Venerabilibus
605 2753 639 2778 et
665 2747 834 2779 discretis
855 2747 943 2780 viris
973 2747 1105 2779 rectori
1134 2754 1167 2779 et
1198 2746 1367 2779 omnihus
1396 2746 1539 2778 nunciis
1564 2746 1816 2778 Universitalis
1845 2745 2073 2781 l‘arisiensis,

210 2810 368 2843 dominis
390 2818 425 2844 et
445 2813 629 2857 magistris
651 2813 728 2845 suis
755 2814 978 2858 predilectis.
1008 2813 1210 2846 Reverendi
1234 2813 1397 2857 magistri
1420 2813 1488 2844 mei
1511 2819 1544 2844 et
1567 2812 1703 2844 domini
1726 2812 1942 2855 singulares,
1967 2823 2076 2843 nove-

210 2877 288 2909 ritis
311 2890 365 2909 me
387 2878 522 2911 Tibure
544 2879 578 2911 in
604 2880 785 2912 territorio
809 2882 1066 2915 Romanorum,
1094 2879 1155 2912 ubi
1188 2892 1251 2924 pro
1280 2892 1373 2911 nunc
1401 2886 1454 2911 est
1482 2890 1582 2923 papa,
1606 2890 1730 2910 sanum
1754 2878 1915 2922 quamvis
1938 2877 2073 2909 tristem

333 2938 379 2954 Η*
398 2937 493 2962 Chart.
518 2937 585 2961 Univ
612 2937 705 2961 Paris.
725 2938 771 2961 111.
1922 2936 1950 2957 70
