2488 3386
417 306 481 338 374
988 315 1306 336 CHARTULAmUM
1341 313 1532 335 UNWERS.
1570 312 1700 334 rmus.
2018 303 2020 305 ’
2184 296 2283 332 [1385

418 396 477 415 non
494 389 548 414 suit
564 391 659 422 postea
676 391 791 415 vocatus
808 390 844 415 ad
859 397 1004 415 cameram
1020 391 1053 415 ut
1069 391 1110 415 est
1125 389 1223 414 moris.
1241 389 1438 421 Interrogatus
1458 388 1479 413 si
1495 388 1543 413 scit
1558 395 1674 413 causam
1692 394 1783 419 quare
1801 393 1860 411 non
1877 385 1931 410 suit
1949 385 2073 412 vocatus,
2091 383 2239 417 respondit
2256 390 2284 409 se

418 438 539 466 nescire:
558 439 654 463 tamen
676 438 766 464 credit
787 439 868 471 quod
890 439 911 464 si
933 438 1067 464 voluisset
1087 438 1165 467 dare,
1183 438 1282 463 suisset
1297 439 1423 465 vocatus.
1438 438 1466 462 et
1489 436 1634 461 habuisset
1656 436 1754 461 locum
1777 434 1851 460 sicut
1875 434 1933 463 alii,
1955 433 2077 459 reddens
2096 440 2212 458 causam
2233 439 2284 458 sue

417 486 603 515 credulitatis,
620 487 689 519 quia
704 487 850 519 predictus
866 487 1034 520 Flamingus
1048 487 1158 513 dixerat
1174 487 1225 512 sibi
1242 486 1326 512 verba
1342 486 1479 519 predicta,
1495 485 1674 518 subjungens
1689 483 1769 517 quod
1784 483 1839 508 suit
1854 483 2020 509 licenciatus
2035 482 2136 508 eodem
2153 483 2285 514 tempore

418 535 446 560 in
462 535 563 560 Sancta
580 535 731 561 Genovesa.
747 536 846 561 Cetera
868 536 899 561 in
921 536 999 561 dicto
1020 536 1142 561 articulo
1157 537 1294 561 contenta
1309 535 1379 560 dixit
1405 542 1433 559 50
1458 534 1601 566 ignorare,
1619 533 1673 558 nisi
1695 533 1785 565 prout
1805 532 1881 557 sama
1897 531 2013 565 publica
2032 532 2073 556 est
2091 530 2126 556 de
2141 530 2285 556 contentis

418 584 448 609 in
462 584 528 616 ipsis
542 584 573 609 in
589 584 650 609 vico
666 584 893 610 Straminum....

505 632 564 666 xxj.
585 633 657 658 Item
673 633 810 666 magister
826 633 989 659 δτι-1111111105
1005 641 1040 658 m:
1056 633 1258 661 CALvomoxrrz,
1276 633 1413 665 magister
1432 632 1461 657 in
1475 631 1585 657 artibus
1603 632 1631 657 et
1654 631 1683 656 in
1704 629 1849 662 theologia
1865 630 1991 663 Juratus,
2008 630 2074 656 etc..
2090 628 2286 661 interrogatus

418 689 504 714 super
522 681 635 707 decimo
650 682 772 707 articulo
787 682 930 715 deposuit,
954 690 982 708 se
1003 682 1070 707 alias
1091 682 1254 715 deposuisse
1277 689 1373 707 coram
1394 680 1540 714 deputatis
1554 679 1753 705 Universitatis
1774 686 1861 712 super
1882 678 2003 704 materia
2024 677 2209 703 discensionis
2223 678 2286 703 orte

418 729 494 755 inter
507 730 728 755 Universitatem
743 732 771 756 et
786 731 1001 759 cancellarium,
1018 730 1053 755 ad
1069 738 1158 763 quam
1175 730 1385 763 depositionem
1401 737 1428 755 se
1443 730 1539 756 refert,
1556 730 1657 762 petens
1674 735 1738 753 eam
1754 727 1806 752 sibi
1825 727 1891 760 legi,
1906 729 1940 752 ut
1955 726 2023 752 inde
2037 726 2182 759 deponere
2195 725 2285 751 valeat

419 778 581 804 secundum
597 779 676 812 quod
690 779 802 804 noverit
816 781 844 805 et
860 779 1032 804 memoriam
1049 778 1183 804 habuerit
1198 779 1233 804 de
1248 778 1392 804 contentis
1406 778 1437 803 in
1453 778 1521 811 ipsa.
1538 777 1714 810 Cuiquidem
1737 776 1801 802 testi
1817 776 1855 802 sic
1874 775 2035 809 requirenti
2054 775 2110 800 suit
2125 774 2196 800 lecta
2210 781 2285 808 que-

418 826 487 852 dam
503 827 654 859 scriptura‚
671 835 728 860 que
741 827 890 853 dicebatur
905 836 955 860 per
972 827 1183 861 producentem
1198 835 1255 853 esse
1270 827 1414 860 deposicio
1428 826 1497 852 dicti
1512 826 1599 852 testis.
1618 826 1708 858 Cujus
1723 826 1808 851 tenor
1822 825 1886 850 talis
1899 826 1951 853 est.
1966 824 2096 850 videlicet
2111 832 2117 849 ε

509 875 706 901 «Venerabilis
720 876 762 901 vir
772 876 908 909 magister
921 876 1084 909 Stephanus
1096 876 1132 901 de
1146 876 1344 904 Calvomonte,
1358 875 1494 907 magister
1508 875 1539 900 in
1553 874 1664 900 artibus
1679 876 1707 900 et
1722 874 1877 907 theologia,
1890 873 2033 906 deposuit,
2050 872 2191 898 audivisse
2205 871 2286 905 quod

419 924 506 949 frater
520 924 694 950 Guillelmus
708 925 744 950 de
763 925 883 950 Roseriis
903 925 982 950 dedit
1002 925 1170 950 cancellario
1190 933 1282 950 unam
1297 924 1421 950 caudam
1435 924 1493 949 vini
1513 924 1548 950 de
1571 924 1668 952 Belua,
1685 924 1775 956 prout
1791 923 1850 956 ipse
1866 923 1953 948 frater
1969 922 2144 947 Guillelmus
2158 922 2193 946 ut
2213 919 2287 946 dixit

420 972 493 999 bene
507 973 574 998 sciet
588 973 741 1005 deponere.
759 974 831 999 Item
849 975 877 999 et
892 974 960 1007 quia
979 974 1105 999 relatum
1124 975 1184 999 erat
1203 973 1360 1007 deponenti
1376 973 1411 999 de
1426 981 1487 998 uno
1502 972 1644 1006 religioso,
1662 972 1742 1005 quod
1758 972 1876 998 dederat
1891 972 2012 997 centum
2032 971 2154 999 francos,
2177 969 2229 995 ivit
2250 968 2287 995 ad

421 1029 490 1047 eum
501 1020 519 1038 '¹
535 1023 563 1047 et
579 1021 663 1054 peciit
678 1022 699 1047 si
715 1024 775 1047 erat
790 1030 903 1050 verum.
920 1030 988 1048 cum
1003 1023 1148 1048 diceretur
1168 1022 1291 1055 publice.
1312 1022 1365 1048 Cui
1387 1022 1573 1048 cancellarius
1594 1021 1743 1054 respondit
1764 1028 1833 1046 cum
1852 1020 2032 1053 juramento,
2049 1019 2129 1052 quod
2150 1026 2210 1044 non
2226 1018 2288 1044 erat

421 1078 532 1095 verum.
551 1070 585 1095 Et
600 1071 790 1103 postmodum
806 1071 865 1103 ipse
879 1071 1028 1103 deponens
1043 1071 1093 1096 ivit
1107 1072 1143 1096 ad
1159 1071 1242 1096 illum
1258 1071 1310 1104 qui
1325 1071 1475 1096 dicebatur
1489 1071 1608 1099 dedisse,
1624 1077 1715 1103 quem
1737 1069 1890 1095 nominare
1910 1069 2006 1094 noluit
2029 1068 2098 1101 quia
2117 1067 2242 1093 habebat
2256 1067 2287 1093 in

419 1118 605 1147 confessione,
623 1120 651 1144 et
673 1119 761 1144 modo
781 1120 867 1145 simili
887 1120 1026 1152 premissa
1047 1128 1194 1153 exponens
1210 1120 1261 1145 sibi
1277 1120 1324 1145 ille
1344 1120 1493 1152 religiosus
1514 1119 1674 1152 respoudit,
1691 1118 1771 1152 quod
1794 1126 1854 1144 non
1876 1117 1994 1143 dederat
2016 1118 2153 1150 quartam
2175 1117 2287 1150 partem

418 1167 538 1192 illorum
554 1169 674 1192 centum
690 1168 868 1193 francorum.
885 1169 958 1194 Item
972 1170 1000 1194 et
1015 1169 1088 1194 dixit
1102 1169 1137 1194 de
1150 1169 1357 1201 Augustinensi
1374 1169 1403 1193 in
1419 1169 1526 1194 ultimo
1539 1169 1601 1194 loco
1617 1176 1695 1193 anno
1707 1167 1834 1200 presenti
1853 1166 2013 1195 licenciato,
2028 1166 2109 1199 quod
2121 1165 2156 1191 de
2171 1173 2204 1191 eo
2216 1165 2289 1191 dixit

420 1215 450 1240 in
466 1215 550 1248 plena
563 1217 786 1248 congregatione
801 1217 875 1242 dicte
893 1217 1046 1247 facultatis,
1063 1218 1143 1250 quod
1160 1226 1315 1251 nunquam
1331 1218 1511 1251 deposuerat,
1528 1217 1563 1243 de
1585 1224 1645 1250 quo
1667 1217 1743 1242 male
1758 1216 1984 1242 contentabatur
1998 1217 2027 1241 et
2041 1216 2243 1243 contentatur:
2259 1215 2288 1240 et

422 1264 457 1289 de
472 1264 604 1297 pluribus
618 1265 679 1290 aliis
701 1265 790 1291 credit
811 1266 891 1298 quod
912 1274 971 1291 non
992 1266 1158 1299 deposuerit
1180 1274 1231 1292 nec
1246 1267 1389 1299 deponere
1413 1266 1468 1291 fuit
1492 1266 1657 1299 requisitus.
1684 1265 1719 1291 Et
1743 1265 1824 1298 quod
1847 1265 1878 1290 iu
1901 1264 2075 1290 conscientia
2090 1263 2191 1292 credit.
2207 1262 2288 1296 quod

420 1312 558 1338 dominus
573 1313 759 1339 cancellarius
774 1322 833 1339 non
847 1314 1024 1340 ordinaverit
1036 1315 1071 1341 de
1083 1315 1150 1341 locis
1161 1315 1379 1341 licenciatornm
1391 1317 1478 1348 prout
1491 1315 1625 1340 credebat
1637 1314 1766 1340 ordinari
1777 1313 1890 1343 debere,
1903 1313 2047 1346 quamvis,
2061 1314 2095 1338 ut
2109 1312 2217 1341 asserit.
2229 1311 2289 1345 ipse

419 1361 557 1386 dominus
570 1362 755 1388 cancellarius
769 1362 805 1388 sit
818 1363 912 1388 honus
924 1365 951 1389 et
967 1363 1095 1396 prudens
1110 1364 1140 1389 in
1156 1364 1261 1389 talibus
1276 1366 1304 1389 et
1320 1364 1415 1389 multo
1435 1364 1604 1397 majoribus.
1622 1364 1695 1389 Item
1715 1365 1743 1389 et
1758 1363 1869 1388 audivit
1888 1362 1969 1395 quod
1991 1361 2128 1395 magister
2142 1361 2290 1387 Johannes

421 1410 517 1435 Solatii
534 1410 664 1443 pulsatus
680 1411 735 1436 suit
749 1411 785 1436 ad
807 1412 940 1437 dandum
963 1413 1124 1445 peccunias
1148 1421 1179 1438 ac
1202 1413 1291 1439 credit
1309 1400 1388 1446 quod
1405 1413 1425 1438 si
1441 1413 1573 1441 dedisset,
1588 1412 1756 1438 licenciatus
1775 1412 1883 1439 suisset,
1900 1419 1969 1436 cum
1985 1412 2083 1436 tamen
2100 1412 2134 1435 ut
2148 1409 2239 1436 credit
2253 1409 2290 1435 sit

422 1458 515 1484 bonus
530 1460 558 1484 et
573 1459 718 1485 sufficiens
732 1460 863 1486 moribus
878 1462 906 1486 et
921 1461 1048 1490 scientia,
1065 1463 1093 1486 et
1108 1469 1176 1487 eum
1193 1462 1282 1487 sciens
1297 1470 1354 1487 esse
1369 1462 1456 1487 talem
1475 1463 1503 1487 et
1518 1461 1717 1487 bachalarium
1733 1468 1832 1489 suum,
1849 1459 2024 1493 presentavit
2038 1459 2160 1485 domino
2175 1458 2289 1484 cancel-

421 1507 491 1532 lario
514 1515 568 1540 pro
592 1508 708 1533 licencia
733 1508 905 1537 obtinenda:
933 1511 1030 1535 tamen
1056 1510 1162 1543 injuste
1188 1511 1243 1535 suit
1267 1510 1461 1544 requisitus¹²,
1485 1511 1519 1536 Et
1541 1510 1576 1536 de
1598 1510 1737 1543 magistro
1759 1509 1893 1535 Johanne
1913 1509 1948 1534 de
1970 1509 2086 1541 Quercu
2105 1507 2188 1536 dixit.
2209 1507 2289 1540 quod

422 1563 568 1588 magnum
585 1557 754 1582 scandalum
771 1558 826 1583 suit
845 1557 880 1583 de
896 1559 969 1583 sacto
985 1566 1046 1587 suo,
1061 1567 1129 1584 cum
1153 1560 1239 1585 suerit
1261 1560 1418 1592 impeditus
1440 1560 1469 1585 in
1491 1559 1657 1592 magisterio
1672 1560 1735 1592 post
1751 1558 1900 1591 vesperias.
1919 1559 1948 1583 et
1967 1558 2086 1591 propter
2098 1556 2290 1590 cupiditatem

423 1605 642 1637 peccuniarum.
660 1606 856 1639 Interrogatus
878 1607 965 1632 etiam
981 1607 1016 1632 de
1032 1608 1167 1633 facultate
1181 1608 1300 1637 artium,
1317 1608 1425 1633 audivit
1446 1608 1525 1641 quod
1541 1608 1693 1634 abusiones
1714 1609 1742 1634 et
1763 1607 1966 1640 corruptiones
1990 1606 2119 1632 suerunt.
2143 1605 2178 1631 Et
2199 1604 2290 1631 credit

422 1653 501 1685 quod
516 1653 551 1679 de
567 1654 622 1679 hoc
635 1655 663 1679 et
678 1655 821 1687 premissis
835 1655 974 1681 omnibus
988 1657 1016 1681 et
1039 1656 1160 1689 singulis
1182 1665 1233 1690 per
1249 1665 1318 1682 eum
1334 1657 1469 1690 depositis
1482 1657 1517 1682 sit
1534 1658 1608 1682 sama
1624 1657 1750 1690 publica.
1769 1656 1906 1689 Dixitque
1921 1655 1996 1680 male
2012 1655 2122 1680 sactum
2137 1661 2194 1680 esse
2209 1653 2291 1687 quod

424 1709 483 1727 non
498 1702 612 1734 legatur
627 1703 794 1729 bachalariis
808 1704 839 1729 in
854 1704 973 1734 artibus,
989 1705 1040 1738 qui
1054 1705 1161 1731 debent
1175 1706 1327 1735 licenciari,
1343 1706 1420 1731 bulla
1436 1714 1494 1739 que
1510 1706 1573 1732 facit
1590 1706 1773 1731 mentionem
1788 1705 1824 1731 de
1843 1704 2053 1730 insormacione
2068 1705 2096 1729 et
2115 1702 2291 1728 inhibitione

421 1750 569 1775 abusuum
585 1751 614 1776 in
631 1751 690 1784 ipsa
706 1752 841 1778 facultate
856 1753 975 1781 artium,
992 1754 1060 1786 quia
1075 1754 1183 1779 audivit
1200 1755 1279 1787 quod
1300 1763 1359 1780 non
1380 1755 1496 1788 legitur,
1521 1755 1594 1780 sicut
1616 1755 1710 1780 suerat
1728 1754 1797 1780 alias
1818 1755 2008 1781 consuetum
2024 1754 2053 1778 et
2068 1752 2158 1778 credit
2172 1751 2254 1785 quod
2267 1751 2290 1777 st

421 1798 520 1824 suisset
542 1799 623 1828 lecta,
648 1800 803 1826 bachalarii
825 1809 852 1827 se
873 1802 1063 1834 precavissent
1084 1803 1119 1828 de
1140 1803 1247 1832 dando,
1264 1805 1317 1829 etc.
1341 1804 1375 1829 Et
1396 1804 1427 1829 in
1449 1804 1548 1830 ceteris
1571 1804 1766 1836 interrogatus
1786 1803 1859 1828 dixit
1882 1810 1911 1828 se
1933 1801 2023 1828 nichil
2044 1801 2124 1827 aliud
2145 1801 2216 1826 scire
2237 1807 2291 1826 nec

423 1847 573 1873 audivisse.
586 1858 599 1871 υ

512 1897 575 1929 Qua
590 1897 642 1922 sibi
666 1897 736 1923 lecta
757 1899 785 1923 et
806 1906 857 1931 per
876 1906 945 1924 eum
966 1899 1109 1925 intellecta
1131 1901 1264 1934 deposuit
1286 1901 1393 1927 dictam
1416 1902 1589 1935 scripturam
1606 1902 1665 1927 sore
1680 1901 1895 1934 deposicionem
1910 1908 1993 1926 suam
2014 1899 2184 1933 predictam.
2201 1897 2291 1924 nichil

423 1944 531 1973 addito.
547 1945 635 1971 nichil
652 1948 774 1976 remoto,
796 1948 872 1973 salvo
894 1948 973 1981 quod
997 1949 1027 1973 in
1044 1951 1125 1982 parte
1144 1949 1174 1975 in
1194 1957 1251 1982 qua
1274 1950 1339 1976 facit
1355 1951 1536 1976 mentionem
1552 1951 1587 1976 de
1603 1951 1741 1983 magistro
1756 1950 1890 1975 Johanne
1906 1949 2017 1976 Solacii.
2034 1948 2073 1974 ibi
2088 1947 2139 1973 ubi
2154 1947 2289 1975 habetur.

425 2004 437 2016 «
452 1995 550 2019 tamen
566 1994 673 2027 injuste
689 1995 744 2020 suit
759 1996 915 2029 requisitus
930 2007 953 2025 ι),
970 1997 1054 2023 debet
1069 2006 1126 2023 esse
1142 2007 1147 2024 :
1168 2009 1181 2021 (ι
1196 2000 1294 2024 tamen
1314 1999 1421 2032 injuste
1437 2000 1491 2025 suit
1512 2000 1645 2033 repulsus
1659 2010 1683 2027 n,
1701 2001 1734 2025 ut
1749 2000 1808 2032 ipse
1824 1999 1923 2025 credit.
1940 1998 1976 2024 Et
1997 1998 2037 2023 ibi
2057 1997 2108 2023 ubi
2130 1997 2164 2022 fit
2179 1996 2291 2022 mentio

423 2042 458 2067 de
473 2042 611 2075 magistro
626 2042 758 2069 Johanne
773 2044 808 2070 de
827 2045 952 2077 Quercu.
970 2046 1142 2072 ubidicitur
1159 2057 1171 2070 «
1191 2055 1259 2072 cum
1276 2048 1360 2074 fuerit
1382 2048 1540 2082 impeditus
1556 2049 1585 2074 in
1606 2048 1772 2081 magisterio
1795 2059 1820 2077 »,
1843 2047 1969 2073 declarat
1991 2047 2050 2080 ipse
2071 2046 2123 2079 qui
2147 2045 2290 2078 loquitur.

424 2091 504 2123 quod
515 2099 575 2116 non
587 2092 642 2117 suit
653 2093 779 2118 totaliter
793 2093 952 2126 impeditus
966 2095 997 2120 in
1013 2095 1188 2128 magisterio,
1199 2097 1267 2129 quia
1277 2096 1423 2132 ssnali[ter]
1433 2098 1487 2123 fuit
1501 2098 1592 2123 sactus
1604 2098 1754 2130 magister:
1770 2097 1879 2122 multas
1890 2098 1989 2122 tamen
1998 2095 2143 2121 molestias
2158 2093 2224 2120 fecit
2239 2093 2292 2119 sibi

423 2140 609 2165 cancellarius
621 2143 779 2174 antequam
793 2142 1020 2175 adliipisceretur
1034 2145 1245 2177 magisterium,
1258 2153 1290 2171 eo
1304 2146 1372 2179 quia
1388 2154 1447 2171 non
1461 2146 1539 2172 dedit
1553 2147 1605 2172 sibi
1619 2147 1781 2180 peccunias,
1795 2147 1884 2179 prout
1896 2145 1955 2178 ipse
1968 2144 2020 2178 qui
2035 2143 2169 2177 loquitur
2181 2142 2292 2168 audivit

424 2195 439 2213 a
454 2188 530 2213 dicto
546 2190 684 2222 magistro
699 2190 831 2216 Johanue
846 2191 882 2217 (le
897 2192 1011 2224 Quercu
1027 2195 1082 2219 eta
1098 2194 1232 2226 pluribus
1247 2195 1317 2220 aliis.
1335 2196 1531 2228 Interrogatus
1546 2196 1581 2221 (10
1598 2196 1718 2221 1101111110
1733 2195 1810 2220 1111115
1825 2194 1992 2227 Augustini,
2005 2193 2040 2219 de
2053 2200 2114 2226 quo
2129 2193 2163 2217 fit
2177 2191 2292 2218 mencio

424 2236 454 2261 in
469 2237 544 2262 dicta
558 2238 738 2270 deposicione
754 2247 814 2268 sua,
830 2240 961 2273 deposuit
985 2249 1013 2266 se
1034 2250 1093 2267 non
1115 2243 1267 2268 recordari.
1286 2244 1483 2277 Interrogatus
1499 2253 1589 2278 quare
1604 2245 1694 2270 credit
1714 2244 1795 2277 quod
1817 2244 1914 2277 plures
1935 2242 2076 2269 licenciati
2099 2242 2220 2267 suerunt
2241 2248 2292 2274 per

424 2286 638 2315 cancellarium,
654 2287 689 2312 de
703 2288 810 2320 quibus
823 2289 881 2322 ipse
897 2290 948 2322 qui
963 2290 1096 2323 loquitur
1109 2299 1168 2317 non
1182 2292 1326 2325 deposuit,
1343 2294 1489 2326 respondit
1507 2294 1587 2327 quod
1602 2301 1655 2326 pro
1668 2301 1701 2319 eo
1717 2293 1817 2321 credit,
1834 2292 1903 2326 quia
1918 2291 2038 2325 quando
2052 2290 2112 2324 ipse
2128 2290 2183 2315 suit
2198 2289 2290 2315 inter-

425 2335 541 2366 rogatus
557 2334 586 2359 in
602 2335 708 2360 ultimo
720 2337 830 2369 jubileo
845 2338 880 2363 de
895 2338 1088 2367 licenciandis,
1103 2340 1203 2366 debuit
1220 2341 1392 2374 interrogari
1408 2343 1594 2375 singulariter
1606 2343 1641 2368 de
1654 2343 1786 2376 quolibet
1799 2341 1979 2367 licenciando
1994 2347 2081 2373 super
2096 2339 2163 2372 iiijor
2176 2337 2292 2372 punctis

425 2382 563 2407 examinis
578 2385 611 2408 ut
627 2385 715 2410 moris
730 2387 779 2413 est,
799 2387 827 2411 et
848 2388 947 2412 tamen
967 2388 997 2412 in
1020 2389 1133 2414 modico
1156 2390 1250 2422 spacio
1271 2390 1366 2416 dictus
1385 2391 1571 2417 cancellarius
1593 2392 1659 2417 fecit
1674 2391 1916 2423 interrogationes
1930 2389 1984 2422 ipsi
1999 2389 2051 2422 qui
2066 2387 2208 2421 loquitur,
2222 2386 2292 2420 quia

425 2431 541 2463 tempus
556 2433 615 2456 erat
638 2433 778 2464 hyemale,
800 2435 965 2467 pluviosam
981 2438 1007 2462 et
1028 2438 1199 2467 serotinum,
1215 2441 1240 2464 et
1258 2439 1287 2464 in
1305 2441 1364 2464 tam
1381 2440 1495 2465 modico
1511 2440 1606 2473 spacio
1621 2440 1784 2466 secundum
1801 2439 1949 2472 judicium
1965 2438 2054 2471 ipsius
2069 2436 2216 2469 loquentis
2231 2443 2291 2461 non

426 2480 586 2511 potuerunt
602 2481 662 2505 fieri
685 2481 923 2514 interrogationes
943 2486 967 2509 01
993 2487 1190 2518 responsiones
1212 2488 1388 2513 sufficienter
1404 2497 1454 2521 per
1469 2489 1597 2514 eundem
1620 2489 1671 2522 qui
1693 2489 1827 2521 loquitur
1840 2488 1876 2514 de
1892 2487 1936 2520 xvj
1956 2485 2135 2514 bachalariis,
2152 2484 2205 2518 qui
2220 2486 2293 2510 tunc
2312 2486 2314 2489 '

426 2527 543 2553 suerunt
561 2528 710 2558 licenciati,
725 2533 812 2562 prout
828 2533 928 2559 credit.
945 2535 969 2558 01
988 2534 1057 2566 quia
1072 2535 1182 2560 audivit
1200 2544 1215 2561 a
1231 2537 1364 2569 pluribus
1377 2537 1437 2563 aliis
1453 2538 1597 2570 n‘iagistris
1612 2538 1691 2570 quod
1708 2545 1768 2563 non
1786 2538 1906 2562 suerunt
1925 2534 2095 2567 interrogati
2115 2533 2293 2559 sufficienter

425 2575 460 2601 de
476 2576 608 2608 pluribus
623 2577 800 2603 bachalariis.
818 2580 1014 2614 Interrogatus
1036 2584 1106 2615 quid
1123 2585 1250 2610 continet
1268 2585 1315 2610 illa
1331 2586 1410 2610 bulla
1433 2594 1523 2619 quam
1541 2586 1673 2619 deposuit
1692 2587 1750 2612 sore
1766 2586 1920 2618 legendam
1940 2583 2109 2610 hachalariis
2124 2583 2154 2608 in
2170 2581 2290 2610 artibus.

425 2624 496 2649 dixit
509 2625 589 2657 quod
605 2626 731 2652 continet
756 2627 831 2653 inter
846 2631 937 2655 cetera
958 2631 1194 2660 substantialiter,
1212 2634 1290 2666 quod
1315 2634 1468 2659 bachalarii
1482 2635 1580 2667 jurent
1599 2643 1626 2660 50
1640 2635 1729 2660 nichil
1745 2635 1864 2660 daturos
1876 2633 2047 2660 cancellario
2062 2632 2106 2658 vel
2123 2630 2292 2657 subcancel-

426 2672 496 2697 lario
510 2675 560 2698 aut
575 2674 636 2706 ejus
652 2675 758 2700 familie
773 2684 821 2701 5011
838 2678 1062 2710 temptatoribus
1078 2688 1130 2712 pro
1146 2682 1347 2714 temptamine.
1365 2683 1496 2708 examine
1510 2685 1536 2708 et
1552 2684 1680 2712 licencia,
1696 2691 1753 2716 que
1768 2683 1848 2708 bulla
1861 2682 2011 2708 consuevit
2028 2681 2084 2714 legi
2101 2680 2131 2705 in
2150 2678 2293 2713 principio

425 2721 573 2750 examinis,
588 2722 710 2748 reddens
722 2731 836 2749 causam
851 2733 900 2751 sue
916 2727 1040 2757 scientie,
1056 2729 1123 2760 qnia
1140 2731 1271 2762 tempore
1286 2738 1346 2763 quo
1360 2731 1413 2756 suit
1430 2732 1670 2757 subcancellarius
1686 2732 1829 2757 deffuncti
1845 2731 1975 2763 magistri
1991 2729 2133 2755 Johannis
2144 2729 2180 2754 de
2192 2727 2293 2753 Calore

426 2769 628 2802 predecessoris
648 2771 716 2797 dicti
737 2774 907 2803 cancellarii,
925 2775 983 2807 ipse
1003 2777 1052 2808 qui
1075 2777 1206 2809 loquitur
1222 2778 1290 2803 vidit
1314 2781 1339 2804 et
1366 2780 1434 2812 legit
1452 2781 1618 2813 frequenter
1633 2781 1742 2806 dictam
1757 2781 1880 2809 bullam,
1897 2781 1925 2806 et
1941 2781 2002 2804 toto
2018 2780 2149 2811 tempore
2162 2784 2222 2810 quo
2237 2776 2293 2801 suit

426 2817 679 2848 vicecancellarius,
698 2820 767 2846 lecta
785 2822 839 2847 suit
855 2822 933 2848 bulla
954 2824 1011 2856 ipsa
1029 2825 1208 2851 bachallariis
1224 2829 1290 2852 ante
1307 2829 1423 2861 tempus
1438 2829 1564 2855 110011010.
1577 2829 1656 2862 quod
1673 2829 1746 2854 sicut
1761 2837 1847 2862 supra
1860 2828 1994 2862 deposuit
2011 2826 2159 2852 hodiernis
2174 2827 2291 2858 tempo-

426 2866 504 2890 ribus
519 2868 717 2894 communiter
734 2877 791 2894 non
808 2873 947 2898 servatur.
963 2874 993 2897 ut
1011 2874 1166 2899 audivit...
