2488 3386
440 359 505 391 340
1012 366 1330 389 CHARTULAfflUM
1366 365 1556 386 UNIVERS.
1594 365 1724 386 lunis.
2205 352 2303 388 [1385

604 517 663 548 Lls
685 517 958 548 Umvsnsrrms
979 516 1095 547 PAms.
1119 525 1252 546 (zoaras
1272 514 1463 546 JOHANNEM
1486 513 1709 546 Bmscnim.
1733 523 2000 545 CANOELLARmM
2024 513 2142 545 Pinus.

1194 593 1324 622 (Continet
1338 596 1375 615 n⁰⁵
1390 592 1545 621 1504-1522.)

532 679 615 703 Litem
631 688 676 702 seu
698 679 825 702 actionem
842 678 1027 702 Universitatis
1042 681 1131 700 contra
1148 676 1334 699 cancellarium
1357 676 1416 698 Joh.
1442 675 1585 698 Blanchart
1610 675 1744 707 hucusque
1767 676 1810 699 vix
1830 680 2017 707 cognoverunt,
2039 677 2101 700 licet
2120 681 2181 700 tunc
2200 684 2302 700 omnem

440 725 519 747 aliam
535 724 607 747 litem
623 725 693 747 fama
711 723 884 755 superaverit.
903 723 940 746 Ab
956 722 1064 753 antiqua
1081 721 1255 744 aemulatione
1273 720 1404 743 facultatis
1420 719 1527 749 artium,
1543 720 1675 751 imprimis
1691 720 1809 749 rectoris,
1826 729 1884 744 cum
1900 721 2057 744 cancellario
2072 721 2156 745 Paris.
2174 721 2302 752 originem

440 768 521 791 duxit.
537 769 604 791 Sane
619 776 716 799 negare
729 767 860 796 nolumus,
873 766 1058 789 cancellarium
1072 766 1217 788 Johannem
1234 764 1376 788 Blanchart
1391 764 1417 787 in
1431 764 1641 787 administrando
1654 773 1761 788 munere
1777 773 1834 794 suo,
1845 765 1987 796 praecipue
2002 765 2168 789 licentiundis
2184 765 2304 789 baccala-

440 812 500 840 reis,
518 812 544 835 in
560 812 637 843 culpa
653 812 742 839 fuisse,
757 812 892 842 malosque
910 819 972 833 usus
989 813 1106 833 secutum
1122 817 1192 837 esse;
1211 812 1238 832 at
1253 809 1359 831 minime
1372 808 1429 840 ipse
1447 816 1536 831 omnes
1552 809 1651 832 abusus
1666 809 1819 838 introduxit,
1837 809 1883 832 sed
1903 817 1981 840 saepe
1997 810 2113 833 adauxit.
2125 810 2210 833 Causa
2224 809 2304 841 litigii

441 857 490 880 fuit
503 857 591 888 potius
606 856 725 888 quaestio
740 856 772 879 de
788 855 935 886 prioritate,
952 855 1007 878 sive
1022 853 1181 879 cancellarii.
1200 853 1255 876 sive
1275 853 1395 876 rectoris.
1411 853 1554 876 Occasione
1569 853 1706 884 cujusdam
1726 853 1832 884 prandii
1849 862 1891 877 an.
1913 854 1984 886 1384,
2007 862 2095 878 mense
2111 854 2194 883 Junii,
2209 854 2235 877 in
2253 862 2304 886 quo

440 900 612 923 cancellarius
627 900 741 932 primam
760 900 856 928 sedem,
871 899 985 922 secunda
998 898 1093 921 rectori
1107 898 1207 926 relicta,
1221 901 1404 928 occupaverat,
1418 897 1535 926 artistae,
1548 897 1679 928 imprimis
1692 898 1821 929 juniores,
1834 907 1845 921 «
1859 906 1889 922 ex
1902 898 2021 930 appetitu
2037 898 2168 922 vindictae
2183 902 2208 922 et
2222 906 2304 922 vanae

440 945 540 976 gloriae
554 953 575 974 »,
592 948 620 968 ut
635 945 734 967 amicus
750 944 834 975 partis
852 944 978 966 adversae
995 943 1127 966 Johannes
1150 942 1259 973 Luqueti
1275 943 1411 965 confessus
1427 945 1467 965 est
1486 941 1550 972 (vid.
1567 946 1595 964 n⁰
1611 943 1680 970 1521,
1696 945 1757 966 test.
1776 943 1823 973 11),
1842 943 1982 966 consilium
1999 943 2115 966 inierunt
2135 946 2226 966 contra
2241 951 2304 966 can-

439 989 575 1013 cellarium
592 989 749 1020 procedendi
771 991 796 1012 et
817 988 889 1011 litem
910 991 1001 1010 contra
1020 987 1108 1018 ipsum
1128 986 1300 1018 provocandi.
1317 987 1370 1010 Hoc
1385 987 1442 1009 luce
1458 986 1555 1010 clarius
1571 995 1584 1009 e
1602 986 1636 1009 nn
1652 987 1712 1010 1520
1727 990 1752 1010 et
1767 987 1826 1010 1521
1842 987 1933 1019 liquet.
1953 987 2046 1011 Coram
2063 996 2165 1011 summo
2181 987 2304 1019 pontifice

440 1037 524 1057 tamen
541 1037 566 1057 et
580 1042 669 1056 coram
681 1033 815 1064 judicibus
831 1033 856 1055 in
873 1032 1059 1055 cancellarium
1079 1031 1270 1054 invehebantur
1289 1031 1323 1054 ob
1345 1031 1400 1062 ejus
1420 1031 1591 1062 cupiditatem
1614 1031 1639 1054 in
1662 1031 1828 1055 licentiandis
1851 1032 2021 1061 baccalareis,
2038 1040 2100 1055 vera
2122 1040 2202 1055 causa
2223 1032 2303 1064 litigii

439 1077 543 1101 silentio
565 1077 762 1108 praetermissa,
779 1085 844 1107 quac
864 1076 1035 1099 nihilominus
1051 1084 1081 1098 ex
1100 1083 1190 1098 corum
1208 1083 1252 1098 ore
1267 1075 1293 1098 in
1310 1076 1395 1098 lucem
1415 1075 1519 1106 prolata
1543 1079 1590 1099 est.
1613 1076 1640 1099 In
1661 1076 1774 1107 quadam
1797 1076 2010 1107 congregatione,
2033 1079 2099 1099 teste
2117 1076 2206 1108 jurato
2227 1076 2303 1100 Petro

439 1122 557 1153 Playonl,
572 1121 774 1152 pronunciatum
788 1124 827 1144 est
842 1128 847 1143 :
869 1128 879 1144 ι
897 1120 919 1143 si
932 1120 1105 1143 cancellarius
1121 1120 1200 1142 vellet
1215 1119 1291 1143 fateri
1309 1123 1438 1142 rectorem
1453 1128 1510 1143 esse
1526 1119 1661 1151 majorem,
1678 1123 1703 1143 et
1718 1120 1787 1151 quod
1807 1120 1914 1143 deberet
1931 1120 2088 1151 praecedere
2103 1128 2172 1150 eum,
2187 1120 2302 1144 dimitte-

438 1169 509 1189 retur
524 1166 550 1188 in
565 1174 629 1196 pace
645 1174 658 1188 ν
672 1165 735 1196 (vid.
750 1165 819 1188 infra
834 1169 862 1187 n⁰
878 1165 946 1193 1521,
965 1168 1025 1188 test.
1043 1165 1090 1194 12).
1104 1164 1145 1187 Nil
1161 1164 1266 1193 mirum,
1284 1164 1305 1187 si
1321 1167 1382 1187 tunc
1398 1165 1538 1195 quemdam
1553 1164 1703 1188 Minoritam
1718 1168 1950 1196 persequerentur,
1963 1165 2008 1196 qui
2023 1165 2049 1188 in
2065 1173 2185 1189 sermone
2200 1165 2303 1189 cancel—

438 1210 533 1233 larium
549 1209 633 1233 Paris.
649 1220 662 1231 «
675 1213 754 1241 caput
769 1209 956 1233 Universitatis
969 1219 982 1230 ι»
1000 1209 1182 1232 nominaverat
1197 1209 1260 1237 (vid.
1275 1217 1357 1240 supra
1372 1213 1400 1231 n⁰
1416 1209 1495 1239 1500).

530 1254 685 1278 Provocavit
701 1254 809 1277 artistas
824 1253 956 1285 imprimis
973 1254 1065 1277 Petrus
1081 1253 1112 1276 de
1124 1253 1243 1282 Ailliaeo,
1261 1261 1331 1285 mag.
1346 1253 1372 1276 in
1387 1253 1479 1283 theol„
1495 1253 1549 1285 qui,
1567 1257 1633 1277 teste
1651 1253 1771 1277 Johanne
1790 1254 1869 1282 Adae,
1886 1253 1950 1278 ord.
1966 1254 2071 1283 Praed.,
2083 1264 2097 1276 «ι
2112 1254 2139 1277 in
2154 1254 2204 1278 hoc
2217 1254 2304 1286 capite

437 1298 592 1330 principalis
605 1306 615 1321 ›>
630 1298 679 1321 fuit
691 1298 753 1327 (vid.
769 1302 798 1321 n0
813 1299 882 1327 1521,
898 1301 958 1321 test.
975 1299 1007 1328 7),
1024 1301 1056 1326 et,
1074 1301 1139 1321 teste
1152 1298 1204 1321 alio
1217 1298 1411 1330 Praedicatore,
1428 1298 1521 1321 Bonito
1535 1298 1629 1326 Litelli,
1644 1298 1802 1329 provinciali
1818 1298 1971 1329 provinciae
1985 1299 2122 1327 Franciae,
2137 1298 2216 1322 istam
2230 1298 2303 1322 litem

437 1351 549 1366 unacum
564 1346 663 1366 rectore
674 1342 859 1366 Universitatis
872 1342 991 1366 Johanne
1004 1342 1035 1365 de
1050 1343 1190 1365 Marsonno
1205 1342 1395 1373 indignationis
1411 1350 1491 1365 causa
1504 1342 1601 1374 agebat
1613 1342 1677 1372 (vid.
1690 1342 1766 1371 ibid.,
1783 1345 1842 1366 test.
1856 1343 1888 1372 2).
1902 1343 2067 1374 Apparenter
2082 1343 2172 1374 utique
2187 1342 2303 1367 studium

436 1387 585 1411 ostentabat
599 1396 630 1411 ex
644 1396 711 1419 pura
726 1387 868 1410 intentione
888 1387 982 1418 agendi
998 1390 1023 1410 et
1037 1395 1085 1418 pro
1103 1386 1289 1410 Universitatis
1312 1386 1440 1417 dignitate
1462 1387 1627 1415 decertandi;
1643 1390 1668 1410 et
1685 1395 1745 1410 vere
1760 1387 1810 1410 iste
1830 1387 1932 1410 celeber
1947 1387 2062 1418 agitator
2082 1387 2108 1410 in
2127 1387 2304 1411 Universitate

435 1432 527 1460 Paris.,
544 1440 632 1455 eoram
655 1440 734 1463 papa,
750 1440 838 1455 coram
861 1439 931 1463 rege,
949 1431 974 1454 in
993 1431 1125 1460 Conciliis,
1143 1440 1194 1454 non
1210 1431 1296 1454 minus
1313 1431 1406 1454 avidus
1422 1431 1587 1463 cupidusque
1611 1432 1660 1455 fuit
1681 1440 1759 1463 quam
1782 1432 1955 1455 cancellarius
1971 1432 2055 1455 Paris.
2072 1432 2205 1455 Jobannes
2223 1432 2303 1456 Blan-

434 1477 517 1505 chart,
536 1485 611 1508 quem
629 1480 738 1507 propter
753 1476 924 1507 cupiditatem
944 1476 1086 1499 accusabat
1105 1479 1129 1499 et
1151 1476 1369 1507 persequebatur,
1385 1484 1467 1507 eoque
1489 1476 1664 1504 ambitiosior,
1681 1476 1860 1499 vehementior
1881 1479 1959 1508 atque
1978 1476 2135 1500 concitatior
2155 1476 2248 1500 evasit.
2267 1477 2304 1500 Ad

435 1521 593 1544 Clementem
612 1521 658 1544 VII
674 1520 834 1552 properabat
848 1528 896 1551 pro
914 1520 1047 1543 beneficiis
1066 1520 1195 1551 petendis,
1212 1523 1352 1551 antequam
1371 1520 1538 1544 Universitas
1555 1520 1639 1545 Paris.
1655 1528 1683 1543 se
1698 1529 1747 1552 pro
1762 1520 1813 1543 isto
1828 1520 1951 1551 pontifice
1965 1520 2127 1544 declarasset
2143 1520 2205 1550 (vid.
2222 1528 2303 1552 supra

433 1564 587 1590 Introduct.
602 1565 635 1588 ad
650 1569 699 1587 n¹¹¹²¹
714 1565 795 1594 1428).
811 1565 870 1596 Ipse
886 1573 897 1587 (ι
909 1564 933 1587 in
948 1564 1034 1587 studio
1050 1564 1162 1595 penuria
1175 1567 1200 1588 et
1215 1564 1302 1588 inedia
1315 1564 1438 1588 visitatus
1451 1567 1476 1588 et
1491 1568 1599 1588 vexatus
1614 1573 1625 1587 »
1639 1565 1702 1594 (vid.
1716 1565 1960 1594 Murteae-Durand,
1976 1565 2054 1590 Thes.
2069 1572 2133 1589 nov.
2147 1565 2256 1595 anecd„
2269 1565 2302 1593 ll,

434 1609 514 1639 1464),
538 1617 580 1632 an.
605 1609 665 1632 1387
682 1609 708 1632 in
731 1608 817 1632 studio
840 1612 953 1640 quatuor
976 1608 1110 1631 beneficiis
1135 1612 1160 1632 et
1185 1608 1303 1632 cantoria
1325 1609 1495 1632 Noviomens.
1514 1609 1638 1640 provisus
1654 1612 1718 1637 erat,
1738 1609 1904 1640 obtinuitque
1921 1609 2057 1640 acquirere
2079 1609 2145 1632 duas
2161 1608 2303 1641 dignitates

434 1653 524 1682 simul,
540 1653 643 1684 aliaque
658 1653 765 1684 petebat
779 1656 804 1676 et
822 1652 991 1684 exspectabat
1013 1653 1073 1682 (vid.
1090 1653 1205 1676 rotulum
1225 1661 1267 1677 an.
1283 1653 1364 1683 1387).
1381 1653 1491 1677 Silentio
1513 1653 1697 1685 praeterimus,
1715 1662 1781 1685 quae
1803 1654 1916 1677 decursu
1938 1654 2065 1685 temporis
2083 1653 2304 1683 accumulaverit;

434 1706 503 1726 nam,
526 1701 555 1721 ut
577 1697 716 1729 episcopus
734 1707 746 1719 α
763 1697 823 1729 plus
841 1697 867 1720 in
888 1697 1016 1720 reditibus
1035 1698 1169 1721 annuatim
1190 1697 1246 1728 ipse
1265 1698 1338 1721 solus
1353 1698 1456 1726 babuit,
1477 1706 1556 1729 quam
1578 1698 1675 1721 habeat
1697 1698 1724 1721 in
1745 1698 1857 1729 pecunia
1874 1701 1928 1721 tota
1943 1698 2007 1721 villa
2023 1698 2178 1729 Compendii
2193 1706 2205 1721 »
2221 1698 2303 1728 (Mar-

434 1744 500 1770 tene,
515 1742 532 1765 l.
547 1744 590 1772 c.).
603 1741 753 1765 Meminisse
767 1741 840 1770 libet,
852 1750 882 1765 ex
895 1742 971 1764 unico
982 1742 1114 1765 volumine
1128 1743 1192 1773 Reg.
1208 1743 1293 1766 Later.
1308 1743 1360 1771 (an.
1372 1744 1395 1771 3,
1411 1742 1524 1772 Provis.,
1536 1735 1666 1766 johannis
1682 1743 1773 1772 XXIII,
1787 1743 1865 1766 Arch.
1878 1743 1954 1772 Vah),
1967 1743 2038 1774 quod
2050 1742 2187 1766 minimam
2199 1745 2302 1774 partem

432 1794 473 1810 an.
491 1786 551 1809 1412
567 1788 636 1816 (cum
650 1787 742 1810 Petrus
758 1786 789 1809 de
805 1786 913 1810 Ailliaco
926 1786 982 1817 jam
997 1790 1066 1810 esset
1080 1787 1233 1817 cardinalis)
1247 1787 1371 1815 continet,
1387 1795 1517 1818 apparere
1532 1787 1573 1810 illi
1587 1790 1649 1810 tunc
1665 1795 1818 1810 concessam
1834 1795 1891 1811 esse
1911 1795 2043 1810 summam
2061 1787 2122 1810 1500
2136 1795 2226 1810 coron.
2243 1795 2301 1812 aur.

434 1830 537 1862 aliaque
552 1831 727 1854 emolumenta
740 1839 769 1854 ex
784 1839 875 1854 mensa
889 1831 1035 1862 episcopali
1051 1831 1184 1856 Gamerae.
1198 1832 1266 1861 (Dec.
1280 1832 1318 1860 18,
1332 1831 1407 1860 ibid.,
1424 1832 1441 1855 f.
1455 1833 1494 1860 90,
1510 1833 1564 1861 92);
1581 1832 1763 1863 episcopatum
1779 1831 1958 1855 Lemovicens.
1976 1832 2044 1861 (Dec.
2059 1832 2097 1860 21,
2116 1832 2133 1856 f.
2148 1832 2198 1861 45),
2209 1831 2303 1855 deinde

435 1874 550 1898 Uticens.
564 1875 590 1897 in
601 1875 782 1898 commendam
793 1875 924 1906 recepisse
937 1876 965 1904 (f.
981 1875 1052 1904 46¹²„
1069 1876 1101 1898 ad
1113 1875 1200 1898 minus
1217 1876 1246 1899 14
1260 1876 1405 1905 beneficiis,
1421 1876 1629 1904 canonicatibus,
1645 1876 1818 1907 prioratibus,
1833 1880 1893 1905 etex,
1905 1875 1994 1905 simul,
2007 1875 2115 1899 annexis
2133 1875 2302 1907 praebendis.

433 1922 550 1950 tempore
569 1919 620 1942 isto
635 1919 747 1942 ditatum
761 1927 818 1943 esse
835 1922 860 1942 et
876 1920 1026 1942 facultatem
1045 1919 1190 1943 obtinuisse
1205 1921 1284 1951 plura
1301 1920 1353 1943 alia
1369 1920 1395 1943 in
1410 1920 1556 1951 provinciis
1572 1921 1663 1944 Colon.
1678 1924 1704 1944 et
1716 1921 1871 1944 Treverens.
1887 1920 2033 1952 arripiendi
2051 1920 2125 1950 (ibid.
2144 1921 2162 1944 f.
2177 1919 2301 1950 38-108b).

433 1964 480 1986 An.
504 1964 637 1987 1384-1385
658 1963 715 1995 ipse
732 1972 800 1986 unus
815 1963 951 1995 juniorum
972 1964 1162 1995 magistrorum
1181 1964 1206 1987 in
1224 1964 1305 1988 theol.
1323 1964 1387 1994 (vid.
1412 1973 1494 1996 supra
1514 1973 1542 1996 p.
1561 1966 1615 1993 259,
1638 1968 1692 1989 not.
1717 1966 1755 1994 33)
1780 1965 1875 1996 jugum
1899 1964 2096 1996 provectiorum
2119 1967 2145 1987 et
2168 1964 2301 1988 seniorum

432 2011 551 2031 excutere
568 2011 676 2031 conatus
698 2011 747 2032 est.
771 2008 827 2031 Non
845 2008 930 2031 solum
953 2009 984 2031 de
1008 2009 1177 2037 cancellario,
1193 2009 1272 2032 immo
1297 2009 1375 2032 etiam
1394 2009 1425 2032 de
1449 2009 1548 2033 decano
1573 2009 1706 2033 facultatis
1724 2009 1883 2041 theologiae,
1906 2009 2045 2040 Radulpbo
2067 2008 2210 2033 Glachardi
2231 2011 2303 2032 oew-

434 2052 551 2083 genario,
571 2053 597 2076 et
617 2053 649 2075 de
670 2052 789 2076 Johanne
804 2053 908 2081 Trelon,
929 2053 1004 2076 Petro
1020 2053 1174 2084 antiquiore,
1196 2054 1265 2077 male
1286 2054 1390 2077 locutus
1411 2057 1452 2077 est
1467 2054 1530 2083 (vid.
1547 2062 1628 2085 supra
1644 2058 1673 2076 n⁰
1691 2054 1770 2083 1499).
1788 2053 1815 2077 Si
1836 2053 1895 2085 quis
1917 2062 1931 2077 e
1950 2053 2051 2077 ratione
2073 2053 2170 2084 agendi
2186 2052 2256 2077 Petri
2271 2052 2303 2076 de

435 2096 543 2120 Ailliaco
561 2097 707 2126 deduxerit,
725 2105 784 2120 eum
799 2097 855 2128 jam
873 2105 914 2120 an.
932 2097 1065 2120 1384-1385
1078 2098 1262 2121 cancellariam
1281 2098 1364 2122 Paris.
1384 2098 1539 2130 appetiisse,
1556 2100 1622 2122 forte
1637 2107 1688 2121 non
1704 2098 1817 2122 multum
1832 2106 1847 2121 a
1859 2106 1921 2121 vero
1936 2097 2079 2121 aberrabit.
2094 2097 2169 2121 Certe
2183 2105 2226 2121 an.
2241 2097 2302 2121 1389

435 2141 573 2172 cupiditati
589 2141 644 2172 ejus
659 2141 825 2164 satisfactum
841 2145 889 2170 est,
905 2150 955 2164 non
971 2150 1019 2173 per
1035 2142 1196 2170 electionem,
1216 2143 1261 2166 sed
1276 2151 1324 2174 per
1341 2143 1573 2166 commutationem
1589 2151 1648 2166 cum
1666 2151 1819 2166 successore
1834 2143 1962 2166 johannis
1980 2140 2133 2165 Blanchart.
2154 2141 2300 2174 ingenium,

435 2194 485 2216 quo
502 2186 628 2216 pollebat,
645 2186 754 2209 scientia
769 2189 846 2217 atque
865 2186 978 2209 facilitas
994 2186 1047 2209 oris
1063 2190 1088 2209 ct
1105 2195 1207 2210 morum
1228 2188 1340 2210 multum
1358 2188 1434 2211 Petro
1454 2188 1486 2211 de
1501 2188 1611 2211 Ailliaco
1631 2187 1857 2219 suffragabantur.
1876 2187 2011 2218 Occupata
2030 2186 2196 2214 cancellaria,
2211 2194 2302 2218 qnam-

435 2229 550 2260 primum
573 2230 745 2253 cancellariae
767 2233 910 2261 proventus
928 2231 1062 2262 augendos
1083 2232 1153 2262 apud
1175 2235 1293 2254 sanctam
1310 2232 1398 2255 sedem
1415 2232 1519 2256 curavit
1542 2232 1604 2261 (vid.
1629 2232 1698 2255 infra
1718 2233 1750 2255 ad
1775 2240 1817 2255 an.
1841 2232 1910 2261 1390,
1930 2231 2006 2255 Febr.
2023 2232 2072 2260 12).
2089 2231 2153 2254 Ecce
2171 2232 2299 2254 fautorem

435 2274 587 2297 artistarum
603 2277 693 2297 contra
707 2274 877 2305 cupiditatem
894 2275 1058 2298 cancellarii!

442 2386 579 2423 1504.
605 2397 747 2421 Statutam
773 2396 969 2422 Universitatis
989 2398 1084 2423 Paris.
1107 2402 1205 2424 contra
1226 2398 1335 2424 abusus
1357 2400 1521 2425 commissos
1542 2399 1570 2425 in
1593 2399 1754 2435 receptione
1775 2398 1815 2424 ad
1834 2397 2082 2424 determinandum
2103 2400 2131 2423 el
2150 2396 2299 2431 legendum

525 2447 611 2479 atque
625 2444 653 2470 in
669 2444 853 2470 licentiandis
871 2445 1060 2472 baccalareis.

1637 2484 1714 2513 1385,
1730 2482 1849 2509 danum-ii
1860 2483 1885 2512 9,
1900 2482 2013 2508 Parisiis.

526 2562 715 2596 Universis
736 2570 926 2608 presentes
947 2564 1084 2597 litteras
1105 2566 1326 2610 inspecturis
1348 2567 1568 2600 universitas
1589 2567 1847 2612 magistrorum
1869 2572 1903 2599 et
1924 2565 2116 2599 scolarium
2138 2565 2298 2598 Parisius

436 2629 671 2670 studentium,
699 2629 849 2662 salutem
878 2630 914 2662 in
942 2630 1016 2663 filio
1042 2632 1206 2677 Virginis
1235 2633 1411 2678 gloriose.
1441 2634 1531 2668 Cum
1554 2634 1601 2666 sit
1615 2633 1691 2678 juri
1721 2639 1756 2666 et
1786 2632 1916 2665 rationi
1946 2643 2146 2664 consonum
2174 2637 2298 2664 contra

433 2701 655 2728 crescentem
673 2694 857 2728 hominum
875 2696 1048 2729 maliciam
1068 2710 1157 2731 nova
1176 2700 1334 2732 remedia
1353 2701 1557 2745 providere,
1577 2707 1609 2733 et
1626 2706 1814 2733 crescente
1833 2698 1960 2731 morbo
1978 2709 2144 2731 crescere
2161 2698 2296 2742 pariter

435 2761 565 2794 debeat
584 2767 619 2793 et
639 2761 790 2803 medela,
818 2774 884 2795 nos
911 2763 1136 2797 Universitas
1164 2766 1298 2809 prefata
1320 2774 1455 2799 matura
1477 2766 1742 2800 deliberatione
1763 2772 1798 2799 et
1820 2765 1964 2811 digesto
1986 2764 2141 2798 consilio
2168 2763 2297 2809 preha-

436 2828 520 2861 bitis
540 2828 576 2860 in
603 2827 770 2872 pluribus
791 2829 926 2861 nostris
948 2831 1295 2875 congregationibus
1321 2833 1556 2878 generalibus
1585 2832 1832 2878 quampluries
1861 2843 1972 2877 super
1991 2831 2059 2864 hoc
2087 2830 2293 2871 celebratis,

436 2895 480 2927 ad
506 2893 646 2927 laudem
671 2894 751 2936 Dei,
774 2895 961 2928 utilitatem
984 2897 1219 2939 studentium,
1242 2899 1425 2944 totiusque
1454 2900 1569 2933 nostri
1596 2899 1743 2944 collegii
1771 2898 1960 2939 honorem,
1988 2904 2023 2931 et
2049 2898 2093 2932 ad
2121 2898 2294 2930 reforma-
