2488 3386
443 329 506 362 560
1022 336 1339 358 CHARTULARIUM
1376 335 1564 357 umvans.
1604 334 1727 356 rimis.
2056 317 2058 320 ’
2210 322 2310 359 [1378

442 412 634 457 pinguiora
664 411 779 456 spolia
810 417 1052 455 reportantur,
1089 422 1193 455 quam
1232 421 1301 454 que
1336 409 1470 442 veritas
1500 408 1650 441 defensa
1682 407 1887 452 pollicetur.
1923 409 1995 453 Eya
2036 419 2139 453 ergo,
2176 408 2308 442 athlete

442 478 660 523 magnanimi
681 490 720 510 ac
741 477 903 510 veritatis
925 484 960 510 et
976 476 1177 510 orthodoxe
1198 476 1283 509 fidei
1304 475 1532 508 devotissimi
1555 475 1786 516 defensores,
1808 481 1933 507 contra
1953 474 2095 507 illarum
2118 475 2309 520 impugna-

441 547 539 573 tores
569 546 604 573 et
630 539 755 572 hostes
785 539 940 572 feliciter
964 539 1177 584 insurgatis,
1209 545 1247 571 ut
1273 537 1426 583 proinde
1457 543 1578 582 proter
1610 543 1734 569 eterne
1769 536 1950 570 mercedis
1981 537 2117 581 premia
2141 536 2310 571 humana-

442 618 593 651 rumque
620 606 765 639 laudum
788 606 958 651 preconia
979 612 1138 638 nostram
1160 612 1194 637 et
1214 604 1413 649 apostolice
1435 603 1534 636 sedis
1556 602 1849 636 benedictionem
1873 610 1906 636 et
1928 603 2077 648 gratiam
2102 615 2141 636 ac
2162 604 2309 637 exaudi-

440 673 581 706 cionem
604 673 640 705 in
661 673 793 706 vestris
815 672 1060 717 peticionibus
1082 678 1248 716 tanquam
1271 670 1363 703 bene
1384 670 1503 703 meriti
1525 670 1733 715 reportetis,

530 740 718 773 Ceterum¹
742 751 787 772 ne
808 738 1127 783 calumpniantium
1149 738 1394 782 predictorum
1416 737 1576 770 versutia
1597 736 1719 769 verbis
1736 736 1907 769 inanibus
1925 743 1959 769 et
1978 736 2168 770 fallacibus
2188 744 2309 770 vestre

440 806 778 851 circumspectionis
815 805 1042 850 prudentiam
1078 805 1172 837 circa
1199 804 1281 837 facti
1311 816 1349 836 ac
1385 804 1437 836 rei
1467 810 1569 848 geste
1606 803 1825 848 positionem
1858 803 2018 845 seducat,
2054 815 2138 836 ecce
2166 803 2310 837 dilectis

440 873 526 906 filiis
558 872 672 905 nobili
699 873 777 905 viro
807 872 941 905 Jacoho
972 872 1100 905 Ceva².
1134 870 1240 903 militi
1265 877 1299 903 et
1328 870 1449 915 legum
1477 870 1631 910 doctori,
1659 877 1784 903 nostre
1818 871 1920 903 Rom.
1952 870 2052 903 curie
2080 870 2309 912 marescallo,

440 951 582 972 necnon
607 939 816 984 Raymundo
840 939 884 971 de
910 939 1065 983 Capua³,
1088 938 1176 971 Ord.
1198 938 1277 970 frat.
1303 937 1479 970 Predicat.
1503 937 1718 982 professori,
1742 937 1998 982 penitentiario
2021 943 2160 979 nostro,
2183 937 2308 970 harum

440 1005 629 1046 latoribus,
655 1005 904 1038 commisimus
933 1004 1030 1049 quod
1055 1011 1121 1037 tam
1144 1004 1224 1037 vive
1248 1004 1348 1037 vocis
1370 1003 1531 1044 oraculo,
1555 1015 1660 1048 quam
1687 1015 1752 1048 per
1780 1003 2014 1048 quarumdam
2046 1003 2308 1048 scripturarum

439 1072 589 1105 eandem
611 1083 730 1105 veram
753 1071 883 1104 seriem
906 1071 1169 1104 continentium
1193 1070 1467 1111 [ostensionem]
1489 1076 1661 1114 quantum
1683 1070 1727 1103 ad
1749 1081 1789 1102 ea
1811 1081 1880 1115 que
1902 1070 1939 1102 in
1955 1070 2047 1102 facto
2065 1070 2307 1112 consistunt‘,

438 1145 566 1171 curent
585 1142 673 1179 [vos]
696 1137 840 1183 plenius
861 1138 1068 1178 informare,
1091 1149 1245 1182 quorum
1266 1137 1303 1169 in
1331 1136 1395 1170 hac
1424 1143 1522 1182 parte
1552 1136 1727 1169 relatibus
1755 1143 1791 1169 et
1818 1136 2124 1169 instructionibus
2152 1148 2217 1182 per
2243 1148 2310 1170 vos

438 1204 623 1237 indubiam
645 1205 812 1249 cupimus
833 1204 909 1237 dari
931 1203 1051 1237 fidem.
1075 1205 1202 1236 Datum
1226 1205 1337 1236 Rome
1363 1203 1458 1248 apud
1480 1204 1644 1237 Sanctam
1667 1203 1813 1236 Mariam
1837 1203 1874 1235 in
1897 1202 2159 1236 Transtiberim
2181 1204 2213 1248 xj
2237 1203 2306 1236 kal.

439 1271 662 1310 Decembris,
686 1270 916 1315 pontificatus
938 1271 1054 1303 nostri
1075 1283 1168 1303 anno
1191 1270 1320 1315 primo.
1738 1271 1972 1303 FRANCISCUS.

531 1355 666 1386 Originale
689 1355 715 1378 in
738 1355 815 1379 Arch.
835 1358 918 1378 status
935 1355 1043 1378 Senensi
1062 1357 1130 1383 (cum
1148 1355 1237 1386 sigillo
1258 1355 1401 1386 plumbeo),
1422 1355 1593 1386 diplomatico
1611 1355 1644 1377 nd
1667 1362 1708 1378 nn.
1727 1355 1838 1378 Proven.
1857 1354 2017 1386 patrimonio
2036 1354 2077 1377 dei
2093 1354 2165 1378 Resti
2182 1354 2309 1378 ecclesia-

436 1401 508 1429 stici;
524 1401 549 1425 S.
569 1400 707 1423 Domenico
726 1400 751 1423 di
771 1400 856 1424 Siena.
871 1414 902 1417 —
916 1400 984 1423 Haec
999 1400 1112 1431 epistola
1129 1403 1190 1423 tunc
1211 1399 1317 1423 minime
1330 1399 1446 1423 Parisios
1462 1399 1590 1430 pervenit.
1610 1399 1724 1422 ,lacobus
1741 1399 1809 1423 Ceva
1827 1399 1895 1422 enim
1917 1402 2010 1430 captus
2026 1402 2051 1422 et
2068 1399 2189 1422 detentus
2204 1402 2244 1422 est
2261 1407 2310 1431 per

435 1449 536 1477 partem
553 1445 691 1468 adversam
707 1445 814 1468 Urbano
833 1445 864 1467 Vl
880 1445 942 1473 (vid.
959 1448 1012 1468 not.
1032 1446 1063 1474 2),
1088 1453 1102 1467 a
1125 1453 1177 1476 qua
1197 1445 1252 1476 jani
1268 1444 1342 1476 prius
1359 1444 1522 1468 Ruimundus
1538 1444 1569 1467 de
1585 1444 1676 1475 Capua
1695 1444 1837 1475 impeditus
1854 1452 1937 1475 usque
1950 1443 2125 1467 Vintimilium
2139 1446 2242 1467 tantum
2260 1443 2310 1467 iter

437 1490 503 1518 fecit,
522 1489 632 1520 indeque
655 1492 763 1520 propter
780 1489 890 1512 insidias
909 1489 1147 1516 schismaticorum,
1166 1497 1177 1511 «
1194 1489 1315 1512 consocio
1333 1497 1379 1511 suo
1396 1497 1418 1518 v),
1435 1488 1486 1519 ipsi
1505 1497 1519 1511 a
1537 1488 1660 1519 pontifice
1683 1488 1753 1515 dato,
1778 1488 1913 1517 suadente,
1933 1488 2047 1511 Januam
2066 1496 2188 1511 reversus
2210 1491 2258 1516 est,
2281 1491 2311 1512 ut

436 1534 492 1565 ipse
508 1534 601 1557 scribit
616 1534 677 1562 (vid.
694 1536 765 1558 Acta
777 1534 837 1561 SS..
858 1533 951 1565 April.,
970 1537 1032 1557 tom.
1050 1534 1094 1561 111,
1116 1542 1142 1564 p.
1161 1534 1216 1563 937,
1233 1533 1266 1556 ni·
1286 1534 1340 1562 336,
1361 1534 1426 1563 337),
1445 1536 1469 1556 et
1484 1536 1545 1564 post
1565 1533 1672 1564 aliquod
1685 1533 1813 1564 temporis
1831 1541 1891 1555 cum
1904 1532 1955 1555 ista
1977 1532 2051 1556 bulla
2067 1536 2167 1556 etcum
2189 1532 2258 1561 aliis,
2276 1533 2310 1556 ab

436 1579 543 1602 Urbano
559 1579 595 1602 ad
610 1585 703 1608 ‘regem
718 1578 858 1602 Franciae
872 1578 1000 1608 aliosque
1015 1578 1130 1602 directis
1145 1579 1180 1607 (v.
1197 1578 1265 1601 infra
1281 1578 1438 1609 Addenda),
1456 1578 1537 1601 Senas
1553 1577 1655 1608 petivit.
1672 1577 1785 1608 Ideoque
1799 1577 1896 1600 ibidem
1915 1577 1991 1600 hodie
2007 1577 2073 1600 istae
2087 1577 2215 1608 epistolae
2230 1577 2311 1608 origi-

437 1623 519 1651 nales,
536 1631 624 1645 omnes
642 1631 653 1645 (t
669 1622 771 1645 litterae
784 1623 889 1645 clausae
906 1631 926 1652 1),
945 1622 1123 1646 inveniuntur.

529 1667 704 1690 Nihilominus
729 1675 771 1692 an.
793 1667 851 1690 1381
874 1667 1039 1691 Universitas
1058 1667 1143 1690 Paris.
1166 1667 1198 1690 de
1224 1667 1273 1690 hac
1293 1666 1406 1698 epistola
1428 1667 1461 1689 ad
1484 1666 1571 1698 ipsam
1589 1666 1690 1689 directa
1712 1666 1808 1689 certior
1829 1667 1897 1689 factu
1914 1669 1954 1689 est
1974 1666 2036 1695 (vid.
2062 1665 2130 1688 infra
2150 1670 2201 1688 num
2227 1666 2308 1696 1640),

436 1712 626 1743 epistolamque
638 1711 793 1742 divulgavit,
808 1711 928 1742 quamvis
944 1711 1086 1734 truncatim
1097 1715 1124 1734 ct·
1137 1719 1195 1734 cum
1209 1714 1281 1734 textu
1296 1711 1451 1742 depravato.
1465 1711 1492 1734 In
1508 1711 1631 1734 omnibus
1647 1710 1716 1734 enim
1727 1710 1898 1742 sequentibus
1910 1710 1991 1733 msstis
2006 1713 2031 1733 et
2043 1710 2102 1734 edd.
2112 1710 2200 1734 omnin
2215 1710 2311 1734 desunt

437 1764 502 1787 quae
518 1756 549 1778 ad
566 1756 661 1778 latores
675 1756 803 1786 epistolae
816 1757 973 1784 referuntur,
991 1756 1052 1787 quia
1070 1764 1112 1779 an.
1130 1756 1188 1779 1381
1208 1756 1272 1779 haec
1290 1756 1377 1779 omnia
1394 1755 1497 1778 inutilia
1513 1758 1597 1779 erant.
1614 1755 1656 1778 Sic
1674 1755 1701 1778 in
1718 1755 1786 1778 Bibl.
1799 1758 1852 1780 nat.
1865 1755 1950 1778 Paris.
1969 1763 2019 1778 mS.
2032 1755 2079 1778 lat.
2099 1755 2185 1784 14643,
2202 1755 2248 1778 fol.
2264 1754 2309 1778 187

437 1802 504 1829 (cum
520 1803 590 1823 textu
611 1800 750 1831 pessimo);
772 1809 821 1823 ms.
838 1801 883 1823 lat.
900 1801 976 1823 12849
992 1800 1150 1831 (apograph.
1174 1802 1248 1831 rec.),
1266 1801 1310 1823 sol.
1333 1801 1371 1823 27.
1390 1801 1437 1823 Ms.
1454 1800 1576 1831 Amplon.
1590 1800 1709 1829 (Ersurt)
1725 1800 1755 1827 Q.
1773 1800 1826 1827 145,
1845 1799 1890 1822 sol.
1906 1799 1944 1823 21.
1961 1812 1989 1817 —
2005 1799 2128 1827 Bulaeus,
2146 1799 2188 1829 IV,
2206 1799 2261 1823 481.
2280 1800 2310 1823 In

441 1845 491 1869 Vit.
509 1851 559 1869 sec.
578 1845 661 1869 Clem.
682 1844 736 1868 VII
749 1845 818 1876 apud
835 1845 938 1874 Baluze,
954 1845 1007 1869 ric.
1019 1852 1083 1875 pap.
1098 1848 1194 1873 Auen„
1211 1845 1229 1870 1.
1245 1846 1290 1868 549
1305 1847 1399 1874 (textus
1415 1844 1527 1876 purior).
1545 1844 1707 1875 Ray-ualdus,
1721 1846 1798 1868 Arm.
1812 1844 1885 1871 eccl„
1903 1844 1935 1866 ad
1951 1852 1993 1867 an.
2007 1844 2076 1871 1378,
2091 1847 2120 1866 n⁰
2134 1844 2174 1867 61.

531 1889 631 1913 Chron.
647 1890 686 1913 du
696 1889 746 1912 rel.
761 1890 794 1913 de
807 1890 834 1912 S.
851 1890 955 1920 Denys,
973 1890 1013 1913 ed.
1031 1889 1177 1920 Bellaguet,
1195 1890 1215 1918 Ι,
1232 1890 1270 1918 88,
1288 1893 1316 1912 ut
1328 1889 1407 1912 etiam
1420 1889 1534 1912 Juvenal
1550 1889 1595 1912 des
1611 1889 1715 1918 Ursins,
1732 1889 1834 1913 chron.
1849 1888 1889 1911 ed.
1905 1896 1955 1919 par
1970 1888 2103 1919 Godesroy
2119 1888 2208 1918 (1653),
2224 1896 2251 1920 p.
2270 1888 2309 1917 12,

435 1933 502 1955 hanc
520 1933 659 1963 epistolam
675 1934 708 1956 ad
731 1942 773 1957 an.
797 1934 853 1956 1381
876 1935 1002 1963 referunt,
1024 1934 1110 1965 specie
1133 1937 1235 1957 tantum
1257 1934 1352 1957 seriem
1370 1937 1395 1957 et
1417 1933 1571 1956 relationem
1590 1937 1726 1964 gestorum
1741 1933 1937 1964 perturbantes.
1957 1932 2015 1956 Vid.
2036 1932 2106 1955 infra
2125 1932 2158 1955 ad
2174 1933 2308 1957 n=m1640.

437 1977 558 2000 Urbanus
588 1978 621 2000 Vl
649 1977 854 2001 Universitatem
882 1979 965 2001 Paris.
991 1978 1100 2001 laudare
1122 1978 1216 2009 potuit,
1242 1978 1304 2009 quia
1331 1978 1420 2001 statim
1445 1978 1563 2007 ejusdem
1589 1977 1710 2001 electioni
1743 1977 1865 2000 adhaesit
1888 1980 1913 2000 et
1936 1980 2029 2008 postca
2054 1976 2079 1999 in
2104 1977 2310 2008 congregatione
2357 1997 2361 1999 ,

437 2022 569 2052 Septemb.
584 2023 598 2044 8
613 2022 653 2045 vel
669 2022 697 2044 11
714 2022 841 2045 rationem
857 2023 1031 2046 cardinalium
1046 2023 1232 2046 dissidentium
1248 2031 1298 2046 non
1312 2022 1480 2054 approbavit.
1498 2023 1570 2050 Quae
1587 2022 1714 2046 Novemb.
1733 2022 1763 2045 16
1778 2025 1928 2049 evenerunt,
1942 2021 2059 2044 nondum
2074 2021 2161 2044 scivit.
2176 2021 2203 2045 Si
2218 2024 2310 2045 auctor

437 2066 523 2097 operis
542 2067 644 2091 Chron.
660 2068 705 2091 cles
720 2071 822 2096 quatre
833 2074 922 2097 prem.
946 2067 1046 2096 Valois,
1065 2076 1092 2098 p.
1110 2068 1163 2096 271,
1182 2071 1250 2091 recte
1268 2069 1357 2096 refert,
1374 2067 1498 2091 Urbanus
1514 2068 1547 2090 ῩΙ
1562 2067 1617 2098 jam
1638 2067 1713 2098 prius
1730 2066 1810 2089 aliam
1826 2066 1967 2097 epistolam
1985 2066 2018 2089 ad
2034 2065 2207 2089 Universitat.
2223 2066 2308 2090 Paris.

437 2111 578 2134 destinavit
594 2111 720 2139 scribens,
738 2121 750 2132 α
773 2120 872 2134 comme
888 2113 919 2135 de
935 2112 960 2135 la
976 2112 1107 2135 monieion
1128 2112 1173 2135 des
1196 2112 1351 2135 cardinaulx
1367 2112 1438 2135 avoit
1458 2113 1511 2134 este
1526 2111 1616 2135 enoint
1635 2115 1660 2134 et
1681 2112 1755 2134 sacre
1777 2119 1799 2134 )).
1819 2110 2004 2134 Verisimiliter
2021 2110 2138 2141 ejusdem
2158 2110 2257 2134 tenoris
2279 2118 2309 2134 ac

437 2155 538 2178 litterae
560 2156 705 2186 encyclicae
726 2156 840 2179 directae
856 2157 888 2179 ad
904 2157 970 2179 alios
988 2165 993 2180 ι
1014 2156 1043 2181 Is
1058 2157 1109 2187 qui
1130 2161 1228 2181 eterna
1246 2157 1380 2187 potentia,
1403 2156 1429 2179 in
1446 2156 1523 2180 Arch.
1539 2157 1607 2180 Vat..
1630 2164 1695 2179 arm.
1718 2157 1755 2184 54,
1778 2160 1806 2178 n⁰
1821 2156 1859 2185 47,
1878 2157 1893 2178 f.
1914 2156 1942 2178 15
1961 2157 2092 2184 (maneum
2110 2162 2153 2186 ap.
2171 2155 2308 2186 Raynnld„

437 2207 479 2222 an.
496 2200 564 2227 1378,
578 2200 665 2230 11016).

531 2275 552 2297 1.
572 2275 671 2298 Abhinc
687 2284 769 2306 usque
787 2276 819 2298 ad
836 2279 889 2300 not.
910 2276 1037 2307 temporis
1051 2277 1138 2299 onmia
1152 2277 1247 2300 desunt
1262 2277 1287 2299 in
1304 2277 1385 2299 mssfl¹³
1403 2280 1428 2300 et
1447 2277 1506 2299 edd.
1524 2284 1606 2307 supra
1622 2276 1720 2299 allatis.
1738 2290 1767 2293 —
1783 2277 1805 2299 2.
1823 2276 1857 2299 De
1873 2283 1923 2306 quo
1939 2279 1968 2297 n⁰
1987 2275 2056 2298 1611.
2075 2275 2113 2298 Ex
2134 2275 2182 2298 hoc
2198 2277 2309 2306 apparet

438 2326 527 2340 verum
543 2327 636 2341 nomen
650 2320 733 2350 (cujus
749 2323 822 2342 tanta
834 2320 988 2352 difficultas)
1001 2321 1080 2351 hujus
1096 2321 1155 2344 viri.
1172 2321 1274 2344 Scimus
1292 2329 1360 2344 nunc
1375 2324 1522 2352 practerea,
1536 2329 1586 2352 qua
1600 2320 1738 2343 occasione
1753 2320 1868 2343 Jacobus
1880 2320 1948 2342 Ceva
1964 2319 1997 2342 ab
2014 2319 2120 2343 Urbano
2134 2319 2160 2342 in
2171 2318 2308 2342 Francium

438 2362 584 2385 destinatus
600 2366 624 2386 et
642 2367 733 2394 postca
749 2368 841 2395 captus
863 2365 905 2394 sit,
924 2365 954 2388 de
970 2374 1021 2396 quo
1038 2365 1130 2388 scribit
1148 2366 1303 2388 Franciscus
1319 2365 1401 2396 episc.
1419 2365 1577 2388 Faventinus
1596 2365 1658 2395 (vid.
1674 2369 1722 2387 n¹¹¹¹¹
1739 2365 1808 2390 1616,
1829 2367 1883 2387 not.
1900 2365 1923 2391 3,
1940 2367 1964 2386 et
1978 2371 2059 2395 supra
2075 2367 2103 2386 n⁰
2120 2363 2189 2391 1611,
2205 2366 2258 2386 not.
2275 2363 2308 2393 1).

437 2420 468 2423 —
485 2408 507 2429 3.
523 2407 573 2434 Qui
591 2408 639 2430 suit
657 2409 833 2431 confessarius
855 2409 1012 2432 catharinae
1031 2410 1163 2438 Senensis,
1185 2414 1209 2433 et
1229 2418 1270 2433 an.
1288 2411 1349 2433 1380
1369 2410 1394 2433 in
1416 2410 1537 2441 Capitulo
1561 2409 1678 2441 generali
1700 2409 1831 2432 Bononiae
1852 2409 1931 2439 (circa
1952 2408 2012 2431 Maii
2033 2408 2070 2437 13)
2094 2407 2226 2431 celebrato
2248 2410 2310 2439 post

439 2451 591 2473 scissionem
608 2452 713 2475 Ordinis
737 2453 797 2482 (vid.
812 2457 862 2475 num
876 2454 944 2481 1447,
960 2456 1023 2483 not.)
1040 2454 1065 2476 in
1083 2455 1239 2485 magistrum
1255 2455 1404 2485 generalem
1426 2454 1497 2477 illius
1513 2454 1620 2478 Ordinis
1636 2454 1731 2485 partis.
1745 2462 1811 2485 quac
1828 2453 1934 2476 Urbano
1950 2453 1983 2475 Vl
1999 2452 2127 2480 adhaesit,
2145 2453 2243 2475 electus
2259 2455 2308 2475 est.

437 2508 467 2512 -—-
481 2495 504 2517 4.
518 2495 609 2525 Agitur
625 2504 706 2527 supra
721 2497 752 2519 de
767 2500 879 2520 tractatu
897 2498 988 2521 Jacobi
1005 2498 1073 2521 Ceva
1093 2507 1140 2529 pro
1161 2499 1321 2522 declaranda
1335 2499 1435 2522 Urbani
1447 2499 1478 2521 ΥΙ
1491 2507 1552 2522 vera
1568 2498 1704 2521 electione.
1724 2499 1809 2529 Supra
1826 2502 1854 2520 11ο
1872 2497 1942 2521 1611,

446 2630 585 2667 1616.
614 2640 787 2666 Πηιίἐνείίαε
803 2642 908 2676 Paris„
934 2642 1034 2668 Carolo
1060 2644 1083 2668 V
1098 2643 1171 2668 dans
1193 2652 1369 2679 responsam,
1388 2643 1532 2669 deliber-at
1549 2644 1576 2668 in
1596 2645 1675 2677 sacto
1691 2643 1858 2668 schismatis
1874 2642 1986 2667 Interim
2003 2650 2034 2667 se
2057 2642 2085 2666 in
2107 2641 2217 2666 neutris
2234 2648 2307 2676 par·-

529 2688 603 2713 tibus
620 2697 825 2724 remansuram,
844 2700 904 2716 cum
921 2692 947 2716 in
968 2692 1155 2717 Universitate
1171 2701 1225 2718 non
1242 2693 1279 2717 sit
1293 2692 1388 2718 adhuc
1404 2692 1568 2718 concordia.

1641 2729 1716 2757 7379,
1732 2728 1849 2753 danum-ii
1863 2728 1889 2756 8,
1906 2727 2018 2753 Parisiis.

528 2799 632 2830 Anno
655 2800 798 2831 Domini
827 2801 943 2841 13781,
969 2801 1026 2833 dic
1047 2803 1067 2834 8
1087 2803 1258 2842 Januarii,
1285 2803 1509 2835 Universitas
1531 2802 1788 2846 magistrorum
1811 2808 1845 2834 et
1866 2801 2060 2834 scolarium
2082 2807 2150 2832 tam
2177 2811 2308 2844 regen-

440 2865 525 2897 tium
545 2877 649 2909 quam
672 2878 743 2898 non
766 2867 966 2911 regentium
986 2868 1078 2912 apud
1102 2869 1347 2901 Bernardinos
1369 2869 1530 2913 legitime
1553 2875 1585 2901 et
1608 2869 1928 2913 perjuramentum
1947 2880 1964 2900 a
1982 2867 2129 2900 domino
2148 2866 2307 2899 rectore’
