2508 3372
1009 303 1302 325 INTRODUCTIO.
2012 303 2087 324 xvu

231 395 245 412 α
272 379 350 415 aliis
371 378 613 414 Facultatibus
629 378 735 413 etiam
752 377 956 425 magistros'
976 393 989 411 υ
1005 406 1012 413 .
1035 378 1067 413 Si
1088 377 1167 424 quis
1189 377 1225 412 in
1243 375 1476 412 Universitate
1495 377 1604 412 Paris.
1621 377 1701 424 plus
1725 389 1830 424 quam
1854 380 1896 412 10
1912 379 1982 413 000
2005 390 2086 425 sup-

222 450 339 499 posita
355 449 551 493 admiserit,
570 452 663 485 certe
677 460 789 485 avero
805 460 876 484 non
893 449 1111 484 abhorrebit.

319 523 370 557 De
391 520 610 557 scholarium
626 532 778 555 numero
795 520 859 556 sub
880 520 989 555 finem
1011 519 1141 555 saeculi
1158 532 1220 555 xm
1237 518 1335 555 testis
1354 531 1467 567 nuper
1492 531 1511 555 e
1533 518 1687 555 tenebris
1703 524 1823 554 erutus
1840 531 1909 555 non
1927 523 2086 566 praeter-

223 592 417 628 mittendus
439 597 505 635 est,
532 591 610 627 scil.
633 591 824 627 Rabbanus
841 592 988 635 Cauma,
1005 591 1204 626 monachus
1218 590 1459 634 Nestorianus,
1479 590 1522 625 ab
1539 591 1682 638 Argoun
1707 590 1865 637 principe
1888 591 2028 626 Persico
2042 591 2086 626 ad

221 675 351 712 papam
374 675 544 711 regesque
561 662 764 698 Occidentis
782 663 925 698 missus.
945 662 1015 706 Sic,
1033 674 1051 698 e
1068 662 1226 697 versione
1246 662 1514 710 Syriacatextus
1527 661 1656 696 Persici
1673 673 1767 696 nunc
1783 661 1917 703 amissi,
1931 661 2088 708 loquitur

221 735 265 771 de
292 734 448 778 Parisiis,
473 745 544 781 quo
569 739 734 780 vergente
758 738 932 769 autumno
957 745 1015 769 an.
1039 736 1129 769 1287
1153 733 1341 768 advenerat
1369 745 1376 768 :
1408 748 1423 764 «
1451 732 1502 768 Ibi
1532 736 1632 767 erant
1657 735 1701 767 30
1713 735 1783 768 000
1808 732 1999 775 scholares,
2026 733 2085 779 qui

230 820 244 838 «
267 805 422 842 scientiis
441 805 691 841 ecclesiasticis
704 817 744 841 ac
760 805 918 853 profanis
935 805 1135 848 studebant,
1154 805 1223 840 hoc
1245 807 1296 839 est
1310 803 1584 851 interpretandis
1609 803 1901 851 explicandisque
1920 803 2087 839 omnibus

229 892 244 909 «
272 877 381 913 sacris
407 876 527 920 libris3
560 875 769 924 sapientiae,
796 876 865 912 hoc
891 880 943 911 est
977 875 1224 923 philosophiae
1252 875 1522 922 rhetoricaeque
1545 886 1628 910 cum
1658 874 1848 918 medicina,
1879 875 2083 921 geometria,

230 964 244 980 «
271 947 506 991 arithmetica,
525 948 746 995 planetarum
766 948 1023 994 stellarumque
1044 947 1208 989 seientia;
1228 950 1433 982 constanter
1449 946 1484 981 in
1503 945 1692 981 scribendo
1708 946 1925 989 detinentur,
1946 957 2090 981 omnes-

229 1034 244 1052 «
271 1032 339 1067 que
354 1031 373 1055 a
389 1031 471 1067 rege
486 1018 668 1055 aluntur2.
685 1034 699 1051 »
724 1021 886 1054 Fortasse
900 1019 957 1054 hic
972 1018 1132 1054 oculatus
1149 1019 1246 1054 testis
1266 1022 1385 1053 mente
1400 1018 1520 1053 Serica
1536 1029 1592 1052 res
1608 1017 1848 1064 amplificavit.

318 1092 410 1127 Sane
439 1090 580 1126 vitanda
602 1094 655 1126 est
680 1090 923 1138 amplificatio,
947 1090 1004 1125 cui
1032 1090 1167 1125 favebat
1193 1090 1325 1125 Paulus
1353 1089 1523 1125 Aemilius
1548 1089 1767 1125 Veronensis
1788 1088 1908 1135 (quem
1933 1088 2086 1123 Bulaeus

221 1162 424 1206 exscribitss)
443 1173 607 1197 asserens
627 1174 634 1197 :
653 1173 711 1197 an.
740 1163 827 1197 1381
854 1176 869 1194 «
888 1161 1023 1208 aliquot
1043 1161 1156 1196 millia
1179 1161 1382 1196 liberalium
1402 1160 1671 1207 disciplinarum
1698 1160 1846 1196 studiosi
1874 1160 2009 1195 Lutetia
2027 1159 2086 1194 alii

219 1232 288 1269 alio
309 1232 434 1280 dilapsi
455 1232 558 1268 sunt⁴
575 1248 589 1266 »
604 1262 611 1276 ,
630 1233 667 1268 id
687 1236 739 1268 est
754 1235 899 1280 propter
915 1232 1076 1268 Schisma
1095 1232 1228 1280 aliquot
1245 1231 1357 1267 millia
1372 1231 1523 1267 Parisios
1543 1231 1742 1278 reliquisse.

1118 1427 1199 1466 III

318 1578 384 1612 Res
400 1588 508 1612 novas
522 1580 556 1612 et
572 1577 788 1612 documenta
817 1589 906 1612 nova
930 1577 1063 1624 majore
1086 1588 1235 1612 numero
1261 1576 1296 1611 in
1325 1577 1392 1612 hoc
1409 1577 1589 1612 volumine
1614 1589 1721 1624 quam
1740 1577 1775 1612 in
1797 1577 1973 1624 prioribus
1993 1577 2088 1612 inve-

218 1645 310 1684 nies.
333 1648 599 1683 Chartularium
626 1648 814 1684 edentibus
834 1660 874 1683 ea
894 1649 981 1684 ratio
1007 1648 1108 1684 nobis
1133 1649 1297 1695 adoptata
1328 1651 1394 1692 est,
1421 1652 1458 1683 nt
1483 1648 1656 1695 plurimas
1683 1660 1735 1684 res
1758 1660 1865 1684 novas
1884 1649 2086 1694 quaerendo

216 1719 378 1754 inventas
394 1718 759 1766 praetermitteremus
774 1719 909 1766 quoties
923 1731 1050 1767 parum
1069 1720 1112 1754 ad
1126 1719 1308 1755 materiam
1324 1724 1481 1755 nostram
1492 1719 1726 1767 pertinerent,
1741 1731 1781 1755 ac
1796 1720 1972 1755 delectmn
1995 1720 2086 1754 inter

214 1789 450 1826 instrumenta
472 1790 574 1826 obvia
599 1794 633 1826 et
660 1790 758 1826 utilia
784 1790 999 1834 faceremus;
1029 1803 1120 1838 quae
1149 1794 1267 1826 autem
1298 1794 1381 1825 sunt
1403 1790 1476 1838 jam
1503 1790 1546 1826 ab
1572 1791 1648 1826 aliis
1671 1791 1824 1838 vulgata,
1850 1791 1979 1826 horum
2006 1794 2083 1825 tum

215 1861 396 1910 puriorem
412 1861 535 1897 saltem
553 1865 688 1897 textum
704 1862 807 1898 edere
826 1874 1008 1898 conamur.

311 1933 390 1968 Non
406 1931 531 1968 inutile
549 1937 601 1968 est
615 1933 820 1980 conspicere
836 1933 951 1980 ipsam
968 1932 1237 1968 Universitatem
1254 1933 1447 1968 claustrum
1462 1934 1609 1969 Nostrae
1625 1933 1798 1969 Dominae
1814 1932 1849 1967 in
1865 1932 1985 1968 Insula
2000 1937 2084 1968 tan-

215 2014 323 2050 quam
339 2015 450 2039 eunas
473 2004 729 2049 Universitatis,
750 2005 803 2040 vel
824 2005 943 2052 potius
967 2004 1197 2040 scientiarum
1213 2003 1358 2039 Parisiis
1381 2003 1622 2049 traditarum5,
1644 2004 1836 2052 agnovisse,
1860 2016 1949 2051 quae
1963 2005 2082 2051 opinio

214 2086 297 2110 cum
320 2074 380 2110 illa
395 2087 502 2122 quam
525 2075 561 2110 in
582 2076 848 2112 Introductione
864 2081 887 2111 t.
909 2078 920 2111 1
942 2076 1145 2123 aperuimus
1169 2075 1342 2119 convenit,
1360 2088 1442 2111 cum
1463 2079 1584 2111 tamen
1601 2076 1746 2111 Carolus
1763 2077 1807 2111 V1
1825 2079 1976 2123 putaret,
1995 2087 2080 2110 ean-

214 2145 399 2181 cellarium
419 2147 453 2182 S.
475 2147 672 2182 Genovefae
689 2159 708 2182 a
722 2147 847 2182 Carolo
864 2149 989 2194 Magno
1004 2147 1206 2182 institutum
1223 2145 1330 2182 essess.

312 2217 336 2250 E
352 2217 577 2253 documentis
592 2218 628 2253 in
642 2218 712 2253 hoc
730 2218 910 2253 volumine
928 2222 961 2254 et
982 2219 1017 2253 in
1037 2218 1204 2254 Auctario
1225 2218 1413 2265 congestis,
1439 2218 1597 2264 praecise
1625 2218 1855 2265 dijudicatum
1878 2221 1940 2259 est,
1958 2221 2080 2253 contra

213 2287 328 2323 Caroli
345 2289 481 2324 Thurot
502 2288 748 2331 sententiam7,
767 2289 1050 2325 baccalareatum
1072 2289 1214 2324 Parisiis
1229 2301 1312 2324 vere
1331 2292 1367 2324 ut
1383 2290 1533 2337 gradum
1556 2289 1717 2325 habitum
1737 2289 1860 2332 fuisse,
1879 2293 1913 2324 et
1933 2289 2079 2336 quidem

213 2358 248 2394 in
269 2359 437 2395 omnibus
455 2360 733 2395 Facultatihus&

307 2495 329 2519 1.
347 2495 377 2519 In
392 2496 506 2520 tractatu
522 2497 557 2520 Et
571 2503 651 2521 nunc
663 2504 741 2527 reyes
756 2498 911 2528 intelligite,
928 2497 955 2521 in
972 2498 1050 2522 Arch.
1065 2498 1134 2527 Vat.,
1151 2506 1215 2522 arm.
1231 2498 1269 2527 54,
1284 2505 1310 2522 no
1322 2498 1361 2527 21,
1374 2498 1416 2522 sol.
1434 2498 1490 2527 147;
1506 2505 1533 2521 n⁰
1547 2498 1586 2528 33,
1600 2497 1642 2521 fol.
1659 2498 1713 2522 17¹³.

304 2540 327 2564 2.
346 2540 467 2565 Histoire
483 2542 514 2564 de
529 2542 669 2565 Jabalaha
685 2541 760 2565 III...
777 2546 801 2566 et
818 2543 858 2566 du
877 2543 970 2566 moine
986 2542 1104 2567 Rabbcm
1121 2544 1239 2573 Gauma,
1259 2544 1459 2567 ambassadeur
1474 2544 1512 2566 du
1526 2542 1570 2566 roi
1587 2544 1707 2573 Aryoun
1722 2543 1786 2571 pres
1804 2543 1843 2565 du
1859 2541 1903 2565 roi
1922 2542 1954 2564 de
1969 2542 2077 2564 France

211 2591 251 2607 au
263 2584 351 2608 ΧΙΙΙθ
365 2585 453 2615 sie'cle,
469 2585 586 2609 traduite
601 2585 635 2609 du
649 2593 674 2615 sy
681 2586 778 2617 riaque,
795 2594 840 2618 par
855 2587 877 2611 J.
890 2587 920 2610 Β.
932 2587 1045 2610 CnABOT
1058 2587 1150 2616 (Paris,
1165 2587 1272 2616 Lei-oux,
1291 2587 1371 2617 1891),
1388 2595 1412 2619 p.
1425 2587 1468 2617 79;
1483 2586 1520 2610 vel
1534 2587 1627 2610 Reme
1641 2588 1673 2610 (Ie
1688 2585 1802 2610 Z'Orient
1819 2585 1900 2615 latin,
1918 2585 1986 2615 1891,
1999 2593 2023 2616 p.
2036 2585 2075 2608 75.

303 2629 326 2652 3.
345 2629 391 2658 1v,
407 2629 462 2653 584.
478 2629 527 2653 Vid
541 2629 573 2653 ad
590 2631 652 2653 haee
665 2630 799 2660 DENIFLE,
816 2631 866 2654 Die
888 2631 1093 2655 Universitditen
1108 2633 1155 2656 des
1172 2632 1360 2662 Mittelalters,
1374 2632 1394 2662 1,
1408 2631 1463 2655 616.

303 2673 327 2697 4.
345 2674 385 2697 De
398 2675 481 2698 rebus
492 2674 575 2704 qestis
591 2675 777 2704 Francorum,
790 2675 921 2705 Lutetiae,
938 2676 1007 2705 1576,
1022 2675 1065 2699 fol.
1081 2675 1136 2699 206.

303 2717 327 2741 5.
345 2717 414 2741 Infra
428 2726 453 2750 p.
469 2718 524 2748 322,
539 2720 565 2742 et
584 2723 612 2742 n⁰
633 2719 700 2747 1488,
719 2727 743 2751 p.
759 2719 815 2743 329.

302 2761 327 2786 6.
345 2762 414 2786 Intra
429 2770 453 2794 p.
470 2762 525 2786 306.

306 2806 330 2830 7.
349 2807 388 2830 De
406 2805 620 2837 l'oryanisation
637 2809 670 2831 de
685 2808 910 2839 renseiynemem
925 2810 998 2833 dans
1013 2809 1193 2833 l'L'ntversize'
1205 2810 1238 2832 de
1251 2808 1346 2838 Paris,
1361 2816 1386 2840 p.
1404 2808 1457 2832 137.

302 2850 326 2874 8.
345 2850 476 2878 Quantum
493 2851 524 2875 ad
540 2851 744 2876 baeealareatum
768 2852 794 2876 in
819 2853 899 2878 theol.
922 2852 973 2876 vid.
992 2857 1029 2876 n0⁵
1051 2852 1118 2882 1321,
1141 2852 1209 2883 1336,
1231 2852 1299 2876 1464.
1323 2853 1361 2876 Ex
1382 2852 1475 2876 ultimo
1496 2856 1523 2875 n⁰
1541 2853 1655 2883 apparet,
1675 2851 1820 2882 theologum
1838 2849 1995 2874 solummodo
2016 2850 2074 2881 post

2138 1585 2305 1609 Doounnnn
2321 1592 2405 1611 now..
