2488 3386
442 333 504 365 128
1020 339 1336 361 CHARTULARIUM
1371 337 1559 359 curvans.
1596 336 1724 358 rmus.
2203 322 2302 359 [1365

527 418 600 443 Item
622 416 774 442 Monrardo
798 416 833 442 de
856 415 1032 448 Martingny,
1049 414 1220 440 Laudunen.
1240 414 1327 441 dioc..
1344 421 1422 446 mag.
1443 413 1473 438 in
1493 414 1547 438 art.
1572 412 1656 437 Paris.
1674 413 1702 437 et
1723 411 1753 436 in
1769 419 1794 437 vS.
1812 410 1940 443 theolog.
1956 409 2000 444 [de
2019 410 2161 442 dignitate
2179 410 2209 436 in
2233 410 2301 436 eccl.

440 465 596 500 Laudun.].

528 515 601 540 Item
617 514 743 540 Johanni
759 514 936 542 Brassatoris,
952 513 1045 546 presb.
1066 512 1238 544 Rolhomag.
1257 511 1342 539 dioc..
1360 518 1437 543 mag.
1462 510 1491 536 in
1512 511 1565 535 art.
1584 509 1669 536 Paris.
1694 510 1722 535 et
1741 509 1771 534 in
1787 516 1807 534 s.
1831 508 1957 541 theolog.
1976 507 2020 542 [de
2034 507 2176 540 dignitate
2190 507 2220 533 in
2233 508 2301 534 eccl.

439 563 583 598 Melden.].

528 614 600 638 Item
624 612 750 638 Johanni
772 612 807 637 de
829 612 937 638 Calore.
961 618 1038 642 mag.
1060 610 1090 635 in
1114 611 1166 634 art.
1192 609 1289 637 Paris..
1307 608 1457 641 quondam
1478 615 1528 640 per
1550 606 1679 639 spacium
1702 607 1728 639 xj
1750 613 1897 631 annorum
1920 605 2027 631 ibidem
2045 605 2235 632 examinatori
2251 613 2303 639 pro

441 662 558 688 natione
576 661 692 687 Francie
711 660 847 686 omnium
864 659 1095 685 bachalariorum
1111 658 1142 683 in
1163 658 1274 683 artibus
1288 665 1339 690 per
1354 656 1560 682 cancellarium
1577 655 1661 681 Paris.
1679 655 1747 681 cccl.
1765 654 2025 683 licenciandorum,
2043 654 2079 680 ad
2094 662 2209 688 presens
2223 662 2301 688 mag.

441 719 461 736 s.
478 710 605 742 theolog.
624 709 745 735 Parisius
759 711 825 735 actu
840 708 952 741 regenti
968 707 1012 742 [de
1027 715 1090 733 can.
1107 707 1174 733 eccl.
1197 706 1343 732 Leodiens.
1366 713 1426 731 non
1446 705 1579 731 obstante
1598 704 1716 737 paroch.
1738 704 1806 729 eccl.
1827 703 1863 729 de
1882 703 2047 729 Ansnevilla
2069 703 2206 731 Rothom.
2227 703 2301 730 dioc.

441 767 492 793 per
506 759 578 784 duas
593 758 782 784 mortalitates
797 757 927 790 duasque
942 764 1059 789 guerras
1074 756 1263 788 Anglicorum
1280 756 1308 781 et
1323 754 1542 781 Navarricorum
1558 754 1658 779 contra
1675 753 1798 778 Francos
1813 752 2015 786 multipliciter
2029 751 2195 786 devastata].

528 809 601 833 Item
623 806 750 833 Johanni
769 806 846 832 dicto
866 806 891 831 le
911 806 1034 838 Borgne.
1055 805 1201 830 monacho
1225 804 1350 837 professo
1371 803 1484 835 Majoris
1504 802 1667 828 Monasterii
1688 802 1809 831 Turon..
1827 801 1916 834 priori
1934 801 2078 835 prioratus
2092 801 2128 827 de
2142 801 2305 827 Belloramo

443 857 545 882 Morin.
562 856 647 884 dioc..
665 857 731 881 actu
747 855 859 888 regenti
874 854 996 880 Parisius
1010 854 1041 879 in
1056 861 1077 879 s.
1095 853 1207 878 theol...

528 905 601 930 Item
617 904 743 930 Johanni
753 904 788 930 de
798 903 909 932 Fausta,
922 902 1014 936 presb.
1026 902 1182 928 Tornacen.
1195 901 1280 929 dioc..
1294 908 1370 934 mag.
1384 900 1414 925 in
1429 901 1483 925 art.
1503 900 1625 925 Parisius
1637 907 1653 925 a
1668 899 1743 932 xxiiij
1760 899 1854 928 annis.
1871 900 1899 925 et
1914 899 1951 925 ad
1966 906 2082 932 presens
2096 899 2127 924 in
2142 906 2162 925 s.
2176 899 2303 932 theolog.

442 954 550 980 ibidem
566 954 632 979 actu
649 952 760 986 regenti
774 952 804 977 in
820 952 940 984 collegio
954 951 989 977 de
1005 950 1142 977 Sorbona.
1449 941 1452 943 ⁵

529 1003 602 1028 Item
618 1002 698 1027 fratri
713 1000 839 1027 Johanni
852 1000 888 1026 de
904 1000 1056 1033 Sparnaco‚
1073 999 1142 1025 Ord.
1158 999 1221 1024 frat.
1239 998 1320 1025 Min..
1336 998 1403 1023 actu
1419 998 1531 1031 regenti
1548 997 1670 1023 Parisius
1684 997 1715 1023 in
1730 998 1877 1023 conventu
1893 997 2019 1023 fratrum
2034 996 2176 1030 ipsorum.

1970 1044 2022 1080 [1²]

533 1134 616 1166 Sine
636 1133 703 1165 alia
723 1132 891 1165 lectione.
913 1152 955 1155 -—
976 1131 1062 1163 Fiat.
1082 1131 1121 1163 B.
1145 1152 1186 1154 —
1204 1132 1329 1163 Datum
1353 1130 1533 1163 Avinione
1555 1130 1696 1162 decimo
1713 1136 1838 1162 octavo
1862 1128 1930 1162 kal.
1952 1129 2051 1170 Julii‚
2070 1141 2164 1162 anno
2185 1129 2304 1162 tertio.

534 1231 596 1261 Reg.
613 1229 705 1261 Suppl.
722 1230 779 1252 Vnt.
794 1229 892 1252 Urbani
911 1229 939 1257 V,
957 1237 998 1252 an.
1017 1230 1040 1257 3,
1054 1237 1080 1260 p.
1095 1230 1117 1257 2,
1134 1229 1178 1252 fol.
1194 1230 1232 1252 90.
1255 1242 1273 1246 ›-
1297 1229 1325 1251 In
1340 1229 1391 1251 fine
1406 1228 1547 1259 cujuslibet
1564 1236 1568 1250 ;
1583 1238 1595 1249 «
1613 1227 1670 1251 Fiat
1687 1237 1708 1251 ».
1727 1242 1746 1244 —
1763 1228 1818 1251 Fol.
1833 1227 1878 1250 100
1893 1227 2044 1251 nominatur
2058 1226 2137 1250 etiam
2152 1227 2307 1259 Radulpbuu

441 1274 588 1303 Gluchardi,
604 1274 629 1296 in
644 1282 664 1296 s.
678 1274 758 1297 theol.
774 1282 788 1296 n
804 1273 858 1304 xiiij
874 1281 915 1296 an.
930 1274 1073 1304 professor,
1088 1273 1178 1304 presb.
1193 1273 1313 1296 Ambian.
1330 1272 1412 1295 dioec.
1427 1272 1507 1302 (1365.
1523 1272 1584 1295 Jun.
1601 1272 1647 1301 14).
1665 1272 1700 1295 De
1716 1272 1775 1303 ipso
1791 1271 1904 1303 aliisque
1919 1271 1946 1295 in
1963 1271 2102 1297 Chartul..
2118 1272 2151 1295 11.

533 1359 555 1381 1.
571 1358 675 1381 Initium
693 1357 761 1380 sicut
775 1357 801 1380 in
821 1357 960 1386 Chartul.‚
978 1358 1008 1385 11,
1026 1362 1055 1380 n⁰
1070 1357 1139 1383 1175.
1155 1360 1180 1380 et
1197 1365 1277 1388 supra
1298 1361 1326 1380 n⁰
1341 1357 1410 1380 1162.
1431 1371 1459 1374 -
1475 1357 1497 1379 2.
1514 1357 1612 1380 Revera
1628 1356 1757 1387 expositio
1773 1364 1853 1387 super
1870 1356 1920 1379 Job
1936 1358 2021 1379 exstat
2035 1355 2061 1378 in
2078 1355 2147 1379 Bibl.
2166 1355 2308 1384 Mami-ine,

441 1411 490 1426 ms.
506 1407 535 1425 n⁰
549 1404 578 1426 69
594 1403 665 1432 (Cat.
681 1403 743 1432 200),
761 1401 888 1433 inscripta
910 1401 1023 1425 Guidoni
1040 1402 1071 1425 de
1084 1402 1201 1425 Bononia
1217 1401 1244 1431 (i.
1261 1410 1283 1425 e.
1299 1401 1428 1424 cardinali
1446 1401 1596 1424 Boloniensi
1612 1401 1644 1424 de
1659 1409 1710 1432 quo
1726 1401 1830 1427 Baluze,
1851 1400 1899 1424 Vit.
1914 1407 1983 1430 pap.
1999 1402 2096 1430 Auen„
2113 1401 2133 1429 1,
2151 1399 2178 1423 in
2192 1398 2307 1430 Indice),

441 1447 564 1479 episcopo
580 1446 727 1478 Portuensi,
743 1447 873 1477 completa
894 1455 935 1469 an.
956 1447 1016 1469 1357
1035 1446 1082 1475 (sic
1099 1446 1178 1469 etiam
1198 1446 1224 1469 in
1243 1446 1310 1469 Bibl.
1330 1446 1429 1475 Telos„
1452 1454 1501 1469 ma.
1520 1446 1539 1474 1,
1558 1446 1596 1475 8):
1620 1445 1749 1476 expositio
1769 1453 1850 1476 super
1871 1445 1970 1474 Titum,
1987 1445 2093 1472 Maur„
2111 1452 2174 1468 mss.
2193 1445 2248 1474 203,
2263 1445 2308 1468 204

442 1493 511 1521 (Cat.
527 1492 581 1518 271.
600 1492 663 1520 272),
680 1491 800 1514 ordinata
819 1499 859 1514 nn.
882 1491 950 1519 1362,
971 1491 1100 1522 completa
1118 1491 1179 1514 1364
1195 1490 1243 1519 (sic
1263 1494 1288 1514 et
1307 1491 1395 1514 Tolos.
1419 1491 1438 1519 1,
1455 1491 1518 1519 111).
1539 1490 1667 1513 Johannis
1690 1493 1775 1513 exstat
1789 1489 1868 1513 etiam
1886 1489 1912 1512 in
1930 1489 1998 1513 Bibl.
2018 1492 2071 1513 nat.
2091 1489 2175 1513 Paris.
2194 1497 2243 1512 mn.
2261 1489 2307 1512 lat.

442 1537 525 1564 14582,
544 1536 587 1559 fol.
604 1536 713 1565 303-310‚
727 1535 839 1566 epistola
852 1538 943 1559 contra
958 1535 1096 1566 epistolam
1112 1535 1268 1558 Petrai-chae
1288 1535 1372 1562 (ihid..
1389 1535 1434 1558 fol.
1450 1535 1530 1564 286b),
1545 1534 1589 1566 qui
1605 1534 1713 1558 Urbano
1728 1535 1749 1557 V
1766 1534 1811 1563 ait.
1826 1534 1950 1557 recedens
1964 1542 1977 1557 e
1994 1533 2112 1562 Francia,
2130 1533 2235 1557 italianh
2249 1541 2308 1557 cum

442 1581 522 1604 Roma
537 1580 662 1603 Franciae
681 1588 708 1603 se
722 1581 865 1611 praeferre.
882 1579 957 1608 lbid.‚
974 1588 1023 1605 ms.
1040 1580 1084 1603 lat.
1102 1580 1194 1603 17287:
1209 1588 1219 1602 t(
1233 1580 1343 1603 Lectura
1359 1579 1448 1603 fratris
1463 1579 1524 1603 Joh.
1537 1579 1568 1602 de
1584 1579 1694 1602 Hisdino
1708 1579 1770 1603 Ord.
1786 1579 1867 1610 Hosp.
1882 1579 1907 1602 S.
1920 1578 1979 1602 Joh.
1992 1578 2135 1607 Jherosol„
2151 1577 2266 1602 doctoris
2281 1578 2307 1601 in

442 1625 521 1648 theol.
536 1633 615 1655 super
628 1625 762 1648 Marchum
780 1633 791 1646 υ
806 1624 935 1655 completa
950 1632 992 1648 an.
1010 1624 1078 1647 1367.
1093 1624 1131 1648 Cf.
1148 1624 1226 1648 etiam
1239 1625 1267 1648 P.
1283 1624 1314 1647 de
1327 1624 1435 1653 Nolhac,
1450 1625 1602 1653 Romania,
1618 1624 1682 1653 XXI,
1699 1624 1813 1647 598-606.

449 1782 588 1819 1306.
612 1801 626 1817 ‹
643 1791 762 1817 Botulus
777 1791 929 1826 facultatis
945 1791 1117 1817 medicorum
1131 1792 1287 1817 Parisiens.
1307 1802 1322 1817 »

1806 1833 1883 1862 1365.
1899 1833 1969 1859 durtii
1983 1833 2020 1858 15.

534 1912 637 1945 Illius
658 1919 784 1957 portus
804 1913 939 1945 aditus¹
950 1939 1015 1945 .....
1041 1913 1129 1945 Hine
1151 1919 1206 1946 est
1226 1913 1323 1958 quod
1345 1913 1523 1946 sanctitati
1540 1919 1661 1946 vestre
1679 1911 1859 1957 supplicat
1874 1911 2077 1944 humillime
2098 1910 2170 1944 filia
2191 1903 2309 1944 vestra

448 1979 664 2012 universitas
685 1979 938 2024 magistrorum
960 1979 1138 2012 facultatis
1159 1979 1337 2012 medicine
1360 1980 1487 2021 Paris.7
1510 1986 1689 2024 quatenus
1710 1978 1952 2023 infrascriptis
1974 1977 2158 2023 magistri-s
2179 1982 2310 2023 regen·
2350 2002 2355 2005 >

448 2044 543 2077 tibus
575 2045 612 2077 in
637 2045 715 2089 ipsa
744 2045 911 2077 facultate
942 2045 1120 2078 medicine
1151 2046 1194 2078 de
1225 2045 1416 2078 beneficiis
1442 2046 1479 2078 in
1508 2052 1630 2079 vestre
1661 2045 1863 2078 sanctitatis
1891 2044 1991 2077 curia
2018 2042 2231 2077 vacantibus

448 2111 648 2156 dignemini
665 2111 950 2144 misericorditer
970 2112 1162 2156 providere
1183 2139 1262 2145 ......

536 2179 623 2210 Item
646 2178 742 2222 quod
764 2189 886 2210 eorum
914 2190 1076 2218 examen,
1098 2191 1142 2211 ne
1164 2191 1181 2211 a
1203 2179 1324 2212 studio
1346 2179 1592 2212 distrahantur
1613 2185 1762 2224 propter
1781 2178 1917 2211 viarum
1942 2177 2161 2218 distantiam,
2189 2177 2312 2210 remit·

449 2250 554 2284 tatur,
575 2243 632 2276 vel
649 2244 679 2277 si
696 2256 768 2276 non
789 2244 979 2276 remissum
1001 2245 1122 2285 fuerit.
1145 2246 1304 2278 Parisius
1326 2238 1580 2279 committatur.

537 2341 634 2366 Primo
649 2341 775 2367 Johanni
790 2342 826 2367 de
842 2342 974 2372 Lovanio,
994 2343 1066 2369 diac.
1083 2343 1241 2376 Trajecten.
1258 2344 1343 2372 dioc..
1361 2344 1391 2369 in
1406 2345 1461 2370 art.
1477 2344 1561 2370 Paris.
1577 2346 1606 2370 et
1620 2344 1651 2370 in
1666 2343 1811 2370 medicina
1826 2350 1916 2376 mag..
1932 2342 1985 2376 qui
1999 2334 2109 2368 ibidem
2125 2349 2173 2368 sex
2186 2341 2271 2368 annis
2284 2342 2314 2368 et

448 2389 574 2422 amplius
589 2390 701 2415 studuit
716 2392 744 2416 et
756 2390 852 2416 adhuc
867 2391 963 2416 studet
977 2391 1007 2416 in
1024 2391 1150 2424 theolog.
1168 2392 1312 2421 facultate,
1329 2400 1361 2418 ac
1374 2394 1491 2426 paratus
1506 2393 1601 2426 legere
1615 2400 1717 2418 cursus
1731 2400 1797 2418 suos
1811 2392 1842 2417 in
1855 2391 1956 2418 eadem
1961 2411 2015 2420 .....
2033 2398 2086 2417 nec
2099 2390 2313 2424 patrimonium

450 2445 502 2463 nec
514 2438 689 2464 beneficium
706 2439 792 2464 habet
804 2439 922 2472 aliquod
936 2447 988 2473 pro
1008 2440 1145 2472 presenti,
1164 2442 1280 2473 excepta
1295 2441 1380 2467 bursa
1398 2441 1517 2475 Collegii
1534 2442 1570 2467 de
1586 2441 1715 2467 Sorbona
1730 2441 1833 2467 valoris
1854 2440 2072 2474 septimanatim
2088 2447 2104 2464 v
2119 2439 2200 2465 solid.
2217 2440 2246 2465 et
2266 2446 2314 2466 sex

449 2486 547 2512 denar.
563 2486 646 2520 paris.
664 2486 708 2521 [de
723 2495 785 2514 can.
802 2488 869 2513 eccl.
886 2488 992 2523 Leod.].
2030 2516 2032 2518 ,
2307 2513 2309 2515 >

538 2535 610 2561 Item
624 2535 765 2562 Richardo
780 2536 885 2566 Viardi,
901 2537 972 2563 diac.
990 2537 1138 2564 Ebroicen.
1155 2538 1241 2566 dioc..
1258 2547 1335 2572 mag.
1352 2539 1382 2564 in
1395 2541 1449 2564 art.
1464 2541 1493 2565 et
1507 2539 1539 2565 in
1554 2539 1691 2565 facultate
1706 2539 1809 2565 medic.
1828 2540 1896 2564 actu
1915 2529 2031 2571 regenti
2049 2527 2198 2571 ipsiusque
2220 2528 2312 2563 facul-

448 2583 516 2622 tatis
529 2583 638 2609 nuncio
650 2584 686 2609 ad
703 2584 883 2610 sanctitatem
899 2586 1022 2610 vestram
1042 2586 1127 2611 misso
1143 2594 1193 2619 per
1208 2587 1299 2612 filiam
1314 2588 1436 2613 vestram
1452 2588 1635 2614 Universitat.
1654 2588 1814 2616 ParisienS..
1829 2587 1897 2612 alias
1911 2586 2002 2612 eciam
2023 2585 2128 2612 rectori
2149 2584 2225 2611 dicte
2239 2584 2313 2610 Uni—

451 2631 589 2657 versitatis
603 2639 636 2658 ac
655 2633 754 2658 scolari
770 2633 800 2657 in
816 2633 960 2666 theologia
976 2641 1026 2666 per
1040 2642 1086 2660 sex
1107 2642 1206 2668 annos,
1224 2637 1252 2669 et
1266 2635 1297 2661 in
1312 2636 1413 2661 eadem
1434 2636 1561 2663 intendit
1580 2636 1705 2669 gradum
1727 2635 1887 2669 acquirere,
1905 2635 1958 2661 nisi
1973 2634 2072 2668 inopia
2086 2641 2156 2660 eum
2174 2625 2316 2667 impediat

451 2679 496 2714 [de
508 2687 571 2706 can.
589 2680 655 2706 eccl.
674 2680 862 2715 Ebroicen.]·-’.

539 2729 612 2754 Item
634 2729 777 2755 Richardo
791 2729 868 2755 dicto
884 2730 1030 2762 Agoulant
1044 2730 1128 2759 diae..
1145 2739 1221 2765 mag.
1242 2732 1271 2757 in
1286 2734 1339 2758 art.
1363 2735 1490 2766 actuque
1505 2733 1616 2766 regenti
1631 2733 1754 2759 Parisius
1775 2733 1806 2758 in
1826 2732 1962 2758 facultate
1982 2731 2084 2758 medic.
2106 2729 2151 2765 [de
2165 2737 2229 2756 can.
2244 2730 2313 2756 eccl.

452 2776 685 2810 Constantiens.].

539 2826 613 2851 Item
627 2826 752 2851 Droconi
767 2826 802 2852 de
815 2827 952 2856 Mosonio,
969 2828 1035 2867 cler.
1053 2828 1184 2853 Remens.
1202 2829 1287 2857 dioc..
1304 2837 1381 2862 mag.
1397 2830 1427 2855 in
1440 2832 1494 2856 art.
1511 2832 1539 2856 et
1553 2830 1584 2856 in
1600 2830 1743 2857 medicina
1761 2829 1806 2865 [de
1821 2838 1883 2856 can.
1900 2829 1968 2856 eccl.
1984 2826 2163 2862 Senonens.].

540 2874 613 2899 Item
629 2874 734 2900 Jacobo
749 2875 903 2903 Fourrarii.
918 2877 986 2901 nato
999 2876 1034 2901 de
1047 2876 1111 2901 villa
1129 2877 1225 2905 Paris..
1243 2877 1355 2903 bedello
1370 2879 1512 2904 facultatis
1528 2879 1672 2906 medicine
1686 2878 1731 2913 [de
1743 2878 1883 2905 beneficio
1895 2878 1932 2904 ad
1945 2878 2040 2904 collat.
2051 2876 2162 2902 abbatis
2172 2875 2314 2919 8.anss-
