2488 3386
201 330 297 368 1381]
968 342 1014 364 DE
1051 342 1293 364 scuisniATE.
1999 332 2060 365 581

203 454 344 492 1634.
371 463 518 489 Conradus
542 462 577 488 de
605 461 810 496 Gelnhausen⁴‚
833 461 932 487 doctor
953 461 1057 488 decret.
1086 466 1113 487 et
1137 461 1231 488 licent.
1257 462 1285 488 in
1310 465 1366 487 art.
1388 463 1493 495 Paris.,
1519 463 1703 498 praepositus
1732 463 1952 497 Wormatiensis,
1981 472 2063 488 suam

288 513 448 547 Epistolam
464 511 642 539 Concordiae
654 510 694 537 ad
709 519 802 546 regem
818 511 991 536 Francorum
1009 510 1140 536 Carolum
1159 510 1293 545 Vdirigit
1306 510 1340 536 de
1359 510 1481 536 Concilio
1496 511 1626 545 generali
1641 511 1828 538 convocando.

1418 595 1495 624 7380,
1512 595 1575 624 Maii.
1592 595 1706 621 Parisiis.

293 683 412 714 Epistola
424 682 494 706 edita
509 683 579 714 apud
593 683 708 706 Martene
723 685 748 705 et
763 682 878 710 Durnnd,
895 682 974 706 Thes.
990 689 1053 707 nov.
1072 684 1180 710 anecd„
1197 683 1231 711 ΙΙ,
1246 683 1316 711 1200,
1328 686 1410 705 exstat
1427 682 1452 705 in
1464 683 1521 706 Vat.
1533 683 1615 706 Palat.
1633 683 1686 711 502,
1704 683 1748 706 fol.
1768 684 1833 711 1-27,
1850 683 1894 706 uhi
1913 683 2066 707 inscribitur

199 737 212 750 α
228 727 333 750 domino
348 728 463 758 Ruperto
479 727 576 750 seniori
591 727 680 750 comiti
695 727 814 750 Palatino
829 735 852 756 »,
866 730 891 750 et
906 727 1013 758 explicit
1031 736 1042 749 «
1059 727 1201 758 compilata
1216 727 1333 750 Parisius
1352 735 1419 750 anno
1435 727 1510 750 Dom.
1531 727 1670 750 millesimo
1691 727 1794 750 tricent.
1815 728 1908 755 LXXX,
1927 729 1958 751 de
1979 737 2066 752 mense

198 772 259 795 Maii
273 782 286 793 u
298 772 353 801 (fol.
369 771 429 799 271²).
441 771 505 795 Cod.
518 772 574 795 Vat.
590 772 660 800 4927,
676 772 720 794 sol.
738 772 781 799 30;
796 772 853 796 Vat.
869 772 940 801 4943,
958 771 1002 794 sol.
1017 772 1060 799 25;
1077 771 1202 794 Ms.Bibl.
1219 775 1272 794 nat.
1291 771 1374 794 Paris.
1391 772 1467 794 14643
1484 772 1519 800 (S.
1532 771 1597 794 Vict.
1610 772 1674 800 842),
1688 772 1732 795 sol.
1745 772 1774 794 88
1790 775 1815 794 et
1830 773 1888 799 244ς
1906 773 1982 796 Arch.
1996 773 2064 801 Vat.,

198 824 263 839 arm.
281 817 319 846 54,
335 820 364 839 n⁰
379 816 417 844 21,
434 816 479 840 sol.
495 817 534 841 58,
547 816 596 838 suh
608 815 714 839 rubrica
726 823 731 839 t
746 824 757 838 «
770 815 865 847 Incipit
880 815 1038 846 Epistola....
1053 819 1143 839 contra
1157 815 1191 840 R.
1201 823 1230 846 p.
1244 817 1316 840 dom.
1327 816 1510 840 Benedictum
1520 824 1542 839 )).
1554 816 1640 839 Verba
1655 816 1805 839 charactere
1817 816 1920 839 cursivo
1936 817 2066 847 impressa

198 860 266 884 inter
280 860 363 884 lineus
376 868 456 883 manu
471 860 554 883 altera
568 860 614 883 sed
629 860 737 891 antiqua
752 860 876 891 adjuncta
894 863 963 883 sunt.
981 861 1166 891 Rotomngens.
1184 860 1213 884 Ο.
1232 861 1270 888 20,
1288 861 1332 885 fol.
1349 862 1387 889 50,
1403 860 1497 884 Carolo
1513 860 1650 891 inscripta,
1669 868 1728 883 cum
1743 860 1793 883 fine
1809 864 1837 883 ut
1849 861 1875 883 in
1891 861 1952 883 msto
1967 861 2043 884 14643
2059 869 2064 884 :

199 915 212 926 «
225 905 339 936 Explicit
356 904 475 936 Epistola
490 905 634 928 Concordie
648 914 670 928 υ.
682 904 719 928 Ex
736 905 784 928 hoc
803 905 864 927 ms0⁰
875 904 1103 934 (Gemmeticensi)
1117 904 1196 928 editio
1212 913 1254 936 ap.
1275 905 1390 928 Mart'ene
1408 906 1477 928 facta
1490 908 1537 928 est.
1551 905 1643 933 Quoad
1660 905 1787 936 temporis
1800 908 1889 928 notam
1900 906 1953 929 vid.
1974 906 2065 934 Kneer,

199 949 250 973 Die
263 949 442 980 Entstehunq
459 951 509 973 der
521 949 713 973 Komiliaren
729 948 854 981 Theorie‚
870 957 897 980 p.
913 949 942 972 17
959 957 1009 980 sq.,
1023 949 1063 977 43,
1079 952 1133 972 not.
1151 949 1172 972 1.

292 994 402 1018 Carolus
418 994 447 1023 V,
464 1002 509 1017 rex
523 994 626 1023 Franc.,
642 1002 734 1017 revera
749 1002 792 1016 an.
810 994 910 1022 eodem,
927 993 1061 1025 Septemb.
1079 993 1117 1021 16,
1134 996 1235 1025 septem
1250 993 1328 1016 horas
1344 997 1403 1017 ante
1419 1002 1494 1016 suam
1512 997 1631 1021 mortem,
1648 993 1674 1016 in
1692 993 1829 1017 desideriis
1849 994 1950 1023 hahuit,
1971 1003 1981 1017 ι(
1998 995 2066 1026 quod

199 1038 273 1062 fieret
282 1041 308 1062 et
318 1038 537 1062 determinaretur
552 1047 631 1069 super
643 1038 692 1061 hoc
708 1038 840 1070 (quisnam
852 1038 886 1061 sit
901 1046 978 1061 verus
989 1040 1069 1069 papa)
1080 1046 1128 1069 per
1144 1038 1266 1069 generale
1277 1038 1423 1061 Concilium
1434 1047 1445 1060 n
1459 1038 1566 1068 (Valois,
1579 1038 1617 1062 Le
1625 1038 1683 1062 νὸἶε
1693 1039 1724 1062 de
1737 1039 1850 1063 Charles
1866 1039 1893 1068 V,
1910 1042 1967 1066 etc„
1980 1047 2006 1070 p.
2019 1040 2067 1071 29).

199 1083 237 1106 Ex
250 1086 325 1114 parte
336 1083 476 1106 Clementis
490 1086 552 1106 tunc
567 1083 704 1114 temporis,
717 1091 762 1106 seu
777 1082 866 1114 potius
882 1085 968 1111 antea,
980 1085 1071 1105 contra
1086 1082 1300 1105 convocationem
1316 1082 1425 1106 Concilii
1441 1082 1548 1114 quidam
1564 1082 1736 1114 scripserunt,
1750 1083 1818 1106 inter
1830 1092 1895 1114 quos
1910 1084 2066 1115 praesertim

199 1128 271 1152 card.
292 1127 472 1151 Ebredunens.
493 1127 578 1156 (Arch.
602 1131 654 1150 nat.
677 1127 762 1151 Paris.
785 1127 808 1150 J.
831 1127 885 1155 518,
904 1127 949 1150 sol.
970 1128 1009 1154 47,
1032 1128 1074 1155 57;
1096 1127 1163 1150 Bibl.
1182 1130 1235 1150 nat.
1255 1135 1304 1150 ms.
1320 1127 1366 1150 lat.
1390 1128 1474 1156 12722,
1495 1128 1539 1151 fol.
1557 1128 1609 1156 145,
1632 1128 1689 1158 1663
1712 1128 1848 1159 Rotomag.
1870 1128 1901 1152 Ο.
1917 1129 1955 1157 20,
1973 1130 1989 1151 s.
2009 1129 2065 1152 44¹³.

200 1172 263 1196 Cod.
279 1173 338 1196 vat.
355 1172 426 1202 4153,
445 1173 463 1196 f.
480 1171 508 1200 1;
524 1173 596 1202 4927,
613 1173 630 1195 f.
646 1172 700 1201 231‘5
715 1173 785 1200 5608,
803 1173 820 1196 f.
838 1173 879 1200 77;
896 1171 973 1195 Arch.
989 1172 1056 1200 vat„
1074 1180 1141 1195 arm.
1154 1173 1192 1201 54,
1209 1176 1238 1194 n0
1252 1172 1291 1200 31,
1306 1173 1324 1195 f.
1340 1173 1404 1201 346).

294 1257 316 1282 1.
336 1256 471 1280 Conradus
487 1257 518 1279 de
534 1256 701 1280 Gelnhausen
718 1264 759 1279 an.
777 1256 837 1279 1344
853 1255 1038 1279 determinavit
1052 1258 1077 1279 et
1089 1256 1239 1279 licentiatus
1255 1256 1332 1279 estin
1349 1256 1450 1278 artibus
1462 1255 1570 1279 Parisiis
1581 1256 1643 1285 (vid.
1659 1258 1779 1281 Auctar.
1796 1257 1934 1285 Chai-tul„
1947 1265 1974 1288 p.
1991 1258 2028 1285 70,
2042 1258 2068 1285 7:

199 1301 298 1330 7215).
315 1301 361 1324 An.
378 1301 438 1324 1378
454 1303 555 1324 tantum
570 1301 635 1325 ibid.
652 1301 678 1323 in
693 1304 743 1325 art.
759 1300 875 1331 incipere
890 1300 982 1327 voluit,
999 1300 1105 1323 minime
1121 1304 1208 1323 tamen
1224 1300 1321 1331 incepit
1337 1300 1399 1330 (vid.
1419 1300 1494 1329 ibid.,
1511 1309 1537 1331 p.
1554 1302 1608 1328 567,
1623 1302 1662 1329 27,
1678 1304 1703 1324 et
1717 1305 1771 1324 not.
1788 1302 1822 1331 4).
1839 1302 1920 1324 Antea
1937 1301 2069 1325 Bononiae

199 1345 310 1368 decretis
324 1345 433 1373 studuit,
448 1348 473 1368 et
487 1345 592 1376 quidem
608 1353 649 1368 un.
667 1346 736 1373 1369,
754 1345 813 1368 1370
830 1344 892 1374 (vid.
908 1347 979 1369 Acta
994 1349 1054 1368 nat.
1073 1345 1164 1369 Germ.
1185 1345 1307 1369 Univers.
1329 1346 1438 1369 Bonon.
1454 1345 1495 1368 ed.
1518 1345 1689 1368 Friedliinder
1704 1348 1729 1368 et
1748 1346 1886 1377 Mnlagola,
1904 1355 1930 1377 p.
1951 1346 1994 1369 132
2017 1354 2067 1377 sq.,

199 1390 244 1413 387
259 1389 317 1421 sq.),
337 1392 362 1412 et
377 1389 468 1413 doctor
483 1390 648 1412 decretorum
662 1391 745 1412 sactus
762 1392 809 1412 est.
823 1390 870 1412 An.
889 1389 949 1412 1378
964 1389 1020 1420 jam
1034 1389 1203 1420 praepositus
1221 1389 1419 1412 NVormatiensis
1433 1389 1583 1412 nominatur
1599 1389 1661 1419 (vid,
1681 1392 1773 1419 Auel„
1789 1399 1816 1421 p.
1832 1391 1885 1418 567,
1903 1391 1949 1420 27),
1966 1394 1991 1413 et
2006 1393 2068 1413 tunc

199 1433 308 1458 Parisiis
322 1434 470 1465 theologiae
487 1434 595 1462 studuit,
617 1437 642 1457 et
658 1437 750 1465 postea
766 1433 791 1456 in
808 1434 854 1456 illa
871 1433 1020 1456 licentiatus
1036 1437 1075 1456 est
1094 1434 1155 1464 (non
1174 1436 1233 1457 ante
1251 1434 1321 1463 1369,
1343 1437 1371 1457 ut
1385 1434 1473 1457 Kneer
1494 1434 1607 1463 asserit),
1631 1434 1675 1457 sed
1696 1434 1802 1457 minime
1822 1434 1940 1462 Parisiis,
1957 1436 2068 1458 sortasse

199 1479 308 1510 Progne.
326 1479 426 1502 Gerson
442 1479 521 1502 etiam
537 1487 596 1502 eum
611 1478 729 1501 nominat
746 1481 847 1501 tantum
864 1488 877 1499 (ι
893 1478 982 1501 licent.
997 1478 1023 1500 in
1039 1482 1094 1502 art.
1111 1478 1229 1501 Parisius
1247 1486 1258 1501 »
1275 1479 1363 1509 (Opp.,
1379 1479 1412 1508 ll,
1428 1479 1492 1507 126).
1508 1480 1555 1502 An.
1570 1480 1682 1501 sortasse
1700 1479 1767 1507 1381,
1784 1482 1925 1510 postquam
1935 1479 2067 1503 Johannes

199 1523 343 1546 Blanchart
361 1531 376 1546 a
392 1523 524 1546 Clemente
537 1523 583 1546 VII
599 1523 773 1545 cancellarius
789 1522 874 1545 Paris.
888 1522 1024 1545 institutus
1041 1523 1134 1550 fuerat,
1151 1522 1268 1545 Parisios
1288 1522 1404 1553 reliquit.
1422 1523 1469 1546 An.
1486 1523 1545 1545 1387
1564 1523 1590 1545 in
1607 1522 1784 1546 Universitate
1805 1523 2020 1555 Heidelbergensi
2039 1527 2069 1546 ut.

199 1567 372 1590 cancellarius
388 1570 413 1590 et
428 1567 519 1590 doctor
535 1575 557 1591 s.
579 1567 727 1598 theologiae
751 1567 899 1590 intitulatus
921 1570 1040 1597 apparet.
1065 1566 1127 1596 (vid.
1148 1567 1261 1598 Toepke,
1282 1567 1332 1590 Die
1351 1567 1485 1591 Matrikel
1503 1568 1530 1590 d.
1555 1567 1682 1592 Univers.
1702 1567 1874 1598 Heidelberg,
1891 1568 1910 1596 I,
1932 1576 1959 1599 p.
1975 1569 2012 1591 25.
2028 1568 2066 1591 Cf.

200 1612 292 1642 Kneer,
309 1620 336 1643 p.
351 1613 390 1641 37,
406 1615 459 1635 not.
473 1612 507 1640 1).

205 1739 346 1776 1635.
373 1747 491 1774 Carolus
515 1749 556 1782 VJ,
580 1756 631 1773 rex
651 1749 833 1782 Francorum,
851 1747 922 1780 suis,
945 1747 1085 1783 imprimis
1105 1747 1330 1781 Parisiensibus,
1354 1747 1553 1773 Universitatis
1567 1748 1725 1784 suppositis
1740 1757 1795 1774 non
1813 1749 1948 1784 exceptis,
1968 1748 2067 1774 tallias

290 1798 417 1833 imponit,
434 1800 461 1823 et
479 1796 614 1823 Clementi
634 1797 687 1823 VII
695 1796 838 1832 permittit
855 1796 883 1822 in
899 1805 984 1831 regno
1003 1797 1144 1822 Franciae
1160 1796 1288 1822 decimas
1304 1797 1427 1831 eaeigere.

1535 1864 1575 1890 Ᾰη.
1593 1865 1655 1890 1381
1670 1865 1781 1890 ineunte.

296 1951 371 1975 Prior
390 1959 452 1983 pars
469 1951 591 1974 rubricae
607 1954 718 1982 apparet
738 1959 750 1974 e
772 1951 985 1982 Chronoyraph.
1008 1958 1067 1982 req.
1085 1952 1275 1981 Francorum,
1297 1953 1336 1975 ed.
1355 1953 1457 1983 Kervyn
1479 1953 1510 1975 de
1532 1953 1698 1981 Lettenhove,
1716 1953 1742 1975 in
1762 1952 1850 1977 Istore
1872 1957 1898 1976 et
1917 1953 2013 1977 chron.
2037 1955 2069 1977 de

203 1996 349 2023 Flandres,
367 1996 399 2025 II,
416 1996 469 2024 510,
487 1996 532 2019 ubi
547 2004 589 2019 an.
607 1996 666 2018 1381
684 1998 743 2018 ante
758 1995 833 2024 Maii;
849 1995 881 2018 de
896 1995 1024 2018 ambabus
1040 1995 1161 2026 partibus
1175 1996 1292 2027 loquitur
1309 1997 1411 2021 Chron.
1428 1998 1466 2020 du
1479 1997 1530 2020 rel.
1551 1998 1583 2020 de
1599 1997 1801 2027 &tint-Deum,
1820 1998 1839 2024 I,
1858 1998 1895 2025 82,
1911 2000 1936 2020 ct
1948 1999 2066 2021 Auctar-

205 2040 344 2070 chartul„
361 2040 381 2069 I,
396 2040 440 2063 ubi
458 2048 484 2071 p.
501 2041 556 2070 596,
572 2041 601 2063 35
621 2040 653 2062 ad
670 2048 711 2062 an.
729 2040 797 2067 1380,
812 2040 875 2062 Nov.
895 2040 933 2067 26,
948 2039 1001 2070 jam
1023 2039 1112 2071 agitur
1127 2040 1158 2062 de
1177 2040 1314 2071 proposito
1331 2041 1525 2069 Universitatis,
1547 2045 1575 2064 ut
1592 2041 1732 2072 privilegia
1752 2049 1799 2072 per
1818 2049 1906 2072 regem
1927 2042 2067 2064 confirma-

203 2088 302 2108 rentur.
320 2085 388 2108 Haec
404 2084 547 2116 privilegia
564 2084 712 2115 respexisse
728 2084 918 2115 exemptionem
932 2092 947 2106 a
962 2084 1043 2107 talliis
1059 2087 1084 2107 et
1099 2084 1207 2107 decimis
1226 2085 1308 2115 liquet
1322 2093 1335 2107 e
1352 2093 1415 2116 pag.
1431 2086 1485 2113 613,
1502 2086 1530 2108 35
1552 2088 1601 2115 (an.
1619 2086 1688 2113 1381,
1708 2086 1857 2115 Novemb.);
1873 2086 1928 2114 627,
1945 2086 1973 2108 13
1994 2094 2066 2117 sqq.;

202 2130 256 2159 639,
273 2130 312 2153 21.
328 2129 427 2152 Partim
450 2129 494 2152 isti
514 2128 681 2160 oppressioni
697 2128 884 2151 ascribendum
899 2131 947 2155 est,
962 2136 1008 2151 cur
1028 2128 1192 2152 Universitas
1213 2129 1297 2152 Paris.
1316 2129 1364 2151 hoc
1379 2133 1496 2160 tempore
1512 2129 1537 2152 iu
1554 2138 1631 2152 causa
1648 2130 1802 2152 Schismatis
1818 2130 1851 2152 ad
1868 2130 2066 2153 haesitationem

202 2181 309 2197 reversa
324 2174 366 2201 sit,
384 2177 409 2197 et
425 2182 474 2205 pro
490 2173 606 2197 Concilio
621 2173 738 2204 generali
754 2173 911 2196 celebrando
927 2173 1110 2196 decertaverit.
1126 2173 1202 2196 Clare
1217 2173 1265 2196 hoc
1281 2173 1436 2204 exprimitur
1456 2174 1525 2205 apud
1543 2175 1645 2198 Chron.
1661 2176 1699 2198 du
1714 2175 1764 2198 rel.
1780 2175 1813 2198 de
1827 2175 2029 2205 saint-Deum,
2046 2175 2065 2203 I,

201 2227 228 2250 p.
244 2220 283 2242 86.
299 2218 463 2242 Universitas
479 2226 520 2241 an.
536 2218 605 2245 1382,
620 2218 676 2241 Oct.
695 2219 717 2246 4,
732 2217 903 2248 privilegium
917 2217 1019 2247 regium
1034 2217 1148 2240 obtinuit
1162 2219 1298 2245 (Auctar.,
1316 2218 1334 2246 1,
1353 2219 1406 2245 627,
1424 2218 1453 2240 13
1469 2220 1546 2249 sqq.),
1562 2222 1703 2249 postquam
1719 2227 1733 2241 a
1747 2219 1902 2241 lectionibus
1918 2223 2068 2242 cessaverat

202 2265 238 2294 (p.
254 2263 308 2291 626,
326 2263 375 2293 29).
391 2262 568 2285 Nihilominus
584 2265 671 2285 tamen
687 2262 827 2293 episcopus
844 2261 927 2284 Paris.
945 2261 1059 2284 decimas
1076 2261 1197 2292 exigebat
1213 2263 1246 2292 (p.
1261 2262 1316 2290 637,
1332 2262 1359 2284 41
1375 2270 1446 2293 sqq.;
1461 2263 1515 2291 639,
1532 2265 1553 2290 5,
1569 2263 1617 2291 21).

296 2307 347 2337 Illi,
362 2307 406 2338 qui
423 2315 453 2330 cx
467 2310 542 2338 parte
556 2306 697 2330 Clementis
715 2307 758 2329 Vll
773 2306 822 2329 isto
842 2309 959 2336 tempore
975 2305 1000 2328 in
1016 2305 1127 2328 Francia
1142 2306 1256 2328 decimas
1273 2309 1422 2337 exegerunt,
1439 2308 1543 2329 suerunt
1558 2307 1689 2337 imprimis·
1703 2307 1754 2329 duo
1769 2308 1919 2330 collectores
1935 2308 2067 2331 Johannes

203 2352 332 2375 Mauberti
349 2355 375 2375 et
393 2352 540 2375 Armandus
556 2350 739 2374 Jausserandi.
757 2350 890 2373 Posterior
910 2358 951 2373 nn.
971 2350 1028 2373 1390
1045 2350 1100 2381 jam
1116 2358 1163 2381 per
1183 2350 1271 2373 decem
1287 2358 1368 2373 annos
1389 2354 1414 2373 et
1429 2351 1497 2374 ultra
1513 2351 1637 2374 collector
1653 2352 1710 2380 fuit,
1730 2355 1757 2374 ut
1774 2352 1871 2383 leg-itur
1890 2352 1915 2375 in
1932 2353 1995 2384 Reg.
2009 2353 2066 2377 vat.

203 2397 285 2421 Clem.
298 2397 353 2425 Vll,
370 2401 400 2419 n0
410 2396 465 2424 301,
478 2397 495 2419 f.
513 2397 550 2419 73.

209 2528 348 2565 1636.
371 2537 548 2563 Deliberatio
565 2537 649 2562 trium
664 2535 838 2570 facultatum
857 2536 980 2561 Univers.
996 2535 1103 2565 Paris.‚
1121 2543 1154 2560 ne
1168 2535 1356 2560 instrumenta
1373 2534 1408 2560 de
1418 2535 1678 2570 permutationibus
1695 2535 1902 2571 beneficiorum,
1921 2538 1948 2563 in
1964 2538 2065 2573 quihus

291 2587 478 2622 pontificatus
496 2585 645 2612 Clementis
665 2586 717 2611 VII
728 2586 858 2620 affertur,
877 2593 978 2619 magno
994 2583 1090 2618 sigillo
1111 2584 1309 2609 Universitatis
1323 2583 1532 2619 sigillat-entur.

1441 2669 1512 2698 1387,
1527 2669 1613 2695 Martii
1627 2670 1651 2699 7,
1667 2670 1780 2697 Parisiis.

294 2760 466 2784 Auctarium
482 2758 619 2787 Chartul.,
636 2759 656 2786 I,
673 2759 727 2788 603,
745 2760 758 2781 5
775 2766 832 2789 sqq.
851 2757 907 2781 Vid.
924 2757 998 2786 ibid.,
1016 2760 1068 2780 not.
1086 2757 1107 2779 1.
1123 2769 1154 2774 --
1170 2757 1238 2779 Haec
1252 2757 1375 2788 probant,
1394 2757 1420 2779 in
1436 2757 1613 2781 Universitate
1631 2760 1691 2781 tunc
1707 2758 1832 2789 temporis
1850 2760 1942 2782 fortem
1958 2767 2061 2782 cursum

200 2807 291 2828 contra
304 2804 463 2828 Clementem
478 2803 524 2826 V11
540 2803 668 2834 viguisse.
