2488 3386
172 322 268 358 1350]
591 334 636 355 AB
670 334 775 356 ANNO
810 333 940 356 necet
974 333 1105 362 USQUE
1139 334 1188 355 An
1224 335 1490 357 ΒΕΝΕοιατυΜ
1524 337 1615 358 xm.
2010 330 2030 361 3

169 414 252 441 tunc
274 419 312 440 se
338 407 482 440 vinculo
507 407 890 440 excommunicationis
910 406 1058 451 ligatum
1081 414 1266 452 agnoscat,
1294 414 1329 440 et
1354 408 1611 441 nichilominus
1638 409 1668 440 si
1694 410 1880 442 convictus
1908 411 2027 449 suerit,

168 480 345 519 tamquam
368 474 512 506 invidus
534 480 568 506 et
588 473 809 506 ambiciosus
834 473 1147 506 animadversione
1169 473 1289 506 debita
1315 475 1494 518 puniatur.
1519 476 1604 515 Nec,
1627 475 1708 507 dato
1735 476 1831 519 quod
1859 476 1918 508 tali
1944 489 2027 510 casu

168 539 388 573 ambiciosus
421 540 571 585 gratiam
611 540 857 584 promocionis
892 539 1063 580 obtineat,
1096 546 1280 584 presumat
1313 540 1519 573 kathedram
1557 541 1788 585 magistratus
1818 543 2026 583 ascendere,

169 618 359 651 quousque
381 613 610 651 presentatus
631 605 675 638 ab
697 606 834 639 Ordine
855 606 964 638 fuerit
984 606 1186 650 expeditus.

257 673 434 715 Quoniam
456 672 690 717 quamplures
716 671 882 704 monachi
908 671 1068 704 scolares
1099 672 1253 705 ordinati
1280 673 1323 705 ad
1345 672 1516 705 lecturam
1531 673 1541 689 ⁶
1564 674 1828 706 Sententiarum
1852 680 1887 706 et
1912 674 2028 706 Biblic

168 745 359 784 gravarent
375 739 519 783 propria
540 738 769 779 monasteria,
788 739 819 771 si
840 744 1069 771 remanerent
1089 738 1126 771 in
1142 739 1338 771 parisiensi
1360 739 1481 771 studio
1502 740 1673 772 continue
1695 752 1810 784 usque
1827 740 1871 772 ad
1888 747 2029 785 tempus

168 805 221 838 eis
246 805 469 850 assignatum
490 805 533 838 ad
554 805 764 849 legendum,
787 804 992 838 consulitur
1016 804 1207 837 abbatibus
1228 805 1438 837 eorumdem
1461 812 1499 838 ut
1519 817 1582 838 eos
1609 812 1779 839 revocent
1799 806 1973 851 ipsosque
1993 807 2029 839 in

167 871 247 905 aliis
268 879 458 916 occupent,
486 872 570 904 dum
598 878 715 904 tamen
741 871 785 904 ad
812 871 972 904 studium
1000 883 1064 904 eos
1091 871 1275 904 remittere
1303 878 1493 904 teneantur
1525 883 1588 916 per
1617 872 1811 905 triennium
1840 879 2027 917 antequam

167 950 283 971 annus
303 938 462 983 incipiat,
486 938 521 970 in
543 950 614 983 quo
642 938 814 971 lecturam
842 938 977 970 fuerint
1003 938 1195 983 incepturi.
1224 938 1260 971 Si
1280 950 1366 971 vero
1388 938 1548 971 scolares
1572 938 1682 983 aliqui
1704 950 1873 971 cursores
1897 939 1970 971 sint
1994 940 2030 971 in

168 1005 301 1046 studio,
324 1005 385 1049 qui
404 1005 570 1037 minime⁵
588 1011 673 1037 sunt
693 1005 736 1037 ad
758 1005 962 1038 Sententias
983 1005 1152 1045 ordinati⁷
1175 1005 1394 1049 permittitur
1415 1005 1526 1049 quod,
1544 1005 1835 1050 quandocunque
1856 1005 2029 1050 placuerit

167 1070 357 1104 abbatibus
379 1071 468 1111 suis,
487 1078 641 1116 possunt
662 1083 725 1104 eos
743 1071 787 1103 de
808 1071 929 1104 studio
951 1082 1133 1103 revocare.

257 1137 445 1171 Inhibetur
465 1138 533 1170 sub
554 1150 645 1183 pena
665 1137 1049 1170 excommunicationis
1065 1137 1134 1170 late
1152 1138 1343 1179 sententie7
1363 1149 1407 1170 ne
1425 1138 1615 1182 quisquam
1632 1137 1743 1170 abbas
1758 1138 1815 1171 vel
1833 1138 2031 1170 monachus

167 1205 287 1238 audiat
302 1204 360 1237 vel
380 1204 477 1250 legat
491 1206 574 1249 jura
594 1205 765 1237 canonica
787 1205 823 1237 in
845 1204 1125 1249 quibuscunque
1145 1204 1255 1244 villis,
1274 1204 1481 1237 civitatibus
1499 1205 1575 1237 sive
1592 1205 1750 1237 castris⁶.
1770 1204 1892 1237 Abbas
1913 1211 2028 1237 autem

167 1272 229 1316 qui
249 1283 360 1316 super
379 1270 447 1304 hoc
468 1271 649 1303 licentiam
667 1271 821 1311 dederit,
844 1271 1228 1303 excommunicationis
1245 1271 1405 1303 incurrat
1425 1271 1638 1303 sententiam
1661 1271 1741 1315 ipso
1762 1271 1867 1303 facto.

254 1337 457 1370 Abbatibus
479 1337 583 1370 etiam
605 1337 767 1369 universi
789 1337 938 1370 Ordinis
965 1336 1150 1369 inhibetur
1170 1348 1215 1369 ne
1235 1337 1271 1369 in
1299 1337 1429 1370 studiis
1454 1336 1720 1381 sollempnibus
1748 1349 1963 1381 quacunque
1987 1337 2031 1369 de

167 1416 272 1437 causa
290 1416 424 1437 moram
446 1404 651 1436 continuam
670 1403 726 1436 vel
748 1403 983 1448 longinquam
1005 1403 1123 1435 facere
1144 1403 1299 1435 audeant
1318 1403 1376 1436 vel
1393 1404 1662 1447 presumantU..

258 1501 325 1524 Bibl.
343 1501 464 1524 Univers.
486 1500 616 1532 Lipsiens.
633 1509 680 1523 ms.
702 1505 731 1523 n⁰
746 1501 799 1528 856,
823 1500 867 1523 fol.
884 1500 936 1528 102,
959 1500 1008 1523 sub
1026 1500 1132 1523 rubrica
1149 1508 1153 1523 :
1173 1508 1184 1522 (t
1200 1500 1235 1523 De
1251 1500 1434 1531 provisoribus
1451 1501 1531 1523 studii
1553 1504 1578 1523 et
1594 1501 1768 1523 studentibus.
1786 1510 1797 1523 »
1814 1515 1844 1518 —
1859 1501 1966 1529 Winter,
1980 1502 2032 1524 Die

168 1545 361 1570 cistercienser
375 1547 423 1570 des
437 1545 574 1569 nordostl.
590 1545 806 1572 Deutschlands,
824 1545 868 1573 III,
882 1545 936 1572 318,
952 1552 965 1567 e
981 1553 1030 1567 ms.
1044 1544 1156 1567 Vindoh.
1171 1545 1231 1567 2234
1247 1544 1323 1567 affert
1338 1544 1416 1567 uliam
1435 1545 1626 1567 ordinationem
1643 1545 1674 1568 ad
1691 1553 1734 1568 an.
1750 1546 1818 1572 1350,
1836 1553 1887 1576 qun
1902 1545 2032 1576 praeseri-

167 1589 246 1619 bitur,
263 1590 396 1613 scholares
418 1590 487 1613 infra
506 1591 600 1613 festum
624 1590 651 1612 S.
668 1589 778 1620 Remigii
794 1589 819 1612 in
837 1589 922 1620 capite
938 1589 1059 1612 Octobris
1080 1588 1148 1612 mitti
1168 1589 1263 1611 debere
1285 1589 1318 1611 ad
1339 1589 1455 1612 studium
1475 1589 1558 1612 Puris.
1577 1598 1588 1611 «
1609 1589 1787 1617 Quantitatem
1810 1589 1951 1612 bursarum
1971 1590 2031 1612 anni

166 1634 295 1666 presentis
311 1638 382 1658 taxat
396 1643 444 1665 pro
460 1635 577 1666 quolibet
592 1635 624 1657 ad
639 1642 704 1658 xvin
721 1637 794 1657 scuta
812 1633 870 1656 auri
885 1633 983 1656 dictum
995 1633 1146 1664 Capitulum
1163 1633 1284 1664 generale
1300 1642 1321 1656 ».

260 1719 282 1742 1.
292 1718 350 1742 Vid.
365 1718 502 1745 Chartul.,
515 1719 547 1746 ΙΙ,
562 1722 591 1740 110
601 1719 655 1742 992.
667 1732 698 1735 —-
709 1718 729 1740 2.
742 1718 817 1746 thid„
831 1727 857 1749 p.
869 1719 923 1744 253,
934 1721 987 1741 not.
1001 1718 1024 1741 [Δ.
1039 1731 1062 1735 —
1075 1718 1097 1740 3.
1115 1718 1178 1741 Ms.:
1195 1726 1205 1740 1(
1222 1717 1358 1740 cellerario
1372 1727 1394 1740 n.
1405 1732 1435 1735 —
1448 1719 1471 1741 [Α.
1484 1718 1530 1741 Ms.
1548 1717 1590 1740 hic
1606 1721 1630 1740 et
1645 1721 1735 1748 postea
1749 1725 1753 1740 :
1765 1726 1776 1740 «
1786 1718 1961 1741 litteraturam
1972 1726 2031 1742 ».—

166 1765 189 1786 5.
204 1763 268 1786 Ms.:
287 1772 298 1786 «
314 1762 419 1785 omnino
436 1771 457 1785 1).
473 1763 538 1786 -6,
553 1762 611 1786 Vid.
629 1763 659 1785 de
676 1762 725 1785 hoc
745 1763 881 1790 Chartul.,
901 1763 933 1790 11,
951 1761 1086 1789 Indicam,
1102 1762 1151 1785 sub
1167 1770 1228 1784 voce
1245 1762 1368 1785 CJSTJ-:Ru
1385 1776 1411 1780 -
1427 1763 1448 1785 7.
1466 1762 1575 1792 Propter
1590 1761 1639 1784 hoc
1655 1762 1772 1792 religiosi
1788 1762 1865 1793 hujus
1882 1765 1906 1785 et
1920 1762 2030 1785 alioruin

164 1807 302 1833 Ordinum.
323 1807 366 1838 qui
385 1810 444 1830 ante
466 1807 648 1838 magisterium
665 1807 691 1830 in
706 1806 839 1838 theologia
858 1806 993 1829 obtentum
1016 1806 1041 1829 in
1064 1806 1173 1829 abbates
1191 1805 1365 1836 eligebantur,
1382 1814 1412 1829 ex
1427 1806 1514 1837 gratia
1534 1814 1612 1837 saepe
1633 1809 1738 1829 sanctae
1761 1806 1830 1829 sedis
1853 1806 1985 1829 licentium
2005 1807 2030 1829 in

163 1851 296 1883 theologia
311 1852 400 1882 adepti
416 1854 486 1875 sunt.

167 1975 189 2011 1
201 1975 307 2012 194.
334 1983 460 2010 Clemens
477 1985 512 2009 Vl
522 1983 658 2018 (Iohanni
672 1982 707 2008 de
719 1983 838 2016 Aciaco)
850 1981 1024 2008 cancellario
1036 1982 1129 2007 Paris.
1145 1981 1265 2007 mandat
1280 1985 1309 2007 ut
1326 1984 1469 2017 Syrnonem
1482 1981 1517 2007 de
1532 1983 1639 2007 Brossa
1649 1981 1666 2013 ¹,
1682 1981 1850 2007 monachum
1865 1984 2032 2008 monasterii

253 2033 351 2059 Sancti
375 2033 504 2068 Dionysii
519 2032 554 2058 de
575 2031 819 2067 Nogentoretrodi,
848 2031 974 2057 Cluniae.
996 2030 1073 2064 Ord¹7
1095 2032 1258 2056 Car-notens.
1277 2031 1378 2065 dioec„
1400 2031 1426 2055 si
1446 2031 1507 2066 ipse
1523 2040 1559 2056 ex
1577 2030 1766 2066 dispositione
1786 2032 1986 2065 magistrorum
2003 2032 2031 2057 in

251 2090 337 2107 sacra
356 2081 467 2117 pagina
487 2081 629 2114 sufficiens
650 2084 779 2116 repertus
797 2080 895 2114 suerit,
918 2079 958 2104 ad
978 2079 1109 2105 honorem
1131 2079 1291 2113 magisterii
1312 2079 1430 2105 studeat
1445 2079 1566 2104 servatis
1589 2078 1666 2104 alias
1690 2078 1796 2104 debitis
1810 2079 2030 2106 solennitatibus

252 2130 329 2164 infra
353 2129 472 2155 duorum
489 2130 625 2155 mensium
641 2129 767 2165 spatium
782 2137 800 2154 a
817 2128 977 2164 receptione
988 2128 1185 2163 praesentium
1197 2137 1369 2164 promovere.
1388 2129 1452 2154 Dat.
1470 2128 1612 2154 Avinione
1627 2128 1671 2161 xvj
1689 2128 1745 2153 kal.
1763 2128 1935 2162 Decembris,
1953 2137 2031 2155 anno

251 2187 340 2205 nono.
357 2189 370 2203 (ι
387 2179 467 2205 Sicut
481 2179 604 2205 debetur
619 2189 644 2204 ».

1307 2214 1383 2242 1350,
1399 2212 1543 2239 Novembris
1559 2213 1596 2242 16,
1613 2213 1742 2239 dremne.

255 2268 318 2298 Reg.
330 2268 387 2290 Vnt.
405 2267 504 2291 Comm.
521 2266 661 2290 Clementis
677 2267 720 2296 VI,
736 2270 765 2289 n0
780 2267 833 2294 201,
849 2266 894 2289 sol.
909 2266 946 2288 11.

255 2352 278 2375 1.
290 2351 327 2374 Ab
349 2359 390 2374 an.
412 2351 480 2378 1361,
501 2352 566 2381 Aug.
583 2351 597 2373 4
613 2352 664 2379 (an.
681 2351 713 2379 9),
731 2350 853 2373 abbatem
869 2350 1039 2377 Ferruriens.,
1057 2357 1115 2372 cum
1138 2352 1207 2372 essct
1228 2357 1298 2380 mag.
1315 2349 1394 2372 theol.
1412 2349 1483 2379 (ch.
1501 2350 1579 2372 Aven.
1605 2350 1691 2373 Innoc.
1708 2350 1749 2378 vl,
1766 2350 1817 2373 vol.
1834 2351 1921 2378 xxm,
1941 2352 1958 2373 s.
1975 2351 2027 2377 107,

161 2395 228 2419 inter
242 2404 303 2427 epp.
320 2404 362 2419 an.
382 2397 414 2425 8),
432 2395 464 2418 ab
480 2395 537 2418 eod.
560 2403 612 2421 an„
629 2394 755 2419 Novemb.
771 2396 808 2422 26,
833 2394 955 2417 abbatem
972 2394 1088 2417 Cluniae.
1108 2394 1192 2423 (ibim,
1214 2394 1265 2417 vol.
1283 2394 1381 2422 XXVII,
1399 2395 1415 2417 s.
1432 2394 1496 2423 227).
1514 2393 1570 2417 Vid.
1588 2394 1656 2416 infra
1671 2395 1703 2417 ad
1719 2403 1760 2417 an.
1780 2395 1846 2422 1351,
1871 2399 1899 2417 n⁰
1915 2395 1983 2423 1201,
2005 2398 2029 2417 (t

163 2440 300 2469 Chartul„
319 2440 350 2467 Π,
367 2448 394 2471 p.
410 2441 464 2467 655,
479 2443 531 2462 not.
548 2440 587 2463 17.

166 2562 305 2599 1195.
330 2571 506 2597 Deliberatio
528 2571 726 2597 [laium-sitatis
742 2571 927 2605 Parisiensis,
947 2579 1004 2606 qua
1022 2572 1122 2596 Petrus
1138 2571 1298 2604 Bere-orius,
1325 2570 1389 2595 ord.
1410 2571 1435 2595 S.
1459 2571 1502 2602 B„
1526 2570 1702 2595 camerarius
1724 2571 1834 2595 Beatae
1859 2571 1972 2595 Mariae
1991 2570 2026 2595 de

253 2620 403 2654 Columbisy
425 2622 535 2646 Car-not.
555 2620 655 2653 dioec„
672 2629 724 2655 pro
745 2629 805 2645 vero
821 2619 949 2645 scholari
964 2619 1138 2653 agnoscitur,
1157 2623 1184 2644 ct
1199 2619 1261 2644 lala
1278 2620 1304 2644 in
1322 2628 1382 2643 enm
1400 2618 1436 2643 ab
1453 2618 1570 2650 officiali
1587 2619 1681 2644 Paris.
1699 2619 1841 2644 sententia
1862 2619 1944 2644 irrita
1964 2627 2025 2644 esse

249 2668 422 2695 declaratur.

1405 2704 1476 2733 1351,
1492 2703 1579 2729 Martii
1589 2704 1613 2732 5,
1629 2703 1741 2729 Parisiis.

251 2789 290 2820 In
318 2788 464 2820 nomine
496 2788 653 2828 Domini,
687 2799 802 2820 amen.
838 2788 905 2819 Per
934 2787 1002 2820 hoc
1033 2799 1185 2832 presens
1216 2787 1398 2831 publicum
1428 2786 1706 2818 instrumentum
1738 2786 1877 2817 cunctis
1908 2792 2020 2829 pateat

162 2853 349 2886 evidenter
370 2855 465 2898 quod
487 2866 580 2887 anno
602 2867 618 2886 a
641 2854 828 2886 Nativitate
851 2854 1012 2897 ejusdem
1038 2853 1181 2886 Domini
1208 2853 1401 2885 millesimo
1428 2852 1683 2884 trecentesimo
1706 2851 2020 2895 quinquagesimO,
