2488 3386
423 318 487 351 464
997 324 1317 347 CHARTULAmUM
1355 323 1545 345 umvcns.
1584 322 1714 344 rAnts.
2193 309 2290 345 [1387

423 400 593 445 generale
615 399 744 433 debeat
765 411 859 432 unus
876 398 1074 432 monachus
1092 398 1279 435 destinari,
1298 409 1361 430 seu
1380 396 1582 429 destinatus
1599 395 1715 428 teneri
1737 407 1816 427 cum
1835 394 1945 428 bursa
1962 401 1997 428 et
2016 395 2291 440 provisionibus

423 467 598 499 ordinatis
626 478 690 511 per
710 466 848 511 papalia
869 466 1032 506 statuta¹,
1055 471 1090 497 et
1112 464 1173 509 qui
1201 464 1399 497 mittendus
1420 462 1529 495 suerit
1553 474 1647 494 anno
1669 461 1834 506 quolibet
1862 461 2024 494 mittatur
2043 461 2134 495 infra
2160 463 2290 496 festum

424 533 591 566 Omnium
615 533 838 574 Sanctorum,
861 532 1023 576 alioquin
1048 531 1209 572 abbates,
1232 531 1388 575 priores,
1417 529 1645 573 supprioreS,
1668 527 1861 569 cellerarii,
1883 528 2041 561 bursarii
2068 535 2103 562 et
2127 528 2188 562 alii
2216 529 2292 562 ossi-

423 599 523 633 ciarii
541 606 575 632 et
590 605 791 633 conventus
809 598 986 631 dictorum
1009 597 1311 630 monasteriorum
1399 601 1590 628 teneantur
1612 594 1747 639 elapsis
1764 594 1908 628 duobus
1930 595 2119 628 mensibus
2141 595 2290 641 duplum

423 666 613 698 bursarum
644 672 680 698 et
710 665 960 710 provisionum
990 664 1200 708 hujusmodi
1233 663 1375 696 mittere
1406 662 1483 694 suis
1515 661 1688 706 expensis
1718 661 1763 694 ad
1795 662 1955 694 studium
1985 662 2291 707 supradictum....

423 734 545 765 Patres
566 738 683 765 autem
705 731 852 764 abbates
873 730 1175 763 monasteriorum
1194 729 1356 770 Ordinis,
1375 728 1411 760 in
1434 740 1588 773 quorum
1606 727 1770 773 quolibet
1786 740 1859 761 non
1877 734 1975 771 sunt,
1993 735 2113 771 erunt,
2130 729 2187 762 vel
2209 741 2292 762 esse

424 805 606 844 poterunt,
634 805 673 831 ut
699 798 892 842 prefertur,
915 797 1106 829 duodecim
1133 795 1312 836 monachi,
1340 795 1501 836 abbateS,
1525 795 1680 840 prioreS,
1704 795 1932 840 suppriores,
1959 795 2182 838 cellerarios,
2204 795 2293 828 bur-

426 865 541 898 sarios
561 871 595 897 et
610 864 700 897 alios
718 863 909 897 officiarios
926 863 1089 908 ipsorum
1112 862 1232 895 talium
1255 861 1558 894 monasteriorum
1576 873 1642 906 per
1661 861 1898 894 inflictionem
1920 861 2095 895 dictarum
2118 874 2291 907 penarum

423 932 576 967 viriliter
593 938 627 964 et
648 930 768 963 debite
786 929 1006 975 compellant
1024 929 1068 962 ad
1090 940 1267 974 expensas
1290 928 1468 961 dictorum
1490 928 1561 961 sibi
1582 928 1831 973 subjectorum
1851 929 2170 971 monasteriorum,
2188 936 2228 962 ut
2247 929 2292 962 de

423 997 567 1030 duobus
585 997 739 1038 tali[bu]s
757 996 988 1029 monasteriis
1003 1002 1036 1028 et
1051 995 1222 1040 expensis
1235 995 1389 1028 duorum
1407 995 1712 1028 monasteriorum
1734 995 1856 1028 talium
1873 1007 2072 1041 pauperum
2090 996 2292 1029 secundum

424 1065 598 1109 prefatum
619 1063 765 1096 modum
792 1062 836 1095 ad
865 1062 1024 1095 studium
1046 1074 1141 1095 unus
1170 1061 1332 1107 ipsorum
1363 1061 1623 1094 monachorum
1654 1061 1877 1095 alternandis
1905 1074 1969 1107 per
1995 1062 2181 1108 singulum
2206 1074 2293 1108 qua-

424 1130 629 1162 driennium
649 1128 791 1162 vicibus
812 1128 1010 1161 monachus
1039 1128 1299 1161 destinetur....
1327 1128 1446 1162 Certis
1475 1128 1580 1161 ctiam
1603 1141 1646 1161 ex
1671 1129 1791 1162 causis
1817 1129 1952 1162 dictum
1979 1129 2185 1174 Capitulum
2211 1141 2294 1175 per-

422 1203 556 1228 motum
588 1195 655 1228 sub
693 1195 1078 1228 excommunicationis
1117 1207 1209 1240 pena
1245 1194 1386 1228 inhibet
1418 1195 1582 1228 districte
1618 1195 1788 1229 omnibus
1823 1195 1974 1229 Ordinis
2011 1195 2212 1238 monachis,
2247 1208 2292 1229 ne

422 1261 646 1294 Aurelianis²
662 1261 720 1295 vel
735 1261 820 1294 alibi
837 1268 934 1294 extra
951 1261 1169 1294 monasteria
1187 1268 1220 1294 et
1233 1262 1351 1294 studia
1364 1262 1480 1307 ipsius
1493 1262 1643 1295 Ordinis
1660 1262 1844 1307 generalia
1859 1269 2070 1308 presumant
2086 1269 2159 1296 tum
2177 1262 2293 1296 solius

422 1328 478 1361 vel
508 1328 755 1373 principaliter
785 1328 896 1361 studii
926 1328 1121 1370 comorari;
1151 1328 1317 1362 licentias
1347 1341 1412 1374 per
1437 1329 1623 1362 dominum
1655 1329 1825 1363 Cistercii
1854 1329 1912 1363 vel
1946 1330 2065 1375 ipsum
2096 1329 2292 1375 capitulum

420 1395 591 1439 generale
611 1395 762 1427 forsitan
783 1406 990 1436 concessas,
1010 1394 1067 1428 vel
1089 1388 1340 1428 ordinationes
1369 1396 1479 1429 saetas
1510 1396 1595 1429 iude
1626 1403 1661 1429 et
1686 1408 1797 1441 super
1817 1396 1885 1429 hoc
1911 1408 1975 1429 seu
2003 1396 2064 1429 tali
2091 1395 2290 1430 residentia

421 1461 578 1494 scienter
598 1462 742 1506 penitus
764 1462 969 1495 revocando
991 1474 1055 1506 per
1076 1468 1239 1495 tenorem
1263 1463 1446 1507 presentis
1467 1463 1603 1496 statuti.

509 1528 776 1561 Dessinitionem
799 1528 844 1561 dc
870 1535 904 1561 et
924 1540 988 1573 pro
1010 1529 1196 1562 mittendis
1222 1529 1265 1562 ad
1287 1529 1437 1562 Ordinis
1464 1530 1583 1563 studia
1605 1530 1790 1575 generalia
1811 1529 2028 1570 scolaribus,
2053 1536 2087 1563 et
2108 1530 2290 1572 tenendis,

421 1594 647 1627 sustinendis
668 1607 707 1627 ac
728 1594 966 1639 procurandis
987 1595 1024 1627 in
1045 1595 1183 1628 eisdem
1205 1608 1299 1628 anno
1321 1608 1438 1641 nuper
1455 1596 1578 1642 elapso
1601 1609 1665 1642 per
1681 1597 1853 1642 generale
1870 1596 2076 1642 Capitulum
2098 1596 2293 1630 salubriter

420 1667 454 1693 et
469 1661 622 1694 viriliter
636 1661 780 1703 editam,
797 1663 839 1704 [a]
857 1661 1085 1694 sanctissimo
1103 1662 1250 1695 domino
1268 1669 1393 1696 nostro
1412 1663 1559 1696 domino
1577 1675 1718 1696 summo
1736 1663 1919 1708 pontifice,
1942 1676 1981 1696 ac
1995 1663 2169 1709 precipue
2190 1675 2293 1696 reve-

422 1727 639 1760 rendissimo
667 1728 703 1760 in
724 1727 868 1761 Christo
891 1735 989 1773 patre
1013 1728 1161 1762 domino
1191 1730 1373 1763 cardinale
1403 1730 1661 1772 Saluciarum³,
1685 1730 1835 1763 Ordinis
1863 1730 1980 1763 nostri
2006 1736 2227 1775 protectore,
2253 1741 2293 1763 ac

421 1793 500 1826 aliis
516 1794 832 1827 reverendissimis
850 1795 1006 1828 dominis
1021 1795 1267 1830 cardinalibus
1282 1797 1410 1830 merito
1431 1796 1489 1830 vel
1506 1797 1550 1830 de
1574 1797 1687 1842 gratia
1711 1796 1981 1842 [approbatam],
2003 1796 2098 1829 idem
2121 1795 2293 1842 generale

423 1860 626 1905 Capitulum
644 1873 686 1893 ex
702 1860 898 1895 abundanti
915 1862 1088 1904 ratissicat,
1106 1862 1282 1908 approbat
1302 1870 1337 1896 et
1357 1863 1546 1897 confirmat
1564 1890 1629 1899 .....
1648 1864 1743 1896 idem
1762 1863 1958 1908 capitulum
1976 1863 2147 1897 omnibus
2164 1870 2200 1897 et
2219 1863 2294 1897 sin·

422 1927 519 1971 gulis
536 1927 720 1960 monachis
749 1928 834 1960 dicti
855 1928 1007 1963 Ordinis
1033 1929 1174 1962 inhibet
1203 1930 1367 1963 districte
1393 1930 1462 1963 sub
1488 1930 1873 1963 excommunicationis
1894 1930 1963 1963 late
1985 1930 2166 1963 sententie
2186 1941 2291 1975 pena,

424 2006 468 2026 ne
496 1993 628 2026 alicubi
649 1994 729 2027 loco
756 2007 973 2040 quocunque
1003 2002 1100 2029 extra
1133 1997 1352 2030 monasteria
1383 1996 1441 2030 vel
1474 1997 1551 2030 loca
1586 1997 1839 2031 conventualia
1870 2004 1969 2030 extra
1997 1997 2114 2042 ipsius
2142 1996 2293 2031 Ordinis

422 2060 539 2092 studia
562 2060 744 2105 generalia
766 2068 975 2106 presumant
994 2074 1100 2095 causa
1122 2063 1238 2096 solius
1259 2064 1316 2096 vel
1338 2064 1587 2109 principaliter
1609 2064 1719 2097 studii
1741 2063 2013 2097 commorari....

511 2126 653 2159 Inhibet
673 2127 777 2160 etiam
800 2127 990 2161 abbatibus
1011 2129 1161 2162 Ordinis
1189 2130 1351 2164 universi
1382 2130 1546 2164 districte
1568 2130 1605 2163 in
1625 2131 1758 2164 virtute
1780 2137 1903 2163 sancte
1925 2129 2134 2163 obedientie
2157 2130 2292 2163 dictum

423 2192 625 2237 Capitulum
654 2194 837 2238 generale,
867 2207 911 2227 ne
941 2195 1137 2229 monachos
1166 2208 1254 2230 suos
1284 2197 1445 2230 scolares
1475 2197 1519 2230 ad
1549 2197 1706 2230 lecturas
1736 2197 1909 2243 precipue
1941 2197 2208 2230 Sententiarum
2234 2196 2292 2230 vel

425 2258 539 2291 Biblie
561 2259 746 2293 ordinatos
763 2272 780 2293 a
798 2261 893 2294 dicto
915 2262 1036 2295 studio
1058 2271 1268 2307 presumant
1289 2263 1494 2309 aliqualiter
1510 2276 1695 2305 revocare,
1714 2264 1831 2297 donec
1848 2263 2006 2296 lecturas
2024 2263 2290 2296 Sententiarum

424 2325 685 2369 compleverint
705 2326 741 2358 in
763 2327 904 2361 eodem.

517 2421 654 2450 anernae,
669 2422 754 2446 Codex
770 2424 795 2449 S.
812 2425 912 2448 Urbani
928 2429 957 2448 n⁰
973 2427 1025 2454 5¹14,
1041 2426 1064 2455 1,
1080 2427 1109 2456 B,
1126 2428 1169 2450 fol.
1188 2428 1235 2451 1-3.
1256 2441 1283 2446 ·—
1299 2429 1375 2459 Apud
1394 2429 1637 2458 Marseneburand,
1657 2430 1732 2454 Thes.
1752 2436 1815 2453 nov.
1834 2430 1940 2456 anecd.¹
1962 2429 2004 2458 lv,
2020 2428 2090 2458 1519,
2112 2427 2246 2451 invenitur
2259 2428 2293 2451 ml

424 2472 465 2487 an.
482 2464 542 2487 1387
558 2466 729 2489 summarium
747 2471 857 2497 tantuin,
875 2473 900 2492 et
922 2470 954 2492 ad
974 2478 1016 2494 an.
1033 2471 1093 2494 1389
1108 2472 1253 2502 prohibitio
1269 2473 1384 2504 Capituli
1401 2474 1543 2504 generalis,
1560 2483 1573 2495 «
1590 2482 1621 2497 ne
1641 2474 1756 2497 scolares
1777 2473 1857 2496 studii
1878 2473 1962 2496 Puris.
1984 2473 2010 2496 S.
2029 2472 2157 2496 Bernurdi
2174 2473 2206 2496 de
2226 2481 2293 2496 novo

425 2508 586 2531 venientibus
602 2511 735 2534 monachis
753 2519 857 2536 manus
872 2514 1030 2543 imponant,
1047 2523 1093 2538 nec
1109 2524 1152 2539 eos
1169 2520 1281 2540 tractent
1296 2517 1364 2540 sicut
1378 2521 1492 2541 tractare
1505 2519 1670 2543 scandalose
1680 2523 1704 2542 et
1723 2518 1847 2548 turpiter
1862 2517 1990 2541 solebam
2007 2527 2029 2540 »-

517 2592 540 2616 1.
553 2592 601 2616 Per
616 2593 783 2617 Benedictum
796 2596 887 2624 xl1,in
907 2598 1046 2627 Chartul.‚
1063 2599 1096 2622 Π.
1108 2613 1137 2617 -
1153 2601 1176 2624 2.
1190 2600 1246 2623 vid.
1264 2600 1327 2624 ibid.
1348 2615 1368 2618 —
1384 2602 1407 2625 3.
1422 2602 1543 2629 Amedeo,
1561 2602 1633 2625 card.
1646 2602 1672 2626 S.
1689 2602 1787 2625 Mariae
1800 2602 1895 2630 Novae,
1911 2602 1945 2625 ab
1958 2610 2001 2625 an.
2016 2602 2084 2632 1383,
2102 2600 2223 2625 Decemb.
2237 2602 2276 2625 23.
