2488 3386
425 345 488 376 534
993 347 1309 371 annTULAan
1345 347 1534 368 UNivnRs.
1571 346 1699 368 PAnls.
2183 332 2283 368 [1390

428 455 567 492 1584.
594 462 718 488 Clemens
735 463 787 487 VII
801 460 947 486 Guillelmo
963 460 998 485 de
1017 461 1129 493 Cussey,
1146 457 1283 483 monacho
1299 461 1420 483 monast.
1438 459 1463 483 S.
1482 457 1603 491 Benigni
1617 456 1652 483 de
1667 457 1791 490 Divione,
1811 457 1840 482 0.
1861 457 1886 482 S.
1904 457 1947 490 B.,
1961 455 2098 489 concedit,
2115 458 2145 480 ut
2160 455 2188 480 in
2201 455 2282 480 Pari-

511 513 595 538 siens.
614 511 710 537 studio
725 512 775 545 jus
791 510 957 535 canonicum
972 509 1034 534 suis
1049 507 1210 543 sumptibus
1225 506 1328 532 audire
1345 506 1447 540 valeat,
1465 506 1623 541 superioris
1636 505 1683 531 sui
1695 513 1746 531 nec
1759 505 1852 541 petita
1872 514 1922 531 nec
1937 504 2054 530 obtenta
2071 503 2197 530 licencia.
2215 504 2280 530 Dat.

511 561 652 587 Avinione
666 560 720 593 xvij
735 560 792 585 kal.
810 558 966 587 Februarii,
982 566 1030 583 an.
1047 556 1231 582 duodecimo.
1250 565 1263 580 «
1280 555 1435 588 Religionis
1450 555 1527 581 zelus
1543 565 1567 580 ».
1880 557 1882 559 '

1594 618 1669 646 1390,
1683 617 1801 643 danuam*
1814 617 1851 646 16,
1867 616 1996 643 [rontano.

515 672 578 702 Reg.
596 671 652 693 Vat.
671 671 749 692 Aven.
766 669 906 692 Clementis
920 668 972 695 Vll,
991 668 1042 690 vol.
1060 667 1121 695 ΗΧ,
1136 669 1208 697 quut.
1224 666 1246 693 4,
1261 665 1366 689 Βίυενε.
1381 667 1464 695 form.

427 836 566 873 1585.
593 844 717 870 Clemens
748 845 800 869 VII
820 844 915 877 (Petro
940 842 974 867 de
999 841 1135 874 Ailliaco)
1161 840 1335 866 cancellario
1356 841 1514 866 Parisiens.
1540 840 1673 875 injungit,
1700 843 1729 865 ul
1752 841 1866 866 Petrum
1897 839 2040 874 Magistri,
2070 838 2136 864 ord.
2163 839 2281 864 Eremit.

512 896 537 920 S.
557 897 638 928 Aug,
656 894 705 928 qui
726 892 832 918 dudum
854 893 881 917 in
906 890 1066 916 Basiliensi
1085 893 1111 915 et
1134 889 1256 915 Metensi
1275 898 1329 925 per
1346 889 1444 925 plures
1466 898 1558 914 annos
1580 889 1743 915 Sententias
1766 892 1793 915 et
1812 888 1916 914 deinde
1941 888 1969 914 in
1995 888 2156 914 Parisiensi
2178 887 2284 913 studiis

510 943 633 968 Bibliam
649 942 724 976 legit,
742 945 769 967 et
783 941 893 966 demum
908 944 965 965 tam
981 939 1009 965 in
1020 938 1191 975 provinciali
1207 947 1292 973 quam
1304 938 1436 972 generali
1453 937 1595 973 Capitulis
1609 947 1661 973 per
1675 939 1783 972 fratres
1797 937 1868 963 dicti
1885 937 2000 963 Ordinis
2017 936 2115 962 ultimo
2131 936 2284 962 celebratis

511 992 550 1017 ad
562 991 698 1025 legendas
716 990 877 1016 Sententias
891 989 919 1014 in
930 988 1026 1014 studio
1041 988 1203 1013 Parisiensi
1217 987 1380 1012 nominatus
1395 991 1423 1012 et
1432 986 1599 1023 postulatus
1615 986 1735 1021 ezstitit,
1751 986 1791 1012 ad
1806 986 1943 1021 legendas
1957 986 2119 1011 Sententias
2136 985 2164 1011 in
2179 985 2284 1011 scholis

512 1039 669 1065 ordinariis
685 1039 740 1064 loci
754 1038 893 1064 dictorum
904 1040 1027 1071 fratrum
1039 1037 1199 1062 Parisiens.
1211 1045 1265 1072 pro
1281 1044 1356 1061 anno
1371 1035 1503 1071 sequenti
1518 1039 1643 1071 tempore
1653 1034 1787 1062 aestivali
1802 1035 1976 1060 auctoritate
1991 1034 2154 1070 apostolica
2169 1034 2286 1070 deputet

512 1092 538 1114 et
553 1088 657 1114 deinde
676 1087 716 1112 ad
730 1087 861 1112 honorem
877 1086 1038 1120 magisterii
1058 1085 1176 1110 studeat
1193 1093 1358 1121 promovere
1372 1084 1485 1119 sibique
1501 1083 1615 1118 legendi
1629 1087 1657 1109 et
1671 1083 1789 1119 regendi
1807 1083 1912 1118 ubique
1928 1084 1956 1108 in
1970 1083 2114 1117 facultate
2131 1082 2286 1118 praedicta

513 1137 656 1162 licentiam
673 1136 825 1170 largiatur.
842 1136 904 1161 Dat.
924 1135 1065 1161 Avinione
1080 1135 1118 1160 id.
1135 1134 1226 1162 Junii,
1241 1141 1319 1159 anno
1334 1133 1518 1159 duodecimo.
1538 1144 1551 1157 «
1568 1133 1625 1159 Illis
1641 1133 1693 1166 qui
1708 1133 1851 1166 assumpti
1870 1143 1893 1157 υ.

1646 1218 1722 1246 1390,
1737 1217 1805 1243 «lunii
1819 1218 1853 1246 13,
1869 1217 2000 1243 dveniens.

516 1306 578 1335 Reg.
595 1305 651 1327 Vat.
674 1305 753 1327 Aven.
773 1303 913 1327 Clementis
927 1303 981 1331 vn,
1000 1303 1051 1326 vol.
1074 1303 1136 1331 LIX,
1153 1305 1226 1334 quat.
1242 1304 1264 1330 5,
1281 1301 1387 1326 Divers.
1407 1303 1490 1331 form.
1507 1314 1538 1318 —
1552 1301 1571 1324 E
1589 1301 1678 1326 Gatal.
1696 1300 1791 1325 licent.
1808 1300 1861 1330 (ubi
1881 1309 1892 1323 «
1909 1301 2000 1324 Petrus
2022 1299 2166 1323 Lemnistre
2182 1308 2204 1325 υ,
2220 1299 2288 1323 sicut

424 1350 480 1381 ipse
495 1349 573 1372 etiam
587 1348 687 1376 scribit,
703 1348 778 1371 Arch.
795 1351 847 1370 nat.
862 1347 945 1371 Paris.
962 1348 986 1371 J.
999 1347 1054 1376 517,
1070 1351 1098 1370 n⁰
1111 1348 1177 1378 203),
1191 1355 1233 1370 an.
1251 1347 1310 1369 1397
1324 1346 1349 1369 in
1365 1346 1445 1369 theol.
1459 1345 1608 1369 licentiatus
1624 1348 1672 1369 est.

429 1515 569 1552 1586.
596 1524 714 1549 Carolus
736 1525 776 1556 VJ,
795 1532 846 1549 rex
859 1524 1040 1557 Francorum,
1054 1522 1195 1558 prohibet,
1211 1531 1245 1548 ne
1261 1523 1325 1558 quis
1342 1522 1513 1548 medicinam
1525 1521 1566 1548 vel
1578 1521 1752 1556 chirurgiam
1769 1524 1910 1555 exerceat,
1929 1520 1986 1546 nisi
2000 1521 2039 1546 sit
2051 1520 2240 1556 approbatus.

1464 1605 1544 1633 1390,
1558 1604 1667 1637 Augusti
1676 1605 1701 1633 3.
1718 1603 1743 1629 S.
1762 1604 1880 1629 Germani
1890 1603 1914 1628 in
1929 1603 2002 1635 Laya.

515 1690 666 1724 Charlcs
688 1702 750 1735 par
770 1690 801 1722 la
822 1702 928 1734 grace
951 1690 994 1722 de
1016 1689 1106 1722 Dieu
1125 1701 1193 1734 ,roy
1214 1689 1259 1722 de
1281 1690 1415 1722 Franco
1436 1701 1479 1721 au
1502 1695 1650 1733 prevost
1672 1688 1715 1720 de
1738 1687 1854 1720 Paris¹
1878 1694 1913 1720 et
1933 1689 1951 1720 a
1972 1694 2053 1719 tous
2079 1698 2146 1719 noz
2166 1692 2288 1719 autres

421 1757 609 1802 justiciers
630 1768 676 1789 ou
698 1759 714 1789 a
735 1756 834 1788 leurs
857 1756 1096 1794 lieuxtenans‚
1124 1756 1229 1789 salut.
1253 1755 1282 1788 ll
1303 1762 1358 1788 est
1384 1767 1479 1788 venu
1501 1757 1519 1787 ἐι
1539 1761 1663 1787 nostre
1692 1754 1984 1799 congnoissance
2012 1765 2082 1798 que
2104 1752 2288 1798 plusieurs

428 1823 621 1868 praticiens
638 1829 711 1855 tant
727 1835 771 1855 en
788 1823 976 1855 inodccine
992 1834 1131 1855 comme
1153 1834 1197 1855 en
1212 1822 1371 1867 cirurgie
1389 1833 1428 1854 sc
1450 1827 1627 1866 exposent
1643 1821 1879 1853 indeuelnent
1897 1823 1915 1853 ἐι
1930 1820 2057 1853 visitet·
2077 1818 2237 1852 malades
2254 1825 2289 1852 et

427 1889 581 1922 abusent
606 1889 788 1921 desdictes
810 1889 975 1922 sciences
1002 1901 1046 1921 en
1072 1888 1155 1921 eulx
1182 1894 1401 1933 promettant
1428 1894 1462 1920 et
1489 1894 1697 1920 acm-tenant
1723 1887 1777 1919 les
1802 1887 1900 1932 garir
1925 1892 1960 1919 et
1986 1897 2093 1918 curer
2121 1885 2166 1918 de
2189 1885 2288 1918 leurs

428 1955 600 1988 maladies
621 1962 654 1988 et
673 1956 716 1988 de
738 1955 820 1988 eulx
836 1956 924 1988 faire
945 1955 1070 1996 chose7
1093 1954 1251 2000 laquelle
1267 1954 1292 1987 il
1314 1967 1358 1987 nc
1380 1954 1567 1987 sauroient
1587 1966 1631 1987 ne
1649 1954 1864 1999 pourroient
1883 1959 1918 1986 et
1940 1959 2065 1986 contre
2082 1952 2136 1985 les
2157 1958 2291 1985 termes
2331 1990 2334 1993 s

427 2022 472 2054 de
493 2022 525 2054 la
541 2022 654 2055 verite
671 2022 854 2055 desdictes
876 2023 1054 2062 sciences,
1073 2022 1160 2055 dont
1176 2021 1361 2067 plusieurs
1384 2020 1494 2066 perilz
1517 2027 1551 2053 et
1572 2020 1837 2053 inconveniens
1859 2032 1899 2053 se
1920 2026 2004 2052 sont
2024 2025 2059 2052 et
2079 2018 2293 2064 pourroient

430 2088 510 2133 plus
540 2100 649 2133 grans
680 2089 804 2121 ensuit-
834 2101 872 2121 se
902 2100 1065 2133 pourveu
1096 2100 1142 2133 ny
1168 2088 1287 2121 estoit.
1312 2089 1407 2120 Pour
1432 2099 1528 2132 quoy
1554 2099 1660 2127 nous,
1683 2087 1744 2132 qui
1766 2099 1810 2119 ne
1831 2086 2047 2119 vouldrions
2068 2085 2136 2118 telz
2161 2084 2292 2118 choses

430 2155 638 2188 dissimuler
659 2167 703 2187 ne
724 2155 883 2195 souffrir,
906 2167 998 2187 nous
1020 2155 1198 2188 inandons
1216 2166 1260 2187 en
1282 2160 1526 2195 conuncttant,
1546 2165 1584 2186 se
1602 2154 1752 2186 inestier
1768 2160 1835 2195 est,
1854 2160 1889 2186 et
1905 2156 1922 2186 ἐι
1941 2152 2100 2185 chascun
2121 2152 2166 2184 de
2186 2162 2291 2193 vous,

430 2221 460 2254 si
481 2233 618 2254 comme
642 2224 659 2254 a
681 2221 729 2254 lui
756 2222 1007 2267 appartendra.
1031 2234 1100 2266 que
1126 2233 1189 2254 sur
1217 2233 1257 2254 ce
1282 2233 1373 2254 vous
1398 2221 1574 2253 informer
1597 2220 1850 2265 diligeminent
1875 2226 1909 2252 et
1931 2222 1949 2252 a
1971 2218 2076 2252 ceulx
2104 2230 2174 2263 que
2201 2229 2292 2251 vous

433 2294 618 2320 [rouverez
644 2300 716 2320 non
742 2300 871 2333 expers
900 2295 931 2321 ct
964 2288 1196 2321 insouffisans
1218 2290 1235 2320 a
1261 2288 1447 2332 pratiquer
1472 2291 1511 2320 es
1539 2287 1654 2320 dictes
1685 2287 1862 2325 sciences,
1888 2285 2064 2318 defender
2093 2296 2156 2318 sur
2185 2283 2291 2317 telles

434 2354 555 2397 paines
577 2354 663 2397 qu'il
690 2366 780 2387 vous
811 2354 990 2387 semblera
1011 2357 1028 2387 ξι
1049 2355 1136 2387 fairc
1159 2354 1202 2387 de
1231 2355 1353 2387 raison
1382 2366 1451 2399 que
1482 2366 1527 2386 en
1555 2365 1694 2386 aucune
1720 2353 1879 2386 maniere
1904 2352 1949 2384 ilz
1976 2363 2020 2384 ne
2042 2357 2233 2384 excercent
2259 2349 2291 2383 la

434 2420 595 2463 pratique
617 2420 799 2453 desdictes
821 2422 997 2454 sciences.
1022 2423 1064 2453 Et
1083 2433 1128 2454 ou
1155 2433 1214 2454 cas
1234 2433 1304 2465 que
1327 2432 1444 2453 aucun
1465 2432 1538 2453 non
1559 2420 1754 2453 maistrisie
1775 2423 1814 2452 es
1836 2419 2000 2452 sciences
2021 2418 2153 2451 dessuz
2176 2417 2291 2450 dictes

433 2485 614 2518 vouldroit
636 2486 712 2518 dire
735 2494 768 2519 et
793 2488 996 2528 maintenir,
1021 2499 1083 2532 soy
1113 2494 1209 2520 estre
1238 2487 1427 2520 soussisant
1454 2498 1545 2531 pour
1570 2486 1602 2519 la
1631 2486 1725 2519 dicte
1751 2486 1895 2518 science
1919 2496 2100 2526 excercer,
2125 2495 2218 2517 nous
2246 2495 2291 2516 ne

434 2552 587 2584 voulons
609 2564 677 2596 quc
695 2561 934 2586 aucunemcnt
954 2554 977 2586 il
999 2566 1020 2599 y
1039 2554 1110 2587 soit
1130 2566 1237 2587 receu
1254 2555 1411 2599 jusques
1432 2553 1475 2586 ad
1496 2565 1536 2585 ce
1558 2552 1645 2597 qu’il
1666 2564 1756 2585 vous
1777 2555 1909 2597 appere
1931 2551 2016 2596 qu'il
2038 2551 2109 2584 soit
2129 2550 2292 2583 examine

435 2624 470 2650 et
491 2622 615 2650 trouve
634 2619 821 2651 souffisant
837 2632 898 2663 par
915 2620 1015 2653 ceuls
1032 2623 1049 2653 a
1067 2621 1127 2664 qui
1145 2620 1170 2652 il
1186 2620 1401 2665 appartient.
1420 2621 1548 2652 Donne
1570 2622 1587 2651 ξι
1608 2619 1707 2651 Saint
1723 2619 1895 2652 Gerinain
1913 2630 1957 2650 en
1974 2619 2066 2663 Laye
2087 2617 2120 2650 le
2140 2617 2192 2662 iij·
2206 2618 2293 2662 joui·

435 2684 587 2716 d’Aoust
611 2684 679 2716 l'an
706 2685 749 2717 de
779 2697 885 2730 grace
914 2686 974 2718 mil
1004 2687 1093 2719 trois
1121 2699 1207 2720 cens
1235 2693 1361 2731 quatre
1388 2686 1470 2719 vins
1491 2692 1526 2718 et
1546 2685 1617 2726 dix,
1641 2692 1676 2718 et
1696 2685 1729 2717 le
1750 2690 1782 2717 xe
1803 2685 1847 2717 de
1868 2691 1992 2717 nostre
2014 2688 2139 2729 regne.
2160 2684 2239 2717 Par
2263 2683 2294 2718 le

436 2751 513 2794 Ros
528 2762 567 2783 en
582 2762 643 2783 son
659 2751 799 2790 conseil,

1653 2797 1690 2828 L.
1714 2797 1914 2829 BLANCHET.

529 2892 605 2914 Arch.
622 2895 675 2915 nat.
693 2892 787 2917 Paris..
807 2893 880 2915 Livre
901 2901 980 2924 rouge
1002 2893 1078 2916 vieux
1099 2894 1133 2916 du
1158 2894 1285 2923 chistelet,
1301 2895 1320 2917 Y
1332 2896 1353 2922 2,
1369 2895 1413 2917 fol.
1438 2894 1589 2924 101b(91b),
1611 2894 1660 2917 sub
1680 2894 1785 2916 rubrica
1801 2902 1806 2916 ¹.
1825 2903 1835 2915 (ι
1853 2894 1938 2917 Lcttre
1960 2902 2027 2924 pour
2046 2893 2083 2916 les
2105 2892 2252 2923 cirurgiens
2268 2895 2293 2915 et
