2488 3386
224 327 318 363 1385]
642 341 689 362 AB
723 341 830 363 ANNo
864 341 994 363 1110001,
1024 341 1156 369 esoni:
1192 342 1239 362 An
1275 341 1538 363 BENEDICTUM
1576 342 1665 364 Χιιι.
2020 334 2084 365 359

220 414 363 455 larium,
384 414 588 447 consenciit
607 414 678 457 (sic)
701 421 738 447 ut
759 414 938 459 inciperet
959 414 1027 446 sub
1049 415 1190 454 eodem,
1216 415 1277 459 qui
1304 415 1477 459 portatori
1500 415 1633 459 signeti
1665 427 1728 459 pro
1751 416 1846 447 (licto
1868 416 2083 449 cancellario

223 481 369 513 tradidit
398 480 496 525 xxiiij
532 481 689 521 francos,
720 487 754 513 et
780 481 876 513 dicto
904 480 1119 513 cancellario
1150 492 1215 525 pro
1246 481 1424 521 vestibus,
1457 493 1545 525 quas
1577 481 1645 513 sibi
1678 482 1904 525 promiserat,
1939 483 2080 515 tradidit

221 547 427 592 octuaginta
448 547 592 580 francos
612 546 669 580 vel
690 547 796 579 circa.
822 548 864 579 Et
885 547 936 580 sic
957 547 1024 579 fuit
1044 546 1251 579 licentiatus
1273 554 1308 579 et
1328 547 1561 591 magistratus
1583 547 1650 579 sub
1672 548 1812 580 eodem.

310 615 390 647 50⁰⁸.
418 615 505 646 Item
535 620 570 646 et
599 613 697 658 quod
727 613 901 658 magister
930 613 1100 646 Nicolaus
1126 613 1286 653 Vales³³,
1308 625 1401 658 mag.
1429 614 1465 645 in
1490 613 1613 654 theol.,
1638 613 1724 646 Ord.
1755 615 1796 646 sr.
1825 615 1979 654 Predic.,
2002 615 2083 647 licet

221 687 319 713 esset
339 681 530 725 rigorosus
551 686 586 712 et
607 679 804 720 sufficiens,
828 687 945 712 tamen
967 680 1010 712 ad
1031 679 1099 712 hoc
1122 686 1159 712 ut
1180 679 1412 724 expediretur
1433 680 1589 712 celerius
1611 680 1689 712 sine
1716 680 1987 724 impedimento,
2015 688 2083 713 tra-

221 747 312 779 didit
332 747 424 779 ultra
445 747 627 791 signetum
650 746 866 779 cancellario
889 747 1013 779 decem
1034 747 1178 779 francos
1200 746 1289 779 auri.

309 815 388 846 51⁰³.
419 814 504 846 Item
532 820 567 846 et
593 813 691 858 quod
720 813 858 846 electus
884 813 1154 854 Venetensis³⁵,
1181 813 1224 845 de
1255 812 1392 846 Ordine
1414 813 1664 853 Cistcrciensi,
1692 813 1774 857 quia
1800 813 1901 846 solus
1929 814 1965 845 in
1993 814 2084 846 dicta

219 880 386 913 facultate
414 879 599 925 theologie
627 880 695 912 fuit
726 879 932 912 licentiatus
959 887 992 912 et
1022 879 1226 924 expeditus,
1250 879 1396 912 tradidit
1425 891 1489 911 seu
1519 880 1608 912 tradi
1637 880 1721 912 fecit
1748 880 1843 912 dicto
1871 880 2084 913 cancellario

220 953 363 979 centum
384 947 529 979 francos
550 946 639 979 auri.

309 1015 388 1047 52⁰⁸.
416 1015 505 1046 Item
527 1020 561 1046 et
582 1013 726 1058 quidam
748 1014 858 1046 frater
888 1013 1019 1053 Minor,
1049 1019 1278 1057 nuncupatus
1308 1014 1460 1054 [Petrus]
1490 1013 1533 1045 (10
1561 1013 1746 1051 Candia³⁵,
1773 1020 1809 1045 ut
1837 1013 2086 1046 admitteretur

220 1080 264 1113 ad
284 1080 466 1113 licentiam
489 1080 651 1113 tractavit
671 1093 750 1113 cnm
774 1080 870 1113 dicto
891 1079 1120 1120 cancellario,
1143 1092 1181 1112 ac
1203 1079 1319 1112 eidem
1342 1079 1488 1112 tradidit
1509 1080 1714 1124 octuaginta
1735 1080 1878 1112 francos
1899 1080 1988 1112 auri.

309 1148 388 1180 53⁰⁸.
419 1148 503 1179 item
526 1153 560 1179 et
585 1147 682 1191 quod
704 1146 877 1191 magister
902 1146 1139 1191 Philippusffi,
1162 1158 1254 1191 mag.
1278 1146 1314 1178 in
1336 1145 1461 1186 theoI.,
1485 1146 1528 1178 de
1554 1146 1641 1179 Ord.
1665 1146 1865 1187 Carinelit.,
1889 1147 1950 1191 qui
1970 1147 2086 1179 suerat

219 1212 352 1246 absens
382 1225 447 1258 per
475 1220 629 1258 quatuor
655 1225 771 1246 annos
791 1213 849 1246 vel
878 1213 971 1245 circa
998 1225 1016 1245 a
1047 1213 1168 1245 studio
1199 1212 1410 1254 Parisiensi,
1439 1219 1628 1257 antequam
1660 1213 1839 1257 potuisset
1867 1213 2083 1246 audientiam

219 1279 353 1313 habere
375 1291 486 1325 super
505 1280 597 1313 facto
620 1291 685 1312 suo
709 1281 780 1323 (sic)
804 1280 950 1312 licentie
972 1292 989 1312 a
1012 1280 1107 1312 dicto
1129 1279 1359 1320 cancellario,
1378 1280 1563 1324 opportuit
1584 1280 1681 1324 quod
1704 1280 1860 1312 traderet
1879 1292 1922 1312 xx
1942 1280 2085 1312 francos

219 1347 296 1379 auri
317 1346 413 1379 dicto
435 1346 662 1380 cancellario.

309 1414 388 1446 54³⁸.
417 1414 505 1446 Item
528 1420 562 1445 et
583 1413 679 1458 quod
706 1413 824 1446 dictus
846 1413 1085 1446 cancellarius
1112 1413 1310 1445 nonnullos
1337 1412 1571 1446 baccallarios
1602 1413 1842 1445 licentiandos
1870 1425 1934 1457 per
1956 1413 2083 1453 minas,

222 1492 348 1525 preces
368 1480 426 1513 vel
447 1479 534 1512 alias
555 1480 676 1524 coegit
697 1486 731 1513 et
752 1487 950 1513 consuetus
972 1487 1027 1513 est
1047 1492 1179 1525 cogere
1200 1492 1239 1512 ac
1266 1480 1438 1513 inducere
1462 1486 1498 1512 ut
1519 1480 1693 1524 incipiant
1713 1491 1875 1520 curssus,
1898 1480 2083 1520 lecturam,

220 1547 468 1592 magisterium
498 1546 566 1579 suh
588 1558 644 1588 eo,
668 1546 915 1579 subtrahendo
938 1547 1055 1579 dictos
1081 1546 1315 1579 baccallarios
1342 1559 1359 1579 a
1385 1547 1568 1591 magistris
1590 1547 1679 1587 suis,
1703 1546 1807 1579 311113τ
1834 1546 1966 1591 quibus
1991 1547 2084 1579 fece-

221 1620 304 1646 runt
325 1625 389 1646 seu
410 1614 528 1646 facere
550 1613 742 1658 elegerunt
762 1620 862 1646 actus
884 1625 971 1646 suos
994 1613 1220 1654 scolasticos,
1239 1613 1418 1646 licentiam
1438 1620 1471 1646 et
1494 1613 1739 1658 magisterium
1758 1613 1794 1645 in
1812 1613 1904 1645 dicta
1920 1613 2085 1646 facultate

220 1680 418 1725 theologie,
444 1680 561 1713 dictos
588 1680 783 1725 magistros
804 1680 966 1713 indebite
987 1687 1022 1713 et
1042 1680 1175 1725 injuste
1198 1680 1438 1721 molestando,
1462 1687 1568 1725 prout
1597 1687 1691 1724 patet
1718 1692 1825 1724 supra
1848 1680 1891 1712 (10
1913 1680 2085 1725 magistro

217 1746 381 1780 ,Iohanne
404 1747 548 1787 Solacii,
577 1759 681 1791 quem
705 1747 808 1779 nisus
829 1747 896 1779 suit
923 1747 1137 1779 subtrahere
1158 1747 1332 1792 magistro
1356 1746 1535 1791 Stephano
1558 1747 1602 1779 de
1624 1746 1858 1780 Calvomonte
1880 1746 2019 1779 doctori
2050 1747 2085 1778 in

219 1813 416 1858 theologia,
439 1825 544 1858 quem
569 1813 686 1846 dictus
707 1813 890 1846 Johannes
914 1813 1043 1846 Solacii
1066 1813 1243 1858 elegerat,
1272 1820 1304 1846 et
1335 1814 1371 1846 id
1401 1814 1445 1846 de
1475 1813 1646 1858 magistro
1673 1813 1835 1846 Johanne
1862 1813 1905 1845 de
1927 1814 2083 1855 Quercu,

219 1892 323 1924 quem
347 1880 486 1912 induxit
510 1886 545 1912 ut
568 1879 635 1912 sub
653 1892 691 1912 se
713 1880 901 1925 inciperet,
921 1880 1113 1925 ipsumque
1131 1880 1234 1912 nisus
1256 1881 1321 1913 suit
1344 1880 1556 1913 subtrahere
1575 1880 1747 1924 magistro
1766 1880 1911 1924 Symoni
1934 1881 2082 1919 Freron,

220 1946 361 1979 doctori
382 1946 418 1978 in
442 1946 637 1991 theologia.
660 1947 757 1979 Idem
781 1947 885 1979 etiam
909 1953 963 1979 est
984 1947 1028 1979 de
1050 1947 1223 1992 magistro
1247 1947 1376 1991 Egidio
1399 1947 1442 1979 de
1460 1947 1618 1991 Campis,
1637 1959 1741 1991 quem
1766 1958 1888 1979 revera
1910 1946 2086 1979 subtraxit

221 2025 284 2057 per
305 2013 420 2045 minas
442 2019 477 2045 et
497 2012 596 2045 alias.
622 2014 664 2045 Et
684 2013 778 2045 idem
798 2013 842 2045 (10
863 2013 1037 2058 magistro
1055 2013 1252 2046 Guillelmo
1270 2013 1483 2053 Trebron³⁸,
1503 2014 1675 2057 magistro
1693 2013 1896 2052 Coranum,
1913 2013 2085 2056 magistro

219 2079 382 2113 Johanne
405 2079 460 2120 [de
483 2079 676 2120 Florentia]
690 2080 715 2096 '⁴⁰
737 2079 781 2111 (10
803 2079 940 2112 Ordine
962 2080 1194 2120 Servitarum,
1223 2092 1314 2124 quos
1348 2092 1410 2124 per
1437 2080 1603 2112 diversos
1633 2079 1772 2117 modos,
1799 2079 1886 2119 vias,
1910 2079 2023 2111 minas
2052 2086 2084 2111 01

220 2146 485 2192 promissiones
508 2146 550 2178 dc
579 2146 705 2190 primis
734 2145 824 2178 locis
846 2145 1023 2179 habendis
1045 2146 1186 2179 induxit
1206 2153 1240 2179 et
1261 2147 1379 2191 coegit
1402 2146 1444 2178 ad
1471 2146 1715 2190 incipiendum
1739 2157 1903 2178 curssum
1928 2146 1962 2177 in
1986 2145 2085 2177 theo-

217 2213 325 2258 logia,
350 2213 512 2258 recipere
540 2213 721 2245 lleentiani
748 2219 780 2245 01
810 2213 1057 2257 magisterium
1089 2213 1124 2245 in
1153 2213 1276 2245 eadem
1307 2213 1473 2245 facultate
1500 2212 1568 2245 sub
1591 2213 1683 2256 ipso,
1708 2213 1900 2256 magistros
1922 2212 2082 2256 ipsorum

218 2279 378 2312 indebite
400 2279 660 2312 deffraudando
683 2279 759 2312 suis
781 2278 1018 2312 baccallariis.

306 2347 386 2378 55¹³.
413 2347 502 2378 Item
525 2352 560 2378 et
589 2345 687 2390 quod
716 2345 811 2378 idem
841 2345 1079 2378 cancellarius
1107 2345 1238 2378 solitus
1266 2352 1321 2378 est
1351 2352 1386 2378 et
1415 2345 1605 2378 consucvit
1632 2345 1829 2378 nonnullos
1852 2344 2085 2377 baccallarios

218 2412 459 2445 licentiandos
480 2412 516 2444 in
538 2413 631 2445 dicta
653 2412 819 2444 facultate
840 2412 1024 2457 theologie
1048 2412 1210 2457 recipere
1232 2419 1266 2445 et
1286 2412 1474 2445 admittere
1501 2412 1544 2444 ad
1575 2412 1754 2444 licentiam
1785 2423 1857 2444 non
1888 2411 1998 2456 petita
2019 2423 2084 2444 nec

219 2479 364 2512 obtenta
391 2479 627 2524 deposicione
649 2490 714 2511 seu
736 2478 1005 2511 deliberacione
1032 2479 1287 2524 magistrorum
1310 2478 1489 2511 facultatis
1514 2478 1698 2523 theologie
1721 2491 1784 2511 seu
1806 2478 1952 2522 majoris
1974 2478 2084 2522 partis

218 2545 381 2591 ipsorum
403 2557 513 2590 super
530 2545 758 2586 sufficientia,
775 2545 860 2586 vita,
883 2545 1046 2578 moribus
1067 2545 1277 2590 hujusmodi
1299 2545 1601 2578 licentiandorum
1624 2557 1662 2577 ac
1681 2545 1724 2578 de
1742 2545 1869 2578 ordine
1891 2557 1955 2577 seu
1976 2544 2084 2577 collo-

217 2612 357 2645 catione
378 2612 556 2656 ipsorum,
578 2624 616 2644 ac
638 2623 774 2656 ponere
796 2611 832 2644 in
853 2611 944 2644 locis
966 2611 1099 2656 quibus
1119 2612 1208 2654 vult,
1234 2619 1272 2645 ut
1297 2618 1393 2657 patet
1418 2611 1461 2644 de
1488 2611 1632 2644 duobus
1652 2611 1823 2644 fratribus
1844 2610 2081 2643 MinoribusM

219 2685 253 2711 et
273 2678 309 2711 in
330 2678 456 2711 ultimo
474 2678 754 2723 Augustinensi,
774 2678 947 2724 magistro
969 2678 1116 2711 Nicolao
1135 2678 1178 2711 de
1200 2680 1309 2712 Costa
1330 2679 1438 2711 sratre
1460 2678 1615 2719 Minore,
1635 2678 1807 2723 magistro
1825 2677 2020 2710 Guillelmo
2038 2677 2081 2708 (10

218 2745 325 2778 Costa
338 2746 376 2786 ²²,
395 2745 482 2778 Ord.
506 2744 752 2786 Cluniacens.,
776 2757 868 2790 quos
890 2744 1087 2778 licentiavit
1107 2746 1186 2779 sine
1207 2745 1275 2778 hoc
1297 2745 1394 2790 quod
1416 2745 1460 2777 de
1482 2745 1572 2789 ipsis
1592 2746 1722 2777 faceret
1744 2744 1891 2777 verbum
1915 2744 1951 2775 in
1972 2742 2081 2775 sacul-

218 2818 288 2844 tate
309 2811 508 2856 theologie,
527 2811 724 2844 nonnullos
742 2818 866 2844 contra
882 2811 1103 2845 voluntatem
1128 2812 1382 2857 magistrorum
1401 2811 1559 2843 omnium
1578 2811 1634 2843 vel
1657 2811 1780 2843 saltem
1804 2810 1949 2854 majoris
1972 2809 2081 2853 partis

218 2878 379 2923 ipsorum
415 2878 509 2910 dicte
541 2878 719 2911 facultatis
751 2877 950 2923 theologie,
986 2885 1093 2923 prout
1124 2885 1272 2923 apparet
1302 2878 1345 2910 de
1372 2878 1467 2910 dicto
1503 2878 1677 2921 magistro
1708 2879 1833 2909 Yvone
1865 2874 2079 2912 Lamederii,
