2488 3386
455 347 519 378 204
1023 356 1339 378 CHARTULARIUM
1375 355 1566 376 Uvaaas.
1603 354 1733 376 PARIS.
2090 352 2092 355 ·
2218 341 2317 377 [1372

455 442 553 462 suam
583 429 779 474 predictam
810 430 845 462 in
875 429 952 462 suis
984 429 1191 462 racionibus
1218 436 1253 461 ct
1282 429 1426 461 motivis
1453 427 1629 460 haberent
1658 427 1797 468 audire,
1827 434 1862 460 et
1890 427 2126 460 Universitati
2156 428 2318 472 predicte

456 495 615 535 refferre,
639 502 677 527 ut
698 507 761 539 per
781 507 855 528 eam
879 495 1039 540 predicte
1061 495 1202 527 nacioni
1225 494 1334 527 breve
1355 494 1458 526 fieret
1472 493 1620 537 justicie
1641 493 1958 538 complementum.

544 562 613 604 Qui
635 562 779 606 quidem
801 562 974 606 magister
994 561 1199 602 Marcelius,
1224 561 1369 593 nomine
1395 567 1430 592 et
1456 567 1622 604 tanquam
1649 566 1862 605 procurator
1883 571 1948 592 sue
1974 560 2138 593 nacionis
2167 560 2316 605 prefate,

455 628 498 661 ad
519 628 598 669 hoc,
619 635 656 660 ut
675 628 872 667 asserebat,
890 628 1050 673 legitime
1072 628 1302 668 constitutus,
1322 627 1357 659 in
1379 627 1448 659 mei
1470 626 1605 671 publici
1628 627 1757 659 notarii
1779 633 1814 659 et
1830 626 2007 660 dictorum
2026 626 2316 672 subscriptorum

456 695 599 727 testium
622 695 821 739 presencia,
845 701 1064 739 protestatus
1091 694 1158 726 fuit
1178 694 1221 726 de
1249 693 1477 738 appellandO,
1501 694 1647 726 nomine
1673 693 1922 738 procuratorio
1949 694 2126 738 predicto,
2149 694 2185 726 in
2206 706 2316 727 causu

456 761 528 804 (sic)
550 773 620 805 quo
642 761 677 793 in
699 761 775 793 suis
797 760 1003 793 racionibus
1025 773 1096 793 non
1117 760 1314 800 audiretur,
1338 766 1373 792 et
1392 760 1435 792 ad
1457 772 1517 793 eas
1539 760 1785 793 ostendendas
1812 760 2081 793 racionabiliter
2101 772 2174 793 non
2194 761 2318 794 admit-

456 834 604 868 teretur,
635 827 692 860 vel
722 827 808 859 alias
836 839 981 871 quoquo
1010 827 1117 859 modo
1146 827 1248 859 nacio
1277 838 1340 859 sua
1371 827 1531 871 predicta
1561 834 1785 872 gravaretur.
1815 826 1957 868 Quibus
1986 827 2037 860 sic
2065 827 2166 864 actis,
2199 827 2318 861 dictus

458 900 587 933 rector,
614 894 650 925 in
681 893 857 926 dictorum
889 894 1074 926 doctorum
1107 899 1141 925 et
1172 893 1427 938 magistrorum
1457 893 1726 926 deliberacione
1759 894 1879 938 posuit
1908 901 1943 926 et
1972 894 2108 927 eisdem
2142 894 2317 939 precepit,

457 959 554 1004 quod
584 959 827 992 deliberarent
856 971 965 1004 super
995 959 1064 991 hiis
1095 971 1164 1003 que
1195 959 1230 991 in
1261 971 1385 992 eorum
1416 959 1685 993 deliberacione
1717 967 1898 1005 posuerat,
1930 961 2079 993 maxime
2109 972 2220 1005 super
2245 960 2318 994 illis

456 1026 628 1059 articulis.
653 1027 695 1058 Et
724 1026 951 1070 postmodum
979 1026 1084 1058 dictis
1111 1026 1340 1059 facultatibus
1362 1033 1396 1058 et
1417 1033 1571 1071 quatuor
1591 1026 1820 1065 nacionibus,
1842 1026 2013 1060 videlicet
2032 1027 2184 1060 nacione
2205 1026 2318 1061 Galli-

457 1104 555 1132 cana,
573 1093 723 1125 nacione
746 1092 989 1133 Picardorum,
1013 1093 1163 1125 nacione
1184 1094 1473 1125 Normannorum
1496 1100 1531 1126 et
1551 1094 1703 1126 nacione
1720 1093 1932 1138 Anglicana,
1951 1100 1990 1126 ut
2010 1100 2225 1127 consuetum
2247 1100 2315 1136 est,

456 1159 499 1191 ad
521 1165 655 1203 partem
677 1158 878 1199 sustractis,
901 1165 935 1191 et
956 1158 1073 1191 habita
1095 1158 1363 1192 deliberacione
1385 1160 1479 1192 inter
1500 1160 1610 1205 ipsas,
1639 1167 1673 1194 et
1701 1167 1825 1205 postea
1850 1160 1894 1193 ad
1920 1160 2211 1194 deliberaciones
2233 1172 2317 1194 suas

457 1225 660 1258 reddendas
690 1225 815 1258 iterato
841 1226 1087 1270 congregatis,
1110 1226 1324 1259 deliberavit
1351 1227 1469 1259 dictus
1495 1233 1627 1268 rector,
1651 1227 1797 1260 nomine
1824 1227 2003 1260 facultatis
2030 1228 2179 1268 arcium,
2202 1227 2318 1273 primo

457 1303 520 1336 per
541 1290 635 1324 hunc
657 1292 800 1324 modum
821 1303 827 1324 ε
846 1291 1027 1331 videlicet,
1047 1292 1143 1337 quod
1165 1293 1235 1325 due
1257 1293 1428 1326 naciones
1450 1293 1701 1326 deliberabant
1721 1294 1948 1339 simpliciter,
1967 1294 2063 1339 quod
2090 1294 2319 1327 mitterentur

456 1357 541 1390 dicti
561 1357 701 1390 articuli
723 1359 815 1390 sicut
845 1365 945 1391 erant
973 1365 1007 1391 et
1034 1366 1119 1391 sunt
1146 1360 1271 1404 scripti
1299 1366 1333 1392 et
1363 1360 1529 1405 sigillati3
1559 1367 1594 1393 et.
1623 1360 1691 1393 alie
1720 1361 1790 1393 due
1820 1361 1992 1394 naciones
2014 1360 2265 1394 deliberabant
2284 1367 2319 1394 et

456 1424 758 1465 deliberaverunt,
782 1425 878 1469 quod
909 1437 981 1457 non
1010 1426 1237 1458 mitterentur
1264 1414 1358 1459 sicut
1387 1433 1487 1466 sunt3
1511 1427 1575 1460 sed
1606 1427 1666 1459 ille
1694 1427 1883 1468 articulus,
1905 1428 2000 1460 dicte
2026 1428 2169 1460 nacioni
2190 1426 2319 1473 Angli-

455 1502 541 1523 cane
564 1490 860 1535 prejudiciabilis,
880 1491 1036 1524 totaliter
1053 1492 1308 1537 deponeretur.
1334 1494 1488 1538 lnsiner
1509 1494 1682 1538 magister
1699 1495 1826 1527 Petrus
1848 1495 1952 1539 Lupi,
1971 1495 2117 1527 nomine
2138 1494 2320 1527 facultatis

456 1557 646 1590 medicine.
678 1557 890 1590 deliberavit
919 1558 1145 1603 simpliciter,
1176 1559 1273 1603 quod
1304 1560 1533 1593 mitterentur
1563 1561 1649 1593 dicti
1679 1560 1820 1594 articuli
1853 1567 1960 1606 prout
1989 1568 2074 1594 sunt
2103 1560 2255 1606 sigillati
2285 1567 2320 1594 et

455 1623 621 1655 ordinati.
656 1624 797 1664 Tercio,
829 1624 1000 1669 magister
1030 1625 1242 1659 Lambertus
1272 1626 1316 1659 de
1347 1626 1451 1659 Flore
1482 1627 1599 1669 Sicco,
1628 1627 1787 1660 decanus
1817 1627 1996 1660 facultatis
2027 1627 2316 1669 decretistarum,

455 1689 600 1722 nomine
621 1690 798 1722 facultatis
820 1702 883 1723 sue
905 1691 1119 1725 deliberavit
1139 1704 1202 1737 per
1223 1692 1318 1726 hunc
1340 1694 1485 1726 modum
1510 1706 1516 1726 2
1540 1694 1670 1739 primo,
1693 1694 1790 1739 quod
1817 1694 1909 1727 dicta
1936 1695 2038 1727 nacio
2059 1694 2259 1740 Anglicana
2279 1694 2317 1727 in

456 1755 532 1788 suis
562 1756 762 1789 rationibus
792 1757 977 1790 audiretur
1002 1759 1119 1803 quoad
1149 1760 1338 1792 articulum
1367 1760 1481 1802 illum,
1511 1773 1618 1805 quem
1650 1761 1719 1794 sibi
1751 1761 1837 1794 dicit
1870 1773 1952 1794 esse
1984 1761 2315 1806 prejudiciabilem,

456 1822 617 1855 secundo
638 1822 862 1865 deliberavit,
885 1825 981 1868 quod
1001 1825 1060 1857 alii
1081 1826 1221 1859 articuli
1244 1827 1322 1859 sine
1343 1827 1508 1860 ulteriori
1534 1828 1713 1861 dilacione
1739 1828 1782 1861 ad
1811 1829 1945 1861 curiam
1972 1828 2315 1862 transmitterentur.

456 1889 590 1929 Quarto
611 1889 691 1921 loco
708 1889 921 1923 deliberavit
942 1892 1113 1936 magister
1129 1893 1324 1927 Nicholaus
1341 1894 1385 1926 de
1407 1894 1608 1939 Laingniis,
1626 1895 1773 1928 nomine
1793 1895 1972 1928 facultatis
1994 1906 2095 1928 sacre
2117 1894 2316 1940 theologie,

456 1955 552 1999 quod
573 1955 666 1988 dicta
687 1956 788 1988 nacio
810 1957 1007 2002 Anglicana
1028 1959 1064 1990 in
1090 1960 1166 1992 suis
1195 1960 1396 1993 rationibus
1426 1961 1630 2002 audiretur,
1658 1968 1693 1994 et
1722 1962 1765 1995 ad
1796 1961 1876 1995 illas
1907 1961 2106 1994 audiendas
2134 1961 2319 2006 deputavit
2343 1994 2348 1997 ,

455 2021 682 2055 venerabiles
698 2023 796 2056 viros
816 2024 1024 2068 magistrum
1048 2026 1237 2070 Symonem
1256 2028 1391 2060 Freron
1413 2028 1458 2060 de
1479 2028 1632 2061 nacione
1649 2028 1846 2070 Gallicana,
1871 2029 2081 2073 magistrum
2103 2027 2317 2061 Nicholaum

456 2087 606 2120 Oresme
633 2089 794 2122 nacionis
820 2091 1120 2133 Normannorum,
1143 2099 1177 2125 et
1203 2094 1413 2139 magistrum
1436 2096 1579 2127 Petrum
1604 2096 1730 2129 Brevis
1757 2095 1920 2128 nacionis
1946 2095 2192 2136 Picardorum,
2216 2106 2317 2128 sacre

458 2153 638 2199 theologie
660 2156 887 2199 professores
906 2169 912 2189 :
936 2164 970 2190 et
991 2165 1178 2203 postquam
1201 2167 1299 2193 esset
1318 2161 1438 2194 audita
1460 2162 1552 2194 dicta
1575 2163 1691 2204 nacio,
1715 2169 1798 2195 tunc
1819 2162 1923 2195 fieret
1944 2162 1988 2194 de
2006 2162 2168 2195 articulis
2190 2173 2316 2195 secun-

457 2220 540 2252 dum
569 2221 665 2265 quod
698 2222 791 2254 dicte
822 2223 1054 2257 Universitati
1084 2226 1268 2259 videretur
1297 2228 1480 2272 expedire.
1514 2230 1556 2261 Et
1585 2229 1741 2262 finaliter
1771 2228 1986 2262 deliberavit
2016 2228 2113 2261 idem
2144 2228 2318 2274 magister

457 2286 650 2319 Nicholaus
672 2288 716 2320 de
737 2288 935 2334 Laingniis,
954 2292 1099 2324 nomine
1121 2305 1192 2337 quo
1214 2305 1334 2338 supra,
1353 2295 1450 2339 quod
1471 2295 1590 2328 littere
1611 2296 1712 2340 regie
1734 2307 1845 2341 super
1865 2302 2019 2340 quatuor
2040 2295 2188 2328 milibus
2209 2295 2318 2328 flore—

457 2364 584 2385 norum
616 2365 658 2386 ex
687 2366 781 2387 nunc
809 2356 887 2389 sine
915 2357 1078 2390 ulteriori
1106 2359 1283 2393 dilacione
1311 2361 1353 2393 ad
1383 2362 1517 2394 curiam
1550 2363 1870 2396 transtnittantur².
1901 2364 1952 2395 De
1980 2369 2015 2395 et
2042 2374 2152 2407 super
2181 2361 2315 2407 quibus

457 2419 625 2452 omnibus
651 2427 686 2453 et
712 2421 880 2466 singulis,
904 2423 1021 2457 dictus
1053 2426 1224 2470 magister
1250 2428 1457 2466 Marcelius,
1487 2429 1633 2462 nomine
1655 2442 1726 2474 quo
1754 2441 1875 2474 supra,
1907 2429 2018 2474 peciit
2045 2441 2063 2461 a
2091 2440 2147 2461 me
2175 2428 2316 2462 notario

457 2485 614 2529 publico,
635 2487 671 2519 in
692 2487 868 2521 dictorum
890 2489 946 2522 hic
968 2491 1256 2537 subscriptorum
1278 2495 1423 2527 testium
1445 2496 1647 2540 presencia,
1670 2496 1740 2529 sibi
1768 2496 1847 2529 fieri
1874 2502 1980 2540 atque
2008 2495 2099 2528 tradi
2130 2494 2315 2540 publicum

455 2551 747 2594 instrumentum,
776 2554 852 2588 sive
882 2556 1023 2600 publica
1053 2558 1305 2602 instrumenta,
1328 2573 1451 2603 unum,
1475 2562 1560 2603 duo,
1583 2563 1660 2596 sive
1690 2563 1805 2608 plura,
1828 2563 1912 2595 dum
1943 2569 1978 2595 et
2007 2562 2151 2607 quando
2181 2561 2252 2595 sibi
2282 2567 2318 2595 et

457 2619 598 2651 naeioni
620 2631 685 2652 sue
711 2621 870 2664 predicte
896 2623 1004 2656 fuerit
1033 2632 1262 2669 oportunum.
1294 2629 1381 2661 Acta
1410 2629 1557 2662 fuerunt
1588 2629 1654 2662 hec
1682 2630 1855 2670 Parisius,
1878 2641 1987 2671 anno,
2009 2629 2080 2670 die,
2103 2628 2315 2670 indictione,

456 2696 594 2726 mense,
615 2686 823 2730 pontificatu
850 2695 884 2720 et
913 2689 992 2722 loco
1014 2691 1146 2734 quibus
1176 2704 1295 2738 supra,
1319 2694 1405 2727 hora
1436 2696 1627 2728 terciarum
1650 2696 1707 2729 vel
1735 2696 1892 2737 circiter,
1915 2695 2148 2741 presentibus
2176 2695 2220 2728 ad
2247 2694 2315 2728 hoc

455 2751 725 2785 venerabilibus
756 2760 790 2786 et
819 2754 986 2788 discretis
1012 2757 1112 2799 viris,
1142 2760 1324 2804 magistris
1353 2761 1487 2795 Jacobo
1511 2763 1674 2805 Juvenis,
1704 2763 1907 2796 Guillermo
1929 2762 2156 2803 Carnificis³,
2179 2761 2316 2794 Thoma

459 2817 613 2859 Miellet,
631 2820 814 2863 magistris
836 2820 871 2852 in
892 2821 1041 2864 artibus,
1060 2831 1093 2856 et
1115 2825 1280 2869 pluribus
1301 2827 1381 2860 aliis
1398 2829 1610 2862 doctoribus
1627 2836 1662 2862 et
1682 2830 1879 2874 magistris,
1899 2829 2054 2862 testibus
2075 2829 2119 2861 ad
2139 2828 2317 2873 premissa

456 2884 592 2917 vocatis
613 2885 818 2929 specialiter
838 2893 873 2919 et
894 2889 1040 2933 rogatis.
