2488 3386
433 361 497 393 384
1008 365 1324 388 οιιΑΒτυιΑηιυΜ
1360 363 1549 385 [suivans.
1587 362 1715 383 mes.
2196 349 2295 385 [1385

432 445 588 478 aliquando
604 444 816 477 regradabatur
832 442 999 468 bachalariis
1014 440 1200 467 existentibus
1224 440 1254 465 in
1276 439 1408 465 examine
1432 440 1494 471 post
1518 437 1679 463 dacionem.
1702 437 1901 469 Interrogatus
1921 436 1942 461 si
1964 436 2005 462 illi
2025 436 2061 462 de
2082 436 2129 462 illa
2144 436 2296 462 audicione

432 494 552 519 fuerunt
568 492 715 524 regraciati
731 499 782 524 per
797 491 909 516 dictum
925 490 1140 517 cancellarium,
1154 489 1226 514 dixit
1241 496 1268 514 se
1284 495 1343 513 non
1359 486 1512 513 recordari.

521 542 593 567 ltem
609 549 694 574 super
710 541 767 565 xix⁰
783 540 855 565 dixit
870 541 902 564 ut
918 539 948 564 in
965 538 1138 572 precedenti.

521 591 592 615 Item
608 598 694 622 super
710 594 756 614 xxn
771 589 842 614 dixit
861 596 962 613 verum
978 595 1034 613 esse
1054 586 1133 620 quod
1158 585 1313 611 bachalarii
1334 585 1369 610 de
1389 584 1541 609 audicione
1561 583 1596 609 (Ie
1618 590 1676 616 qua
1700 583 1833 616 loquitur
1854 583 2004 612 articulus.
2026 582 2171 608 dederunt
2193 582 2245 608 sibi
2267 583 2295 608 et

432 639 507 665 soc10
522 646 574 664 suo
586 638 659 663 duos
677 638 789 663 francos
803 639 831 663 et
846 637 933 662 etiam
949 636 1133 661 tradiderunt
1147 635 1186 660 eis
1201 636 1291 660 certas
1311 633 1462 666 peccunias
1482 639 1535 665 pro
1557 632 1703 664 portando
1722 631 1862 665 magistro
1884 639 1947 661 suo.
1969 631 2006 657 de
2027 632 2111 665 cujus
2131 631 2296 665 quantitate

433 696 493 713 non
512 687 688 715 recordatur,
712 694 802 720 quam
826 685 996 719 peccuniam
1021 685 1209 717 portaverunt
1232 683 1309 708 dicto
1332 682 1470 714 magistro
1494 688 1556 706 suo.
1582 681 1779 714 Interrogatus
1802 681 1824 706 si
1848 680 1943 706 dictus
1964 680 2152 706 cancellarius
2175 680 2297 706 retinuit

432 736 539 762 dictam
555 735 737 769 peccuniam,
754 735 825 760 dixit
843 734 923 767 quod
939 742 1009 762 non,
1026 733 1074 758 sed
1089 740 1153 758 eam
1168 731 1316 757 distribuit
1332 731 1407 756 inter
1427 730 1582 755 familiares
1597 737 1673 755 suos.
1692 730 1891 763 Interrogatus
1907 729 1929 755 si
1943 729 2003 763 ipse
2018 730 2096 755 testis
2111 729 2215 755 habuit
2228 729 2297 755 inde

432 785 552 818 aliquid,
566 785 638 810 dixit
653 783 732 817 quod
747 783 794 810 sic.
810 783 857 808 sed
874 790 933 807 non
948 782 1116 807 recordatur
1126 781 1162 806 de
1177 780 1349 813 quantitate.
1363 780 1561 811 Interrogatus
1576 778 1598 804 si
1613 778 1708 804 dIctus
1722 778 1860 812 magister
1872 778 1994 804 retinuit
2009 778 2062 804 sibi
2076 778 2188 811 aliquid
2203 778 2239 804 de
2253 785 2295 806 ea,

432 833 504 858 dixit
519 841 547 859 se
563 833 652 858 nichil
667 832 746 858 scire.
763 831 928 864 Requisitus
942 830 978 856 ad
995 838 1085 863 quem
1101 830 1191 855 finem
1206 829 1351 854 dederunt
1365 828 1455 853 dictas
1470 827 1632 861 peccunias,
1649 827 1722 852 dixit
1744 827 1825 860 quod
1849 835 1901 861 pro
1922 827 2084 853 curialitate
2103 827 2249 853 dederunt
2263 827 2297 852 ut

432 882 532 908 credit.
548 882 713 914 Requisitus
728 881 749 906 si
764 881 884 905 fuerunt
899 880 982 905 citius
998 878 1122 911 expediti
1136 886 1189 911 pro
1202 877 1318 903 datione
1335 877 1410 902 dicte
1428 877 1576 910 peccunie,
1593 876 1665 902 dixit
1680 883 1709 902 se
1724 876 1840 902 nescIre.
1858 876 2056 908 Interrogatus
2072 876 2144 909 quid
2159 875 2298 901 dixerunt

432 930 471 956 eis
485 931 552 956 dicti
569 930 722 956 bachalarii
738 929 857 962 quando
872 928 979 954 dictam
995 927 1166 960 peccuniam
1188 926 1372 952 tradiderunt
1396 925 1573 959 portandam
1594 925 1671 951 dicto
1693 925 1833 958 magistro
1854 932 1916 954 suo.
1933 925 2005 950 dixit
2021 925 2102 958 quod
2121 925 2298 957 rogaverunt

432 986 479 1005 eos
493 981 527 1004 ut
541 986 588 1005 eos
603 977 874 1004 recommendarent
889 977 966 1002 dicto
981 976 1151 1002 cancellario
1163 977 1190 1001 et
1206 975 1409 1008 supplicarunt
1424 974 1584 1008 aliquando
1599 974 1634 1000 de
1650 974 1728 1000 bren‘
1743 973 1939 1007 expedicione.
1956 973 2036 1007 quod
2049 975 2078 999 et
2092 973 2233 999 fecerunt.

519 1028 592 1053 Item
607 1035 693 1060 super
708 1027 767 1059 xxj⁰
783 1026 853 1051 dixit
869 1025 948 1058 quod
961 1026 1001 1051 est
1017 1032 1130 1052 verum.
1147 1024 1226 1057 quod
1241 1024 1317 1049 dicta
1332 1024 1392 1049 duo
1405 1025 1478 1049 serta
1494 1023 1616 1049 suerunt
1630 1023 1695 1048 data
1716 1023 1856 1056 magistro
1869 1030 1921 1048 suo
1936 1030 1988 1055 per
2002 1022 2093 1048 dIctos
2108 1021 2296 1051 bachalarios.

431 1077 479 1102 sed
494 1076 529 1102 ad
540 1084 629 1109 quem
645 1076 735 1101 finem
746 1076 774 1100 et
789 1075 871 1107 cujus
884 1074 969 1107 pretii
984 1075 1077 1099 essent
1091 1073 1215 1106 ignorat.
1231 1072 1396 1106 Requisitus
1411 1072 1432 1097 si
1448 1072 1594 1098 dederunt
1609 1072 1720 1105 aliquid
1735 1071 1787 1097 sibi
1802 1073 1830 1097 et
1841 1071 1902 1097 aliis
1917 1071 2117 1100 familiaribus.
2132 1071 2205 1096 dixit
2217 1070 2298 1104 quod

431 1125 478 1154 sic.
497 1125 543 1150 sed
559 1125 594 1150 de
609 1124 771 1157 quantitate
787 1131 846 1148 non
863 1122 1039 1148 recordatur.
1057 1121 1218 1155 Respondet
1234 1121 1270 1146 ad
1286 1121 1548 1154 interrogationem
1564 1122 1597 1146 ut
1613 1120 1644 1146 in
1659 1120 1743 1154 xiiij0.

518 1174 591 1199 Item
606 1180 692 1206 super
708 1172 778 1205 xxijo
791 1171 913 1197 articulo
928 1171 1000 1196 dixit
1015 1173 1049 1196 ut
1065 1171 1094 1195 in
1111 1176 1159 1196 xx⁰
1174 1170 1308 1196 articulo.

518 1222 590 1247 Item
606 1229 692 1254 super
707 1220 797 1253 xxiijo.
816 1225 882 1245 xxv⁰
895 1220 967 1245 dixit
982 1227 1010 1245 se
1025 1219 1115 1245 nichil
1130 1219 1209 1245 scire.

518 1271 590 1296 Item
606 1278 692 1303 super
707 1270 785 1302 xxvj⁰
799 1269 872 1294 dixit
891 1277 993 1294 verum
1014 1276 1071 1294 esse
1092 1269 1172 1302 quod
1195 1268 1286 1294 cauda
1302 1268 1370 1297 vini,
1387 1268 1422 1293 de
1438 1276 1496 1301 qua
1511 1267 1644 1301 loquitur
1658 1267 1809 1296 articulus,
1829 1267 1885 1293 fuit
1907 1268 2071 1300 presentata
2086 1274 2119 1293 ex
2134 1267 2215 1300 parte
2229 1266 2299 1293 dicti

430 1319 524 1344 fratris
538 1318 687 1344 Guillelmi
709 1318 744 1344 dc
767 1318 886 1344 Roseriis
906 1317 1045 1350 magistro
1065 1325 1126 1346 suo,
1148 1319 1182 1342 ut
1203 1317 1313 1342 audivit
1328 1317 1394 1345 dici.
1409 1317 1460 1350 qui
1476 1316 1565 1342 etiam
1581 1316 1698 1349 recepit.
1714 1317 1743 1342 et
1762 1316 1818 1342 fuit
1834 1316 1925 1349 posita
1944 1316 1975 1341 in
1995 1315 2098 1341 celario
2118 1323 2180 1344 suo.
2199 1316 2228 1342 et
2242 1315 2299 1341 fuit

430 1369 527 1401 potata
542 1367 573 1393 in
588 1367 676 1393 domo
690 1375 750 1395 sua.
765 1368 792 1392 et
812 1367 871 1400 ipsc
887 1366 964 1392 testis
984 1366 1158 1392 multociens
1181 1366 1300 1399 potavit.
1322 1366 1520 1398 Interrogatus
1541 1366 1577 1391 ad
1601 1373 1691 1398 quem
1713 1366 1805 1391 finem
1825 1365 1919 1390 dictus
1943 1365 2030 1390 frater
2050 1364 2116 1390 fecit
2139 1364 2298 1397 presentari

430 1417 537 1442 dictam
553 1416 675 1442 caudam
687 1416 746 1441 vini
760 1416 837 1441 dicto
851 1415 1031 1443 cancellario,
1043 1415 1115 1440 dixit
1130 1423 1158 1441 se
1175 1415 1265 1440 nichil
1280 1406 1358 1441 scire.
1378 1414 1470 1448 Super
1482 1414 1544 1440 aliis
1554 1414 1699 1440 contentis
1713 1414 1744 1439 in
1756 1414 1834 1440 dicto
1847 1414 1971 1440 articulo
1983 1413 2055 1439 dixit
2070 1421 2098 1440 se
2112 1413 2202 1439 nichil
2216 1413 2296 1439 scire.

518 1465 591 1490 Item
606 1472 692 1498 super
708 1464 805 1496 xxvij⁰‚
823 1464 931 1497 xxviiju,
948 1463 1020 1489 dixit
1035 1471 1062 1489 se
1079 1463 1169 1489 nichil
1184 1463 1262 1489 scire.

518 1513 570 1547 liii.
593 1514 713 1539 Smnmss
729 1512 843 1542 Exim-2⁷,
862 1512 1028 1538 licenciatus
1042 1513 1072 1537 in
1088 1513 1208 1541 artibus,
1226 1512 1374 1538 familiaris
1388 1511 1500 1538 domini
1516 1512 1687 1541 cancellarii,
1702 1511 1880 1545 Flamingus,
1897 1511 1980 1537 etatis
1996 1511 2040 1545 xxj
2052 1511 2096 1537 vel
2111 1511 2185 1537 clrca
2200 1517 2296 1537 anno-

431 1571 509 1588 rum.
526 1562 714 1588 Examinatus
729 1569 816 1594 super
832 1567 861 1586 x0
877 1561 998 1586 articulo
1013 1561 1085 1586 dixit
1101 1569 1129 1587 se
1145 1561 1233 1587 nichil
1249 1562 1328 1587 scire.

518 1612 591 1637 Item
607 1618 693 1643 super
709 1610 939 1643 xiij0-xxj0....'2⁸.

519 1661 591 1686 Item
607 1667 692 1692 super
714 1659 782 1692 xxij⁰
804 1659 875 1684 dixit
895 1667 997 1684 verum
1023 1667 1080 1684 esse
1101 1659 1181 1692 quod
1205 1659 1359 1684 bachalarii
1382 1659 1543 1684 audicionis
1567 1660 1703 1684 contente
1727 1658 1758 1684 in
1781 1658 1860 1684 dicto
1881 1657 2004 1684 articulo
2027 1657 2173 1684 dederunt
2197 1658 2250 1684 sibi
2271 1659 2301 1685 et

432 1709 589 1735 Guillelmo
605 1708 699 1734 Rolini
719 1708 793 1733 socio
815 1716 867 1733 suo
889 1708 962 1733 duos
980 1708 1091 1733 francos
1106 1709 1134 1733 et
1152 1708 1263 1741 aliquid
1279 1708 1365 1737 ultra,
1384 1708 1419 1733 de
1436 1716 1494 1741 qua
1513 1708 1678 1741 quantitate
1701 1715 1761 1733 non
1786 1707 1965 1736 recordatur,
1982 1708 2016 1732 ut
2030 1707 2209 1733 divideretur
2223 1707 2300 1733 inter

432 1759 539 1783 ceteros
554 1757 707 1782 familiares
721 1764 773 1790 pro
786 1756 997 1782 curialitatibus
1009 1758 1036 1782 et
1052 1757 1183 1782 serviciis.
1196 1757 1362 1789 Requisitus
1376 1757 1429 1790 qui
1443 1756 1602 1785 distribuit,
1615 1756 1770 1789 respondet
1785 1757 1847 1781 tam
1861 1756 1898 1781 ad
1913 1756 1968 1781 hoc
1989 1763 2081 1789 quam
2097 1755 2134 1781 ad
2148 1755 2204 1782 alia
2220 1757 2256 1782 ut
2268 1755 2301 1782 in

432 1806 637 1839 superioribus.
655 1806 853 1837 Interrogatus
866 1813 956 1838 quare
971 1805 1116 1831 dederunt
1130 1805 1169 1831 eis
1183 1805 1275 1838 magis
1290 1813 1380 1838 quam
1396 1805 1466 1834 aliis,
1481 1805 1553 1830 dixit
1566 1805 1647 1838 quod
1662 1805 1731 1838 quia
1746 1805 1857 1838 majora
1870 1804 1985 1830 servicia
2000 1804 2053 1830 sibi
2068 1805 2195 1831 fecerant
2209 1812 2300 1838 quam

433 1854 481 1880 alii
496 1854 660 1880 familiares.

522 1904 594 1929 Item
609 1910 696 1935 super
712 1902 791 1936 xxiij⁰
805 1902 876 1928 dixit
890 1910 992 1928 verum
1007 1910 1065 1928 esse
1079 1903 1159 1936 quod
1174 1903 1318 1929 nominati
1334 1903 1364 1928 in
1377 1903 1454 1929 dicto
1469 1903 1592 1929 articulo
1608 1903 1729 1929 fuerunt
1744 1902 1872 1932 refutati,
1884 1910 1918 1929 eo
1932 1902 2001 1936 quia
2017 1903 2144 1928 relatum
2159 1902 2215 1928 suit
2229 1909 2300 1928 can-

433 1952 547 1978 cellario
562 1951 641 1985 quod
657 1959 717 1977 non
732 1953 815 1977 erant
829 1951 1013 1977 sufficientes.
1030 1952 1226 1984 Interrogatus
1246 1952 1268 1977 si
1291 1953 1412 1978 fuerunt
1427 1952 1516 1978 oblati
1536 1952 1613 1978 dicto
1635 1951 1806 1978 cancellario
1822 1951 1877 1977 xx‘i
1892 1952 1983 1977 franci
2003 1959 2056 1985 pro
2073 1953 2154 1985 parte
2169 1951 2301 1985 ipsorum

434 2000 666 2029 nominatorum,
681 2000 753 2025 dixit
767 2000 847 2033 quod
863 2000 910 2028 sic.
928 2002 1015 2033 prout
1035 2001 1144 2026 audivit
1159 2001 1214 2026 dici
1230 2009 1245 2026 a
1260 2001 1390 2034 quodam
1406 2001 1441 2026 de
1461 2009 1521 2034 quo
1537 2008 1598 2026 non
1617 2001 1796 2027 recordatur.
1812 2000 1978 2034 Requisitus
1997 2000 2019 2026 si
2042 2000 2137 2026 dictus
2157 1999 2300 2026 cancella·
2342 2000 2345 2002 ’

434 2049 494 2075 rius
508 2049 614 2082 recepit
630 2049 720 2074 dictos
733 2049 785 2074 xxti
801 2050 923 2077 francos.
940 2049 1012 2074 dixit
1027 2049 1166 2075 audivisse
1181 2050 1261 2082 quod
1276 2057 1347 2079 non,
1364 2051 1392 2076 et
1407 2050 1487 2083 quod
1502 2050 1676 2076 refutaverat
1691 2057 1748 2079 eos,
1764 2050 1812 2075 sed
1826 2050 1915 2076 nescit
1930 2057 1989 2083 qua
2000 2049 2036 2076 de
2055 2057 2138 2075 causa
2153 2049 2298 2075 refutavit.

435 2098 631 2130 Interrogatus
646 2098 668 2123 si
683 2098 793 2123 audivit
808 2098 922 2123 dictum
937 2098 1142 2124 cancellarium
1158 2099 1297 2132 conqueri
1313 2099 1382 2132 quia
1399 2107 1458 2124 nou
1472 2099 1612 2125 dederant
1628 2099 1680 2124 sibi
1694 2100 1783 2125 vestes
1795 2099 1866 2124 dicti
1879 2098 2034 2127 nominati,
2047 2098 2119 2124 dixit
2132 2097 2213 2131 quod
2227 2105 2298 2124 non.

435 2147 631 2179 Interrogatus
644 2146 665 2172 si
681 2146 770 2172 credit
785 2146 815 2171 in
831 2147 1005 2172 conscientia
1020 2155 1070 2172 sua
1086 2147 1166 2180 quod
1180 2149 1273 2173 essent
1288 2148 1473 2177 sufficientes,
1488 2148 1561 2173 dixit
1574 2155 1602 2173 se
1616 2147 1734 2177 nescire,
1749 2147 1815 2173 licet
1831 2147 1905 2173 bene
1920 2148 2074 2180 cognoscat
2081 2151 2143 2173 eos.

524 2196 596 2221 Item
609 2202 696 2228 super
709 2201 776 2220 xxv⁰
788 2195 859 2220 dixit
873 2203 900 2221 se
913 2195 1003 2221 ulchil
1018 2196 1098 2225 scire,
1113 2196 1166 2221 nisi
1179 2196 1259 2229 quod
1273 2196 1304 2221 in
1320 2197 1535 2229 presentacione
1548 2197 1731 2230 signetorum
1747 2196 1919 2222 licenciandi
1934 2196 2060 2221 mittunt
2075 2203 2168 2221 unam
2181 2195 2302 2221 bursam

436 2251 505 2269 cum
520 2244 649 2276 pecuniis
664 2244 744 2269 intus
759 2244 897 2277 magistro
914 2252 975 2273 suo,
993 2246 1021 2270 et
1042 2245 1153 2278 aliquid
1178 2245 1265 2271 etiam
1288 2245 1359 2271 dant
1384 2246 1519 2279 portitori
1541 2246 1610 2271 dicti
1632 2245 1745 2278 signeti.
1772 2246 1971 2278 Interrogatus
1986 2244 2136 2278 quomodo
2151 2244 2212 2274 scit,
2228 2243 2302 2270 dixit

437 2292 517 2325 quod
532 2293 705 2318 multociens
719 2293 840 2326 ipsemet
855 2293 981 2326 portavit
996 2293 1143 2326 signetum
1158 2294 1302 2327 pluribus,
1317 2295 1345 2320 et
1360 2294 1521 2327 specialiter
1536 2294 1675 2327 magistro
1688 2294 1816 2320 Johanni
1831 2294 1901 2323 Ade,
1915 2294 2033 2319 cuidam
2047 2293 2193 2319 monacho
2205 2292 2303 2319 Sancti

437 2340 574 2366 Germani
589 2341 624 2366 de
639 2341 737 2368 Pratis.
755 2341 894 2374 magistro
909 2341 1036 2367 Johanni
1052 2342 1086 2368 de
1103 2342 1265 2376 Attigniaco
1278 2345 1306 2368 et
1320 2343 1456 2376 pluribus
1470 2343 1542 2372 aliis,
1557 2350 1688 2376 quorum
1702 2343 1826 2376 quilibet
1842 2343 1895 2368 sibi
1910 2342 2041 2368 tradebat
2056 2342 2175 2367 bursam
2189 2343 2218 2368 et
2232 2349 2302 2375 pec-

438 2389 536 2414 cunias
551 2389 630 2414 intus
644 2397 676 2415 ac
691 2390 778 2415 etiam
792 2390 895 2415 vinum
911 2398 1009 2417 suum.
1022 2392 1055 2416 ut
1072 2398 1158 2424 supra
1172 2391 1285 2417 dictum
1300 2394 1351 2417 est.
1367 2391 1532 2425 Requisitus
1544 2391 1579 2417 de
1594 2391 1759 2424 quantitate
1774 2391 1922 2425 peccunie,
1934 2391 2007 2416 dixit
2022 2398 2083 2416 non
2100 2389 2146 2425 [se]
2158 2390 2302 2416 recordari

439 2437 474 2462 de
488 2437 661 2470 quantitate.

527 2486 600 2511 Item
615 2494 701 2519 super
718 2486 804 2519 xxvjo.
820 2487 918 2519 xxvijo.
934 2487 1031 2520 xxviij⁰
1047 2488 1118 2513 dixit
1133 2496 1161 2514 se
1176 2488 1266 2514 nichil
1281 2489 1396 2514 scire...

527 2533 593 2567 liiij.
616 2534 747 2567 Magister
761 2535 878 2560 Tnoms
894 2543 925 2560 LE
943 2536 1055 2565 chfflz,
1075 2537 1211 2569 magister
1227 2537 1256 2562 in
1271 2538 1381 2563 artibus
1399 2538 1517 2564 studens
1534 2537 1656 2563 Pau-isius
1670 2538 1699 2563 in
1720 2537 1874 2566 medicina,
1890 2537 2019 2563 nacionis
2037 2536 2202 2566 Normanie,
2219 2535 2303 2562 etatis

440 2582 493 2607 xx‘i
509 2590 656 2607 annorum
672 2583 714 2608 vel
729 2583 812 2611 circa,
829 2584 1055 2610 examinatus...

528 2631 566 2657 lv.
589 2632 686 2656 Frater
701 2631 843 2657 Jonxxxsss
859 2632 988 2661 (30115539,
1006 2633 1106 2659 doctor
1121 2634 1150 2658 iu
1167 2635 1321 2667 theologia,
1336 2637 1403 2660 actu
1418 2643 1518 2668 regens
1534 2635 1666 2663 Parisius.
1683 2635 1825 2667 generalis
1847 2635 1936 2660 totius
1956 2634 2073 2660 Ordinis
2095 2634 2197 2660 Sancte
2216 2633 2303 2660 Maria

440 2679 476 2705 de
490 2679 623 2709 Caritate,
638 2679 781 2705 oriundus
797 2681 927 2710 Parisius,
944 2682 1026 2706 etatis
1049 2682 1125 2715 liiijur
1144 2690 1291 2708 annorum
1307 2684 1350 2709 vel
1370 2684 1453 2713 cirea,
1470 2684 1654 2709 examinatus
1668 2692 1755 2717 super
1771 2689 1838 2709 xxv⁰
1852 2685 1880 2709 et
1895 2684 1947 2713 lvo,
1966 2683 2039 2708 dixit
2054 2683 2135 2716 quod
2150 2683 2182 2708 in
2197 2682 2303 2708 ultimo

437 2728 548 2761 jubileo
562 2728 656 2754 dictus
671 2728 856 2754 cancellarius
872 2729 1030 2755 licenciavIt
1051 2730 1134 2759 duos,
1157 2731 1192 2756 de
1207 2732 1314 2764 quibus
1331 2740 1390 2757 non
1411 2733 1477 2758 fecIt
1500 2733 1682 2758 mentionem
1697 2732 1775 2758 dicto
1790 2732 1856 2758 testi
1878 2732 1910 2758 in
1933 2732 2135 2765 inquisicione,
2155 2733 2184 2758 et
2203 2733 2304 2757 tamen

441 2778 614 2802 consuetum
629 2778 689 2802 erat
701 2778 730 2802 et
744 2778 785 2802 est
800 2777 830 2802 in
845 2777 920 2803 dicta
936 2778 1071 2804 facultate
1086 2779 1204 2804 cuilibet
1220 2780 1358 2812 magistro
1374 2781 1555 2807 mentionem
1571 2782 1661 2807 facere
1675 2781 1711 2807 de
1729 2781 1861 2814 quolibet
1877 2781 2066 2810 licenciando,
2083 2782 2111 2806 et
2125 2780 2274 2814 inquirere
2288 2787 2304 2805 a

441 2825 571 2857 quolibet
587 2825 724 2858 magistro
737 2825 772 2851 de
786 2826 852 2854 vita.
871 2826 1001 2852 moribus
1013 2829 1041 2852 et
1056 2828 1190 2853 facundia
1203 2828 1461 2854 licenciandorum.
1479 2830 1677 2862 Interrogatus
1692 2830 1714 2855 si
1729 2830 1777 2855 alii
1792 2829 1923 2863 magistri
1936 2830 2057 2855 fuerunt
2072 2829 2204 2862 inquisiti
2219 2836 2305 2862 super

441 2873 622 2906 deposicione
635 2874 781 2899 dictorum
797 2874 926 2899 duorum
942 2875 1200 2905 licenciandoruni,
1221 2877 1293 2902 dixit
1313 2878 1393 2910 quod
1412 2878 1548 2910 magister
1572 2878 1681 2911 Symon
1696 2879 1814 2907 Freron,
1829 2878 1931 2904 doctor
1946 2878 1977 2903 in
1993 2878 2138 2911 theologia
2155 2877 2306 2910 antiquior

443 2923 506 2954 post
520 2921 675 2950 decanum,
689 2922 761 2947 dixit
778 2922 829 2955 ipsi
846 2923 909 2948 testi
925 2923 1004 2956 quod
1017 2924 1104 2949 ctiam
1123 2925 1202 2950 nulla
1219 2926 1331 2951 mencio
1347 2926 1440 2951 suerat
1456 2927 1506 2952 sibi
1524 2927 1596 2952 sacta
1615 2927 1646 2951 in
1669 2927 1860 2960 inquisicione
1881 2927 2029 2952 dictorum
2051 2926 2190 2952 duorum.
2209 2927 2303 2951 Inter-
