2488 3386
184 360 280 397 1379]
954 373 1000 394 DE
1037 372 1278 395 sculsmmss.
1978 365 2040 397 563

187 475 383 512 1620.1n
404 484 592 510 Universitate
607 484 702 510 Paris.
721 483 756 510 de
773 483 866 509 rotulo
883 483 1020 510 mittendo
1037 484 1077 509 ad
1093 483 1262 510 Clementem
1284 485 1333 509 VII
1348 484 1452 518 agitur.

1331 553 1406 581 7379,
1423 553 1542 581 danum-it:
1558 552 1692 582 Februarii,
1709 555 1757 579 etc.

277 615 335 638 Jam
350 617 409 637 ante
425 613 560 637 Februarii
577 614 605 636 12
624 613 655 636 de
670 614 756 636 rotulo
772 613 898 636 mittendo
916 613 1054 644 agebatur,
1069 616 1094 636 et
1112 613 1161 636 sub
1176 613 1225 636 hac
1241 613 1366 644 temporis
1382 617 1452 640 nota,
1467 613 1534 636 sicut
1551 613 1577 636 in
1595 613 1698 636 natione
1714 614 1857 644 ΑΗΕ-11001111
1872 614 2042 643 referebatur,

183 659 305 681 dominus
325 667 369 682 rex
390 658 501 689 putabat
516 658 647 681 nationem
665 657 802 688 impedire,
816 657 878 688 quin
895 657 996 680 rotulus
1013 657 1214 680 concluderetur
1229 661 1253 680 et
1269 657 1416 680 mitteretur
1432 657 1463 680 ad
1481 658 1638 680 Clementem
1655 660 1782 686 (Auctar.
1803 659 1939 688 Chartul,
1956 659 1974 687 1,
1989 660 2042 686 569,

184 703 214 726 19
235 704 313 734 sqq.).
329 703 398 733 Ergo
411 702 465 733 jam
482 705 543 725 tunc
558 702 590 725 de
605 702 772 725 conclusione
788 702 867 724 rotuli
883 705 969 724 actum
990 705 1039 724 est.
1060 702 1089 725 In
1111 701 1241 726 articulis
1261 702 1457 726 communibus
1479 703 1578 732 (supra,
1600 710 1626 732 p.
1650 703 1703 730 2115)
1724 702 1828 730 dicitur,
1851 703 1936 725 sedem
1958 703 2044 725 Silva-

185 750 299 770 nectens.
313 753 393 771 nwnc
407 754 510 775 vacare,
526 746 595 777 quod
611 754 653 770 an.
673 746 743 774 1379,
758 749 817 769 ante
832 746 908 769 Febr.
923 746 960 774 11,
975 745 1061 769 evenit
1077 745 1139 775 (vid.
1155 746 1229 775 ibid„
1243 755 1269 777 p.
1286 747 1339 775 246,
1357 749 1410 769 not.
1426 747 1474 774 12),
1488 749 1513 769 et
1524 749 1625 776 postea,
1641 746 1721 769 donec
1735 746 1866 769 Johannes
1881 747 1912 769 de
1930 747 2045 770 Diodona

185 791 366 822 episcopatum
380 790 534 822 assumpsit.
550 790 577 813 Si
593 793 729 821 praeterea
745 790 851 818 Bulaeo,
869 791 909 819 IV,
926 790 981 819 961,
997 790 1075 813 fidem
1089 790 1214 813 adhibere
1230 790 1374 822 possimus,
1391 790 1517 813 Hem-icus
1532 790 1631 813 Chicoti
1647 790 1690 821 qui
1706 790 1732 812 in
1748 791 1833 813 rotulo
1850 791 2046 819 Universitatis,

185 838 239 859 nat.
259 835 338 864 Gall„
354 838 382 858 ut
401 838 558 866 procurator
577 835 731 865 designatur
748 834 810 863 (vid.
826 842 907 866 supra
927 843 954 865 p.
972 835 1025 862 259,
1045 838 1098 857 not.
1120 836 1152 864 5),
1171 843 1214 858 an.
1235 835 1294 857 1378
1316 834 1405 865 (1379),
1426 834 1545 857 Januarii
1568 835 1603 864 13,
1622 834 1647 857 in
1663 838 1860 865 procuratorem
1879 839 1931 859 nat.
1953 835 2045 859 Gallie.

185 880 282 903 electus
300 882 349 902 est.
364 879 486 902 Fortasse
500 887 589 902 mense
604 882 729 910 sequente
742 879 909 902 continuatus
929 879 985 902 fuit.

280 923 426 955 Opinamur
443 923 469 946 in
490 932 654 955 quacumque
678 924 801 947 facultate
817 927 841 946 et
857 923 971 952 natione,
986 923 1090 955 quando
1106 923 1131 946 in
1148 931 1237 946 earum
1253 923 1502 954 congregationibus
1519 923 1742 946 determinabatur
1760 923 1790 946 de
1808 923 1973 947 adhaerendo
1988 925 2047 947 Cie-

187 968 267 991 menti
281 968 324 991 VII
340 968 380 990 vel
396 976 447 991 non
461 968 636 996 adhaerendo,
653 968 803 991 discussum
823 968 903 991 fuisse
919 968 949 991 de
965 968 1050 990 rotulo
1064 967 1199 991 mittendo.
1214 968 1287 991 Unde
1303 971 1414 999 apparet
1430 976 1481 998 qua
1497 967 1596 990 ratione
1610 967 1680 990 natio
1694 967 1829 991 Gallicana
1846 968 1960 991 rotulum
1978 977 2051 1000 sepa-

186 1016 273 1036 ratum
298 1012 400 1035 mittere
420 1012 544 1043 potuerit.
561 1012 604 1035 Sic
621 1012 700 1035 etiam
717 1012 864 1043 explicatur
881 1020 928 1035 cur
945 1012 1078 1036 Gernrdus
1097 1012 1128 1035 de
1148 1012 1244 1035 Kalkar
1261 1015 1315 1035 nat.
1335 1012 1447 1042 Anglic„
1466 1012 1510 1043 qui
1532 1020 1599 1034 anno
1619 1012 1760 1043 praeterito
1781 1012 1926 1035 destinatus
1947 1016 2002 1036 erat
2017 1013 2049 1036 ad

187 1057 303 1080 rotulum
324 1057 437 1080 nationis
453 1057 612 1088 portandum
628 1057 661 1079 ad
677 1057 813 1080 Urbanum
827 1057 869 1086 Vl,
885 1065 944 1079 cum
961 1065 1011 1088 quo
1027 1057 1112 1079 rotulo
1130 1060 1217 1079 tamen
1230 1056 1346 1079 Parisios
1362 1059 1421 1079 ante
1439 1056 1572 1087 Septemb.
1591 1057 1620 1079 29
1635 1056 1723 1084 rediit.
1735 1057 1789 1087 jam
1805 1057 1831 1079 in
1849 1058 2051 1088 congregatione

188 1101 271 1132 April.
285 1102 324 1129 ³0,
337 1109 378 1124 an.
391 1101 460 1128 1379,
477 1101 577 1124 nationi
591 1101 743 1132 supplicare
759 1101 854 1132 potuit.
872 1110 882 1123 «
899 1105 931 1125 ut
946 1108 963 1124 a
979 1101 1118 1131 leqatione
1131 1100 1261 1130 facienda
1275 1102 1313 1124 ad
1332 1101 1494 1124 Clementem
1509 1101 1707 1130 absolveretur,
1725 1104 1821 1123 attento
1835 1101 1903 1132 quod
1917 1102 2050 1125 Alemania

189 1153 216 1168 se
242 1145 275 1168 ud
291 1145 427 1169 Urbanum
449 1145 648 1169 determinasset
669 1154 680 1168 »
702 1147 830 1174 (Auctar.
850 1145 989 1174 Chartul.,
1006 1146 1025 1173 1,
1042 1146 1096 1173 578,
1115 1146 1164 1174 47).
1183 1145 1215 1167 Et
1232 1144 1302 1167 natio
1320 1145 1393 1167 nullo
1416 1145 1492 1168 modo
1515 1145 1620 1168 volebat
1640 1154 1651 1167 «
1669 1145 1757 1176 ipsum
1775 1145 1807 1168 ad
1827 1145 1984 1169 Clementem
2003 1146 2051 1169 itu-

190 1198 248 1213 rum
273 1198 283 1212 1)
305 1189 388 1219 (ibid.‚
410 1198 436 1221 p.
455 1191 508 1217 579,
525 1191 557 1218 9).
576 1190 690 1213 Antehac
706 1190 732 1212 in
749 1191 866 1214 Auctar.
885 1198 988 1220 semper
1006 1189 1037 1212 de
1057 1189 1242 1212 inrotulatione
1258 1189 1446 1220 magistrorum
1462 1189 1557 1220 agitur,
1574 1189 1736 1213 Universitas
1757 1190 1871 1212 rotulum
1889 1198 2051 1213 communem

191 1234 306 1257 nondum
327 1233 429 1257 mittere
453 1234 547 1265 potuit,
569 1234 630 1265 quia
649 1234 764 1257 nondum
786 1234 942 1265 suffragium
960 1242 1096 1257 commune
1115 1241 1164 1264 pro
1184 1233 1315 1256 Clemente
1332 1233 1463 1256 emiserat.

199 1369 340 1406 1621.
368 1378 489 1404 Tertium
505 1378 654 1404 concilium
675 1379 792 1413 regium.
817 1395 850 1398 -
876 1379 994 1405 Carolus
1016 1380 1078 1405 Vin
1093 1388 1204 1405 nemore
1226 1380 1428 1405 Vincennarum
1452 1378 1644 1404 circumdatus
1662 1379 1827 1415 proceribus
1847 1380 1934 1414 regni,
1958 1381 2053 1406 multis

283 1427 435 1463 episcopis,
457 1426 613 1452 abbatibus
637 1431 724 1463 atque
749 1428 912 1453 doctoribus
938 1428 1068 1454 auditum
1094 1428 1214 1464 praebet
1235 1427 1444 1461 cardinalibus,
1472 1428 1660 1453 Lemovicensi
1683 1428 1801 1462 scilicet,
1821 1428 1855 1453 de
1870 1429 2011 1463 Agrifolio
2028 1433 2054 1455 et

283 1476 454 1509 Pietavensi,
473 1476 663 1510 referentibus
678 1480 705 1501 et
720 1476 937 1512 disputantibus
953 1477 987 1503 de
1004 1478 1122 1503 veritate
1137 1477 1283 1503 electionis
1302 1476 1451 1502 Clementis
1475 1478 1524 1502 VII
1540 1480 1566 1501 et
1583 1477 1707 1502 vanitate
1721 1476 1866 1502 electionis
1884 1477 1990 1503 Urbani
2011 1479 2052 1512 VJ,

280 1528 436 1561 praesente
452 1525 539 1550 etiam
557 1526 638 1550 Petro
653 1525 798 1551 cardinali
814 1525 950 1552 Eduensi.

1435 1562 1509 1590 1379.
1525 1561 1585 1586 Maii
1599 1562 1619 1590 7,
1638 1562 1771 1588 νῐησεηηίε.

288 1623 338 1646 Les
356 1622 483 1646 Grandes
501 1622 602 1646 Chron.
619 1623 651 1645 de
666 1623 781 1649 France.
801 1623 841 1646 ed.
859 1623 886 1646 P.
903 1623 986 1651 Paris,
1004 1623 1046 1648 VI.
1062 1624 1116 1646 457.
1135 1623 1237 1647 Chr-on.
1254 1624 1300 1647 des
1318 1627 1420 1653 quatre
1435 1623 1573 1652 premiers
1589 1623 1689 1651 Valoisy
1707 1624 1746 1646 ed.
1764 1624 1790 1647 S
1809 1624 1884 1651 Luce,
1901 1633 1927 1655 p.
1943 1625 1996 1652 280,
2014 1625 2058 1648 uhi

194 1666 337 1690 scribitur:
354 1676 367 1688 α
383 1670 408 1689 et
422 1666 592 1697 prescherent
607 1670 632 1689 ct
647 1667 723 1689 {irent
738 1667 903 1698 preschier...
920 1676 969 1699 que
991 1668 1014 1690 le
1034 1676 1102 1698 pape
1122 1667 1239 1690 Clemcnt
1255 1667 1333 1690 estoit
1353 1675 1417 1698 vray
1434 1675 1503 1698 pape
1523 1670 1547 1689 ct
1567 1676 1616 1698 que
1638 1668 1661 1690 10
1683 1676 1751 1699 pape
1771 1669 1870 1691 Urbain
1887 1670 1989 1692 n’estoit
2010 1678 2058 1701 pas

193 1719 271 1743 pape.
287 1711 321 1734 Le
336 1719 384 1742 roy
399 1711 429 1734 de
446 1711 543 1734 Franre
565 1712 602 1734 sut
617 1711 648 1733 de
664 1711 721 1734 leur
737 1712 840 1737 act-ord.
857 1720 902 1734 car
917 1712 940 1735 le
956 1712 994 1735 dit
1009 1720 1076 1743 pape
1097 1712 1213 1735 Clement
1233 1712 1310 1734 estoit
1330 1712 1361 1734 de
1379 1720 1425 1734 son
1441 1711 1561 1742 ligmng
1583 1712 1659 1735 maie
1680 1712 1718 1736 les
1738 1713 1824 1737 clercs
1838 1714 1870 1736 de
1887 1713 2061 1738 Z'Universite'

194 1757 227 1780 de
242 1756 326 1780 Paris
344 1763 379 1780 ne
394 1756 417 1779 le
434 1756 533 1785 fument
549 1762 612 1786 pas.
629 1764 660 1779 ne
678 1756 702 1779 le
720 1757 824 1787 pcuple.
842 1757 888 1780 Les
904 1757 992 1787 prelas
1008 1757 1124 1780 tindrent
1143 1757 1267 1788 l'opinion
1284 1757 1318 1779 du
1339 1764 1385 1787 roy
1405 1756 1468 1779 affin
1489 1756 1566 1787 qu'ilz
1588 1765 1618 1779 ne
1638 1757 1787 1787 per-dissent
1802 1758 1871 1780 leurs
1892 1758 2027 1782 hcnefices.
2045 1768 2056 1782 υ

195 1801 267 1828 Quae
282 1800 323 1822 hic
339 1800 369 1822 de
384 1799 560 1823 Universitate
576 1800 658 1823 Pax-is.
675 1800 806 1827 dicuntur,
826 1807 890 1825 cum
906 1801 1023 1825 veritate
1037 1801 1156 1825 minime
1171 1805 1342 1831 conyruurn,
1362 1804 1389 1823 ut
1404 1809 1434 1823 ex
1451 1800 1664 1823 antecedentibus
1680 1805 1761 1832 putet.

289 1845 494 1867 Instrumentum
516 1844 643 1867 ineditum
660 1845 691 1867 de
708 1845 756 1867 hoc
775 1845 891 1868 Concilio
915 1849 998 1869 exstat
1016 1846 1155 1872 Avenionc,
1180 1845 1256 1868 Arch.
1279 1845 1309 1867 de
1334 1845 1472 1873 Vaucluse,
1499 1845 1573 1867 fonds
1601 1845 1645 1868 des
1665 1845 1791 1868 Celestins
1812 1847 1965 1878 (I'Avignoii,
1987 1854 2015 1871 n⁰
2036 1851 2059 1874 9.

195 1889 353 1912 Assistentes
378 1888 587 1912 Universitatum
608 1893 795 1912 enumerantur
811 1898 816 1913 z
835 1890 968 1913 Jobannes
991 1891 1021 1913 dc
1041 1890 1142 1915 Calore,
1166 1889 1347 1917 cancellarius,
1372 1889 1504 1912 Gerardus
1527 1889 1558 1912 de
1579 1890 1699 1917 Vervino,
1721 1891 1933 1921 penitenciarius,
1962 1894 2057 1924 Symon

195 1934 302 1962 Freron,
320 1932 474 1963 Radulphus
497 1933 619 1960 Gnehnrt‚
637 1934 750 1956 Jacobus
771 1934 801 1957 de
818 1934 929 1965 Moreyo,
948 1934 1010 1957 Ord.
1029 1934 1132 1966 Praed„
1148 1934 1206 1956 ι1011.
1230 1934 1349 1960 Gouluiu,
1374 1933 1436 1957 Ord.
1454 1933 1550 1961 Cat-nr,
1572 1934 1631 1956 Joh.
1653 1935 1755 1962 Nazart,
1777 1935 1840 1958 Ord.
1862 1936 2006 1966 Min.,.10h.
2026 1939 2057 1961 dc

196 1977 327 2006 Lambule,
347 1977 409 2000 Ord.
429 1977 549 2007 August„
571 1977 719 2008 Stephanus
736 1978 767 2000 (10
787 1978 963 2005 Calvomonte,
980 1978 1040 2001 Joh.
1063 1978 1167 2001 Liuuret
1191 1978 1258 2008 (leye
1278 1978 1418 2007 Knroloet),
1433 1979 1464 2001 in
1484 1984 1505 2002 s.
1523 1978 1631 2008 payina
1653 1980 1796 2009 mayistri;
1818 1980 1931 2003 Ja‹-0}›us
1954 1981 2056 2011 Divitis,

195 2022 302 2046 Pontius
316 2021 358 2052 [(10
374 2021 556 2052 FrezenchiisJ.
571 2022 683 2045 decanus
701 2023 727 2045 S.
742 2023 826 2045 Amati
843 2023 980 2047 Duacens..
998 2023 1130 2045 Evrardus
1150 2023 1180 2045 de
1195 2023 1350 2053 Tremagon,
1366 2023 1457 2045 Petrus
1473 2022 1504 2044 dc
1517 2022 1682 2053 Thuryacm,
1698 2027 1784 2046 custos
1801 2025 1862 2046 eccl.
1879 2025 2056 2056 Lugdunens„

194 2067 252 2090 Joh.
270 2067 301 2089 de
323 2065 483 2093 Bornazello,
501 2066 656 2089 Guillelmus
675 2067 705 2089 de
722 2066 849 2092 Cheuaco.
867 2068 962 2098 Symon
979 2067 1129 2092 Cramaudi.
1146 2067 1273 2090 Robertus
1289 2067 1320 2089 de
1340 2066 1531 2097 Grignonneria
1549 2068 1722 2097 (Ande-quw),
1737 2068 1888 2098 utriusque
1899 2070 1976 2098 juris
1992 2077 2057 2100 pro-

193 2114 317 2142 sessores.

288 2176 309 2198 1.
327 2177 373 2198 An.
389 2176 456 2203 1382,
474 2175 534 2198 Maii
552 2176 574 2204 2,
591 2174 671 2205 episc.
689 2174 852 2197 Mallcacens.
872 2174 943 2205 (Reg.
958 2175 1002 2198 Αν,
1018 2174 1109 2201 Clem.,
1122 2174 1173 2197 vol.
1193 2173 1290 2201 XXVII,
1306 2174 1321 2196 f.
1340 2173 1403 2201 321),
1417 2181 1459 2196 au.
1474 2173 1542 2199 1385,
1559 2173 1612 2195 Jul.
1628 2173 1665 2200 12,
1680 2174 1750 2196 card.
1769 2174 1794 2196 S.
1812 2175 1955 2199 Susunnac.

199 2311 339 2348 1622.
363 2320 449 2345 Natio
472 2319 623 2345 Gallicana
649 2323 676 2344 et
695 2318 782 2355 plura
807 2319 959 2354 supposita
982 2318 1136 2352 facultatis
1162 2318 1320 2344 medicinae
1340 2318 1461 2343 rotulum
1484 2326 1654 2343 communem
1678 2317 1717 2343 ad
1744 2318 1909 2345 Clementem
1938 2322 1989 2347 Vll
2003 2331 2055 2357 per

282 2370 395 2395 Petrum
409 2368 444 2394 de
460 2368 593 2399 Ailliaeo,
613 2369 740 2393 nuntium
756 2377 847 2401 suum,
866 2368 987 2393 mittunt.

1487 2403 1564 2431 7379.
1581 2405 1640 2428 ante
1655 2403 1717 2428 Mais
1726 2403 1768 2428 24.

287 2467 345 2490 Vid.
361 2475 441 2497 supra
458 2475 483 2497 p.
503 2467 557 2494 243,
574 2467 628 2494 252,
647 2467 700 2493 255,
719 2466 773 2488 259.
791 2479 817 2482 -
833 2465 955 2488 Rotuium
975 2473 1063 2488 mense
1079 2466 1138 2488 Maii
1156 2466 1330 2496 compositum
1350 2473 1406 2487 css«¹
1423 2464 1576 2486 concludere
1592 2464 1649 2494 quis
1671 2468 1758 2494 posset
1776 2474 1806 2487 cx
1819 2465 1874 2494 11οο,
1893 2468 1961 2498 quod
1980 2469 2054 2492 Guil-

193 2511 287 2534 lelmus
305 2511 328 2533 lc
349 2511 399 2533 Dos
421 2511 445 2533 in
468 2511 554 2533 rotulo
570 2513 598 2532 ut
613 2513 769 2541 procurator
786 2509 898 2532 nationis
914 2509 1018 2537 allatus,
1037 2518 1125 2532 mens(=
1142 2510 1202 2532 Maii
1223 2512 1378 2540 procurator
1398 2508 1445 2531 suit
1463 2508 1525 2536 (vid.
1542 2508 1609 2530 infra
1625 2513 1653 2530 110
1668 2509 1747 2537 16211).
1769 2510 1838 2532 Nihil
1853 2514 1939 2534 tumen
1957 2513 2052 2542 obstat,

194 2556 362 2579 Guillelmum
380 2563 467 2577 mense
483 2555 542 2577 Maii
558 2554 739 2577 continuatum
757 2554 837 2577 fuisse
853 2554 878 2576 in
894 2554 1086 2585 procuratorio,
1101 2558 1125 2577 et
1138 2554 1192 2585 jam
1208 2554 1232 2576 iu
1252 2562 1339 2576 mense*
1355 2553 1524 2583 pravoodentv
1538 2556 1735 2583 procuratorem
1751 2554 1840 2578 fuisse.
1852 2555 1974 2579 Batulum
1985 2566 2053 2580 com-

194 2608 298 2623 munem
320 2599 506 2622 Universitntis
527 2599 628 2621 rotulus
650 2602 703 2621 nat.
725 2598 817 2622 Gallie.
837 2598 990 2629 praecessit,
1013 2602 1040 2621 ut
1059 2599 1214 2629 exprimitur
1237 2606 1317 2628 supra
1336 2607 1362 2628 p.
1384 2598 1428 2620 449
1450 2597 1592 2625 (Germ-dus
1615 2597 1736 2628 Pignoti)‚
1754 2606 1779 2628 p.
1796 2600 1841 2621 ‘452
1858 2600 1997 2628 (Buevinus
2021 2603 2051 2625 de

192 2644 324 2673 Winvilla)
339 2646 364 2666 et
379 2648 408 2666 n⁰
423 2644 492 2671 1554,
509 2651 536 2674 p.
549 2644 604 2666 484.
621 2644 684 2666 Ante
702 2643 905 2666 declarationem
919 2643 1104 2666 Universitatis
1121 2642 1189 2672 (Maii
1206 2644 1242 2670 24)
1257 2642 1382 2665 Clementi
1401 2642 1446 2664 Vll
1460 2644 1657 2672 praesentatum
1672 2650 1728 2664 esse
1742 2643 1867 2666 scribitur
1878 2652 1957 2675 supra
1969 2654 1994 2676 p.
2006 2648 2051 2670 [1119

192 2688 247 2717 (1111.
265 2688 297 2717 1),
312 2690 336 2710 et
351 2687 415 2710 ibid.
431 2687 573 2717 (Germ-dus
589 2687 712 2718 Pignoti).
728 2687 863 2710 Nescimus
878 2690 965 2710 tamen
980 2687 1087 2710 ubinam
1103 2687 1151 2710 istc
1164 2687 1264 2709 rotulus
1283 2685 1407 2709 Clementi
1426 2686 1468 2708 Vll
1484 2689 1664 2716 praesentatus
1679 2686 1721 2709 sit.

286 2732 377 2755 Solum
392 2740 433 2755 an.
451 2732 510 2754 1395
526 2732 614 2761 (1396),
632 2732 766 2754 Februarii
783 2732 820 2759 22,
837 2732 970 2754 decretum
983 2735 1022 2754 est
1034 2732 1066 2754 ab
1081 2731 1265 2758 Uuivcrsitate,
1278 2739 1308 2753 110
1323 2730 1441 2755 facultaS.
1454 2730 1533 2757 natioy
1548 2730 1696 2760 collegium,
1709 2732 1877 2761 congregatio
1891 2733 2049 2757 scholarium

194 2777 233 2800 vel
256 2776 446 2807 graduatorum
469 2776 583 2798 rotulum
610 2779 761 2806 separatum
782 2776 814 2798 ad
834 2784 931 2807 papam
954 2776 1009 2798 sine
1033 2784 1162 2798 consensu
1183 2774 1367 2798 Universitatis
1392 2774 1513 2797 mitteret.
1532 2774 1589 2797 Vid.
1611 2776 1728 2798 Auctar.
1751 2776 1885 2804 Chartul„
1910 2778 1926 2804 1,
1951 2786 1976 2808 p.
1996 2779 2049 2802 715,

287 2820 366 2844 Plura
387 2820 525 2851 supposita
542 2819 673 2842 facultatis
690 2820 833 2843 medicinae
849 2820 947 2842 nationi
963 2820 1125 2850 Gallicanae,
1145 2828 1175 2842 ex
1190 2827 1241 2850 qua
1257 2822 1339 2847 erant,
1356 2827 1383 2841 se
1403 2818 1586 2849 adjunxerunt,
1605 2818 1665 2849 quia
1682 2819 1831 2842 nesciebant
1849 2820 2049 2846 Univcrsitutem

195 2873 272 2888 suum
287 2865 403 2887 rotulum
418 2872 581 2887 communem
597 2864 630 2886 ad
645 2864 803 2887 Clementem
818 2865 861 2887 Vll
877 2867 968 2895 postea
980 2865 1129 2887 missuram.

289 2910 412 2933 Fortasse
425 2908 473 2931 hac
488 2908 624 2931 occasione
639 2917 705 2931 unus
721 2909 819 2931 alterve
835 2909 981 2931 rotulorum
997 2908 1197 2939 particularium
1215 2910 1302 2939 [supra
1318 2907 1420 2930 11181434
1437 2909 1504 2938 sqq.)
1521 2907 1656 2937 expeditus
1672 2910 1718 2930 est.
