2488 3386
443 346 505 378 524
1015 355 1331 378 CHARTULAIHUM
1366 355 1557 376 UNlVERS.
1594 355 1722 376 PAals.
2205 341 2303 378 [1387

445 430 553 471 tione,
579 441 702 462 mense
728 429 958 474 subscriptis.
981 429 1039 461 die
1060 428 1229 461 vicesima
1252 428 1410 461 secunda
1431 428 1585 461 accessit
1606 428 1847 473 personaliter
1867 428 1911 460 ad
1940 427 2108 460 Sanctum
2130 427 2304 460 Mathuri-

443 509 526 529 num
549 497 719 537 Parisius,
750 496 810 528 ubi
832 495 1082 528 celebrabatur
1102 495 1338 539 congregatio
1366 495 1549 539 generalis
1573 494 1828 528 Universitatis
1852 493 2070 527 Parisiensis
2098 494 2301 539 regentium

441 570 476 596 et
491 575 564 595 non
585 563 788 607 regentium
810 569 845 595 et
866 574 928 607 per
943 563 1199 606 juramentum.
1220 562 1260 593 Et
1282 560 1332 593 ibi
1354 561 1570 606 supplicavit
1589 573 1669 594 cum
1691 562 1841 594 maxima
1861 560 2063 606 humilitate
2082 572 2120 593 ac
2141 572 2301 605 genuum

441 629 631 674 multiplici
648 629 802 661 ssexione
824 635 1001 673 quatenus
1017 634 1149 660 attenta
1171 628 1250 671 ejus
1269 627 1404 673 longua
1426 627 1640 661 detencione
1662 628 1900 673 corporisque
1922 627 2060 672 proprii
2081 626 2300 668 infirmitate,

442 703 558 729 rector
579 703 613 728 et
634 696 858 729 Universitas
884 694 1018 728 vellent
1046 694 1243 738 procedere
1269 694 1312 726 ad
1337 695 1417 738 ejus
1442 694 1655 727 celeriorem
1678 694 1975 727 deliberationem
2003 705 2107 738 quam
2137 700 2301 738 possent,

439 763 570 795 intuitu
592 762 734 807 pietatis
756 768 790 794 et
811 761 1073 805 misericordie,
1100 760 1199 793 salvo
1227 767 1345 793 tamen
1372 761 1408 793 in
1435 761 1561 805 primis
1583 773 1727 806 semper
1753 761 1824 806 ipsi
1851 760 1983 793 rectori
2008 767 2044 793 et
2063 760 2301 793 Universitati

438 829 575 862 honore
597 841 675 861 suo.
699 830 774 871 Qua
797 827 1066 873 supplicacione
1089 827 1141 859 sie
1169 827 1271 868 facta,
1294 827 1413 860 dictus
1436 828 1611 872 magister
1632 827 1813 860 Robertus
1835 827 1979 861 Cardon
2006 833 2090 860 tunc
2118 833 2237 859 rector
2257 827 2301 860 ad

437 896 641 929 instantiam
670 902 705 928 et
730 895 1003 939 requisitionem
1021 894 1107 926 dicti
1128 893 1315 927 Gauss‘redi
1336 894 1458 938 posuit
1482 906 1558 926 eam
1580 894 1617 926 in
1643 893 1919 927 deliberatione.
1944 895 1987 926 Et
2008 900 2091 926 tunc
2112 893 2301 927 facultates

438 970 473 995 et
499 963 664 995 nationes
686 974 724 994 se
747 967 929 994 traxerunt
955 961 998 993 ad
1021 967 1155 1005 partem
1178 966 1216 992 ut
1236 960 1331 992 inter
1351 972 1390 993 se
1411 959 1671 1002 deliberarent,
1694 967 1731 993 ut
1757 960 1869 993 moris
1891 967 1925 993 et
1945 960 2225 993 consuetudinis
2246 967 2302 993 est

437 1030 473 1062 in
490 1029 621 1062 talibus
642 1028 732 1060 fieri.
760 1029 909 1060 Demum
936 1027 1041 1059 dictis
1062 1026 1293 1059 facultatibus
1315 1033 1350 1059 et
1370 1026 1580 1059 nationibus
1601 1027 1638 1059 in
1658 1039 1768 1059 unum
1790 1026 2037 1072 congregatis,
2061 1033 2099 1059 ut
2126 1026 2302 1059 delibera—

436 1096 552 1128 tiones
581 1106 664 1127 suas
693 1094 882 1134 referrent,
908 1093 975 1126 fuit
1001 1092 1239 1126 deliberatum
1262 1105 1326 1138 per
1356 1105 1483 1126 omnes
1512 1100 1665 1138 quatuor
1686 1093 1874 1126 facultates
1897 1093 1952 1126 via
1980 1093 2099 1126 Sancti
2129 1092 2298 1138 Spiritus,

435 1162 577 1194 nemine
595 1161 822 1201 reclamante,
842 1160 938 1205 quod
952 1160 1061 1192 frater
1078 1159 1297 1193 Gauss'redus
1315 1159 1581 1193 deliberaretur
1599 1160 1706 1193 modo
1724 1167 1759 1193 et
1774 1160 1888 1192 forma
1904 1159 2144 1204 sequentihus
2158 1171 2165 1192 ε
2180 1156 2300 1192 Primo

433 1228 529 1273 quod
551 1229 628 1272 ipse
646 1227 793 1260 haberet
816 1239 984 1260 revocare
1006 1233 1041 1259 et
1058 1233 1249 1259 retractare
1271 1233 1388 1259 certas
1410 1227 1561 1272 injurias
1583 1239 1647 1271 per
1666 1227 1785 1272 ipsum
1803 1226 1917 1259 dictas
1939 1226 1975 1259 in
1992 1238 2162 1259 sermone
2178 1225 2299 1259 fiendo

432 1296 475 1328 dc
495 1307 598 1327 mane
619 1295 662 1327 ad
684 1294 818 1326 clerum
840 1293 934 1338 apud
955 1294 1083 1326 fratres
1105 1293 1267 1326 Minores
1289 1294 1450 1326 Parisius
1467 1294 1568 1338 juxta
1590 1300 1752 1326 tenorem
1777 1293 1964 1338 cujusdam
1988 1292 2117 1325 cedule
2138 1291 2209 1325 sihi
2235 1299 2300 1325 tra-

431 1361 547 1394 dende
565 1361 710 1393 nomine
726 1360 879 1393 rectoris
894 1367 929 1393 et
945 1360 1200 1393 Universitatis
1218 1360 1329 1396 studii
1346 1360 1459 1393 Paris,
1478 1361 1567 1393 Item
1586 1360 1683 1404 quod
1698 1360 1735 1392 in
1753 1360 1866 1405 prima
1882 1359 2175 1405 congregacione
2191 1371 2299 1404 gene-

431 1429 508 1469 rali,
530 1429 565 1460 in
582 1440 650 1472 qua
666 1434 855 1460 vocaretur
875 1427 953 1472 ipse
975 1427 1227 1471 personaliter,
1246 1426 1397 1460 haberet
1417 1427 1591 1460 accedere
1613 1434 1648 1460 et
1668 1427 1718 1460 ibi
1740 1433 1880 1472 peteret
1898 1426 2039 1460 veniam
2062 1438 2081 1459 a
2102 1432 2243 1459 rectore
2265 1432 2300 1459 et

431 1495 671 1528 Universitate
694 1494 737 1526 de
759 1494 973 1538 perpetratis
994 1493 1037 1526 ab
1059 1494 1150 1538 ipso.
1168 1495 1256 1526 Item
1279 1494 1406 1526 eodem
1428 1494 1536 1527 modo
1558 1500 1698 1539 peteret
1717 1494 1857 1527 veniam
1879 1505 1897 1526 a
1919 1493 2055 1526 decano
2077 1499 2109 1526 et
2130 1492 2298 1526 facultate

431 1561 625 1606 theologie,
649 1573 753 1605 quam
774 1560 979 1605 specialiter
1000 1560 1211 1593 offenderat.
1236 1561 1325 1594 Item
1347 1561 1445 1605 quod
1467 1561 1497 1593 si
1518 1561 1749 1606 contingeret
1770 1560 1889 1605 ipsum
1911 1560 1947 1592 in
1968 1566 2154 1604 posterum
2176 1559 2298 1592 dicere

430 1628 527 1672 quod
548 1628 742 1660 Parisiens.
765 1627 990 1660 Universitas
1011 1627 1161 1660 fecisset
1181 1639 1262 1659 eum
1285 1627 1362 1672 capi
1391 1627 1470 1660 sine
1499 1639 1605 1660 causa
1627 1628 1726 1672 justa
1755 1639 1819 1660 seu
1848 1626 2068 1666 rationabili,
2099 1637 2164 1659 seu
2185 1626 2296 1659 eciam

430 1694 526 1739 quod
548 1700 673 1739 posset
700 1693 844 1738 probari
873 1706 954 1726 eum
985 1705 1024 1726 se
1052 1693 1204 1734 dixisse,
1232 1693 1300 1726 hoc
1327 1694 1420 1726 facto
1442 1693 1592 1727 haberet
1618 1705 1788 1727 revocare
1816 1693 1861 1726 ad
1886 1692 2060 1738 populum
2088 1693 2125 1725 in
2151 1691 2295 1737 gallico.

430 1762 516 1793 Item
539 1760 636 1805 quod
657 1760 775 1792 onmia
797 1760 956 1805 predicta
983 1760 1210 1805 promitteret
1234 1760 1434 1805 adimplere
1456 1767 1491 1793 et
1518 1767 1642 1793 tenere
1670 1760 1738 1793 sub
1765 1772 1855 1805 pena
1881 1759 2061 1804 relapsus.
2083 1758 2225 1801 Quibus
2245 1758 2297 1792 sic

429 1827 639 1860 deliberatis
661 1827 778 1859 dictus
799 1827 1016 1860 Gaull'redus
1037 1827 1104 1859 suit
1124 1839 1188 1871 per
1212 1827 1396 1859 dominum
1425 1834 1602 1860 rectorem
1629 1833 1778 1860 vocatus
1804 1827 1841 1859 in
1862 1826 2052 1871 presencia
2073 1825 2190 1858 tocius
2210 1837 2298 1858 con-

429 1893 675 1938 gregacionis,
701 1894 918 1938 fueruntque
946 1893 1016 1926 sibi
1044 1906 1083 1926 ea
1106 1905 1176 1938 que
1198 1900 1300 1926 erant
1327 1893 1526 1926 deliberata
1554 1893 1734 1939 publicata
1757 1900 1791 1926 et
1819 1893 2056 1926 manifestata.
2079 1892 2157 1935 Que
2178 1892 2297 1925 omnia

430 1967 465 1992 et
485 1959 628 2005 singula
650 1960 767 1993 dictus
789 1960 1006 1993 Gauss'redus
1027 1960 1195 2005 promisit
1214 1960 1413 2004 adimplere
1435 1960 1503 1993 sub
1525 1972 1616 2006 pena
1638 1960 1804 2005 relapsus
1825 1959 2017 1992 antedicta.

517 2026 658 2069 Quibus
675 2027 726 2059 sic
748 2027 849 2059 sactis
867 2027 985 2060 dictus
1006 2027 1226 2060 Gauss'redus
1246 2027 1314 2060 suit
1334 2027 1507 2060 reductus
1528 2027 1571 2060 ad
1593 2027 1738 2060 domum
1761 2026 1937 2071 episcopi,
1956 2032 1992 2059 et
2011 2025 2192 2059 modicum
2213 2032 2296 2070 post

428 2093 495 2126 suit
520 2092 753 2126 deliberatus.
777 2093 916 2125 Deinde
942 2094 1008 2126 suit
1033 2093 1103 2126 sibi
1132 2094 1242 2126 missa
1268 2093 1395 2126 cedula
1417 2106 1459 2126 ex
1480 2100 1579 2139 parte
1607 2094 1759 2127 rectoris
1782 2092 2051 2133 Universitatis,
2068 2093 2169 2137 juxta
2190 2092 2294 2136 cujus

430 2166 590 2192 tenorem
613 2160 690 2204 ipse
712 2159 860 2192 haberet
886 2172 1055 2193 revocare
1079 2167 1114 2193 et
1139 2167 1333 2193 retractare
1359 2167 1475 2193 certas
1502 2161 1653 2205 injurias
1681 2172 1746 2205 per
1772 2160 1890 2205 ipsum
1918 2159 2043 2192 dictas.
2066 2159 2143 2201 Qua
2167 2158 2294 2191 cedula

428 2233 584 2270 recepta,
609 2226 726 2259 dictus
747 2227 856 2259 frater
877 2227 1096 2260 Gauss'redus
1118 2239 1224 2268 anno,
1252 2227 1465 2268 indictione,
1492 2239 1631 2268 mense,
1657 2227 1714 2260 die
1736 2226 1994 2272 suprascriptis
2015 2226 2052 2258 in
2077 2225 2192 2270 capite
2213 2236 2294 2270 pre-

429 2293 542 2325 sentis
559 2293 803 2333 instrumenti,
822 2293 1055 2337 presentibus
1077 2293 1211 2326 ibidem
1231 2294 1438 2335 nominatis,
1458 2306 1527 2338 que
1545 2294 1624 2326 dies
1646 2300 1722 2326 erat
1741 2294 1871 2326 festum
1890 2292 2092 2325 Nativitatis
2109 2292 2143 2324 S.
2161 2291 2294 2324 Johan-

429 2359 484 2391 nis
506 2359 664 2403 Baptiste
686 2359 722 2390 in
743 2371 910 2392 sermone
932 2361 1023 2392 sacto
1046 2360 1089 2392 ad
1109 2360 1244 2392 clerum
1268 2360 1312 2393 de
1334 2373 1436 2393 mane
1458 2361 1553 2405 apud
1578 2361 1708 2393 fratres
1729 2360 1891 2392 Minores
1917 2359 2029 2392 Paris.
2053 2358 2235 2391 revocavit
2253 2369 2292 2390 ae

428 2425 631 2457 retractavit
657 2437 695 2457 ac
723 2425 789 2457 alta
821 2432 855 2458 et
884 2426 1108 2471 intelligibili
1130 2439 1218 2459 voce
1246 2427 1290 2459 de
1312 2426 1423 2459 verbo
1452 2427 1494 2460 ad
1517 2426 1666 2460 verbum
1694 2426 1838 2471 legit....
1863 2425 2034 2470 Sequitur
2053 2425 2167 2457 forma
2189 2436 2292 2457 revo-

428 2491 598 2523 cacionis.
607 2517 612 2523 .
622 2516 641 2522 ..

515 2611 574 2644 Ego
592 2611 678 2637 frater
694 2612 865 2638 Gaul'srcdus
879 2613 915 2638 de
933 2613 1036 2639 Sancto
1052 2614 1186 2643 Martino,
1204 2614 1332 2640 Jacobita
1348 2616 1509 2640 conventus
1525 2614 1622 2643 Paris,
1636 2614 1666 2639 in
1682 2615 1842 2639 vestrarum
1858 2612 2100 2638 dominacionnm
2114 2619 2146 2637 ac
2161 2611 2291 2645 paterni-

428 2661 523 2685 tatum
539 2660 685 2693 presencia
703 2661 887 2690 constitutus,
904 2669 937 2687 cx
956 2664 1114 2694 spontanea
1134 2671 1165 2688 ac
1180 2663 1269 2689 libera
1285 2663 1477 2688 submissione
1496 2670 1560 2688 mea
1576 2662 1663 2687 matri
1679 2670 1743 2688 mee
1759 2661 1943 2687 Univcrsitati
1958 2661 2032 2686 facta
2046 2667 2178 2686 revocare
2192 2661 2292 2685 teneor

426 2708 537 2741 aliquas
549 2709 760 2741 proposiciones
837 2710 907 2734 Nam
922 2711 1018 2742 primo
1031 2711 1137 2737 ductus
1152 2712 1282 2744 maligno
1304 2711 1407 2745 spiritu
1423 2711 1491 2740 dixi,
1507 2711 1589 2737 tenui
1604 2713 1632 2736 et
1648 2711 1792 2736 maliciose
1804 2710 1959 2744 publicavi,
1977 2709 2057 2743 quod
2070 2710 2199 2742 quatuor
2220 2707 2292 2734 fatui

426 2757 556 2789 magistri
569 2757 599 2781 in
617 2757 759 2789 theologia
772 2758 1058 2791 condampnavcraut
1074 2760 1289 2793 proposiciones
1303 2760 1339 2786 de
1355 2760 1524 2786 Montesono
1598 2760 1671 2785 Item
1689 2759 1836 2785 contribui
1849 2760 1877 2784 et
1891 2758 1958 2784 dedi
1973 2758 2111 2791 pecunias
2126 2764 2204 2783 meas
2218 2756 2292 2782 sicut

425 2807 453 2831 et
465 2805 512 2830 alii
528 2806 627 2831 fratres
642 2806 699 2831 mei
715 2806 829 2831 Ordinis
844 2807 973 2832 feceruut
986 2816 1038 2841 pro
1051 2809 1227 2835 deffensione
1240 2809 1478 2842 proposicionum
1494 2808 1563 2834 dicti
1576 2808 1611 2834 de
1626 2809 1805 2837 Montesono,
1819 2809 1848 2834 ct
1861 2808 1892 2833 in
1906 2807 1944 2833 sic
1956 2806 2171 2833 contribuendo
2185 2805 2291 2831 dabam

426 2854 552 2879 savorem
567 2854 644 2879 dicto
664 2854 699 2880 dc
714 2855 882 2880 Montesono
897 2857 924 2881 ct
939 2856 1000 2889 ejus
1022 2857 1088 2883 salse
1103 2857 1235 2883 doctrine
1312 2858 1383 2883 ltem
1405 2858 1564 2890 postquam
1584 2865 1635 2890 per
1656 2857 1814 2882 dominum
1830 2858 1966 2882 nostrum
1981 2863 2080 2889 regem
2096 2855 2152 2881 suit
2168 2854 2290 2880 Univer-

424 2902 499 2927 sitati
516 2903 602 2927 matri
621 2910 683 2928 mcc
704 2903 770 2928 data
789 2904 952 2929 commissio
968 2906 1000 2930 nt
1020 2907 1193 2938 caperentur
1208 2906 1250 2931 illi
1264 2906 1300 2932 de
1315 2905 1425 2932 Ordine
1449 2913 1525 2935 mco,
1542 2905 1594 2939 qui
1619 2905 1763 2931 maliciose
1784 2905 1950 2931 doctrinam
1975 2904 2045 2930 dicti
2064 2903 2100 2930 de
2121 2903 2291 2929 Montesono
