2488 3386
451 343 515 375 312
1024 347 1344 371 CHARTULARIUM
1378 346 1568 368 UNIVERS.
1607 345 1737 367 PAnls.
2213 331 2312 368 [1382

456 437 618 476 14733'.
641 447 817 473 Deliberaeio
838 446 1036 472 Universitatis
1051 445 1086 471 de
1100 454 1194 481 poena
1210 445 1340 471 librariis
1358 444 1524 480 infligenda,
1547 444 1596 479 qui
1612 444 1639 469 in
1656 442 1815 469 venditione
1830 442 1966 468 librorum
1982 450 2037 468 non
2052 442 2127 467 satis
2141 441 2269 476 fideliter
2281 451 2313 469 se

537 500 645 532 gerunt.
664 495 830 532 Appellatio
845 495 999 530 facultatis
1013 494 1189 520 decretorum
1204 494 1231 519 in
1248 498 1307 519 nat.
1325 493 1435 528 Anglic.
1453 493 1548 518 inanis
1564 491 1727 528 reputata&

1602 568 1674 597 7382.
1695 567 1840 593 Novembris
1853 567 1897 596 23,
1912 567 2026 593 Parisiis.

542 648 600 671 Lib.
615 653 690 677 proc.
704 650 764 670 nat.
778 645 901 676 Anqlic„
915 647 937 672 5,
955 645 1000 668 sol.
1014 644 1057 668 371²
1073 644 1135 674 (vid.
1151 646 1270 668 Aua-tar.
1292 643 1419 667 Chartul.
1441 642 1575 670 Univers.,
1593 643 1623 672 Ι).
1639 643 1749 665 Textum
1769 642 1901 673 integrum
1920 641 2037 665 invenies
2053 649 2136 673 supra
2155 645 2184 664 n⁰
2203 641 2262 664 1361
2279 641 2312 664 ad

450 700 492 715 an.
507 692 574 720 1370,
585 691 710 715 Novemb.
723 691 762 719 23,
777 690 821 713 ubi
834 690 888 721 jain
898 689 1025 720 temporis
1040 691 1138 716 notamy
1155 688 1188 711 ab
1202 690 1280 712 Actes
1296 694 1481 714 concernans,
1499 690 1558 715 etc..
1570 686 1677 716 Bulaeo,
1694 686 1838 715 Kirchhoff,
1854 687 1972 715 allatam,
1988 686 2013 709 in
2028 686 2137 709 dubium
2149 685 2311 709 vocavimus.

450 736 555 760 Certum
572 744 639 759 nunc
655 735 733 759 etiam
749 734 876 758 habemus
892 733 990 756 ibidem
1006 733 1049 764 agi
1065 733 1095 756 de
1111 732 1216 755 natione
1231 732 1385 763 Anglicann.

543 820 566 843 1.
583 819 640 844 vid.
657 819 725 842 infra
740 822 768 841 n⁰
783 819 852 841 1475.

455 933 759 970 1474.Jo}1annes
782 940 903 975 Luqueti
923 939 951 965 in
975 942 1110 965 rectorem
1131 937 1246 964 electus.
1271 937 1393 963 Botulus
1412 937 1555 963 secundus
1581 938 1779 963 Universitatis
1795 937 1835 963 ad
1857 937 2024 964 Clementem
2052 938 2105 964 VII
2122 937 2312 964 destinandus

538 990 724 1018 concluditur.

1423 1023 1499 1052 1382,
1516 1022 1633 1048 Octobris
1650 1022 1840 1048 lo-Beeembris
1857 1022 1893 1052 18,
1910 1022 2022 1048 Parlsiis.

537 1115 642 1147 Anno
664 1112 807 1146 Domini
826 1113 922 1151 1382,
941 1111 999 1143 die
1016 1111 1154 1143 decima
1175 1110 1312 1143 mensis
1329 1110 1534 1151 Octob1·is¹‚
1556 1110 1623 1143 fuit
1642 1110 1781 1143 electus
1802 1111 1839 1142 in
1860 1117 2038 1143 rectorem
2056 1110 2312 1144 Universitatis

447 1247 559 1280 Adam
582 1245 771 1280 Carnificis
795 1251 830 1277 et
848 1244 1047 1277 Johannem
1069 1244 1138 1284 [de]
1165 1243 1327 1284 Hoclem‚
1349 1242 1533 1276 Johannes
1555 1243 1710 1288 Luqueti
1731 1243 1776 1276 de
1798 1244 1925 1276 Sancta
1945 1243 2171 1277 Manahilde³
2188 1243 2314 1278 Catha-

448 1313 634 1346 launensis
656 1311 835 1357 dyocesis.
859 1312 899 1343 In
919 1311 1023 1355 eujus
1046 1310 1199 1342 rectoria
1220 1310 1287 1342 fuit
1307 1309 1504 1342 conclusus
1525 1309 1667 1342 rotulus
1688 1310 1940 1343 concorditer-⁶
1969 1322 2034 1355 per
2053 1322 2180 1343 omnes
2204 1310 2313 1344 facul-

448 1391 538 1418 tates
559 1390 594 1417 et
613 1383 778 1416 nationes
799 1381 843 1414 ad
864 1382 959 1415 dom.
979 1381 1201 1415 Clementem
1225 1392 1349 1426 papam
1372 1381 1578 1426 septimum.

541 1482 606 1504 Mus.
624 1480 741 1504 Britann.
758 1489 806 1503 ms.
824 1480 884 1503 odd.
898 1480 982 1507 17304,
999 1480 1042 1503 sol.
1060 1479 1125 1503 14812.
1141 1493 1168 1496 —
1182 1479 1306 1508 Bulaeus,
1323 1479 1364 1507 IV,
1381 1480 1434 1502 592.

542 1527 628 1557 Supra
644 1525 751 1548 minime
766 1525 855 1555 agitur
872 1524 903 1547 de
919 1524 1005 1547 rotulo
1021 1524 1116 1554 primo
1139 1532 1184 1547 seu
1200 1524 1231 1546 de
1249 1524 1342 1548 rotulo
1362 1523 1559 1550 coronationis,
1581 1531 1627 1546 seu
1641 1522 1795 1548 creationis
1816 1522 1958 1546 Clementis
1974 1523 2028 1550 VII,
2050 1522 2105 1554 jam
2125 1522 2159 1545 n¹·
2174 1523 2312 1546 1428-1433

448 1570 578 1601 exscripto
596 1573 621 1592 et
638 1578 679 1593 nn.
695 1570 765 1598 1379,
786 1569 888 1598 Octob.,
905 1569 937 1591 nd
955 1569 1054 1591 curiam
1070 1569 1160 1597 misso,
1177 1569 1222 1591 sed
1238 1568 1269 1591 de
1288 1569 1373 1591 rotulo
1388 1569 1511 1592 secundo
1530 1568 1663 1596 Univers.,
1684 1571 1713 1591 ut
1733 1567 1759 1590 in
1774 1567 1987 1592 Introductione
2001 1567 2034 1590 ad
2049 1571 2099 1590 n¹¹¹¹¹
2114 1567 2174 1590 1428
2188 1567 2314 1591 observa-

446 1614 540 1638 vimus.
557 1614 636 1637 Istius
654 1613 733 1637 rotuli
750 1615 774 1643 (a
794 1622 844 1644 quo
866 1613 968 1636 rotulus
986 1613 1099 1644 primus,
1118 1616 1144 1636 et
1161 1613 1263 1635 rotulus
1285 1615 1339 1635 nat.
1362 1612 1466 1641 Gallie„
1487 1615 1512 1635 ct
1531 1612 1634 1635 rotulus
1654 1612 1878 1641 baccalareorum,
1899 1615 1925 1635 et
1943 1612 2045 1635 rotulus
2066 1611 2235 1640 scholarium,
2251 1616 2310 1640 etc„

447 1667 550 1689 semper
565 1658 773 1689 distinguuntur)
789 1658 814 1680 in
830 1658 915 1680 rotulo
931 1666 973 1681 an.
990 1658 1050 1680 1387
1069 1657 1138 1680 infra
1154 1657 1187 1680 „n
1203 1657 1335 1680 1537-1541
1353 1657 1452 1680 edendo
1468 1665 1547 1688 saepe
1565 1657 1662 1680 mentio
1684 1657 1713 1680 fit
1726 1659 1752 1680 et
1766 1656 1871 1688 quidem
1887 1656 1937 1679 sub
1958 1656 2063 1679 nomine
2082 1664 2094 1679 «
2115 1656 2223 1680 secundi
2237 1666 2250 1679 n
2270 1657 2312 1680 vel

448 1712 459 1726 «
474 1702 559 1726 ultimi
575 1702 687 1731 rotuli»,
707 1711 718 1725 (ι
736 1702 814 1725 rotuli
832 1702 924 1725 ultimo
940 1702 1084 1732 presentati
1100 1711 1113 1723 »
1131 1701 1318 1725 Univcrsitatis
1339 1701 1424 1725 Paris.
1440 1701 1482 1724 Sic
1498 1701 1576 1724 etiam
1600 1701 1664 1724 ibid.
1682 1701 1815 1725 Johannes
1835 1701 1991 1725 Breviscoxe
2006 1704 2105 1730 narrat,
2122 1709 2199 1724 suum
2218 1709 2312 1724 nomen

447 1747 553 1770 minime
571 1747 684 1770 secundo
702 1747 787 1769 rotulo
803 1746 929 1769 insertum
949 1746 1039 1774 fuisse,
1055 1746 1120 1769 hene
1142 1749 1229 1769 autem
1244 1746 1340 1777 primo,
1356 1749 1381 1769 et
1394 1749 1512 1776 tempore
1530 1745 1687 1777 signationis
1707 1745 1787 1777 primi
1807 1745 1887 1768 rotuli
1902 1745 2019 1768 noudum
2038 1745 2185 1768 obtinuisse
2199 1745 2312 1777 gradum

446 1791 654 1815 haccalareatus.
674 1790 801 1813 Similiter
818 1790 863 1813 alii
878 1791 1030 1821 loquuntur.
1052 1790 1199 1813 Secundum
1216 1791 1330 1813 rotulum
1349 1798 1390 1814 an.
1410 1791 1469 1813 1382
1483 1792 1629 1813 consectum
1649 1798 1715 1818 esse,
1736 1790 1830 1813 scribit
1843 1789 1976 1813 Johannes
1990 1790 2022 1813 de
2041 1790 2067 1813 la
2088 1789 2216 1813 Bonnerie
2235 1790 2313 1821 (Nor-

447 1837 554 1864 mann.),
571 1835 615 1866 qui
627 1834 743 1866 loquitur
760 1835 791 1857 dc
809 1844 821 1856 t<
838 1835 951 1857 secundo
967 1834 1051 1866 ipsius
1074 1834 1261 1858 Universitatis
1280 1835 1374 1860 rotulo.
1393 1834 1562 1865 pontificatus
1578 1834 1719 1858 Clementis
1738 1835 1856 1858 confecto
1873 1842 1942 1858 anno
1962 1837 2065 1866 quarto,
2081 1834 2113 1857 de
2128 1834 2190 1857 data
2207 1842 2239 1857 xv
2258 1834 2311 1857 kal.

447 1879 568 1903 Decemb.
583 1887 625 1902 an.
644 1879 723 1910 primi
739 1887 761 1902 n.
778 1879 904 1902 Clementi
920 1879 965 1902 vn
985 1879 1085 1910 placuit
1100 1879 1168 1901 enim
1185 1887 1196 1901 «
1213 1879 1239 1901 in
1255 1879 1408 1910 signacione
1421 1879 1529 1902 secundi
1544 1878 1623 1903 rotuli
1640 1879 1827 1902 Universitatis
1843 1878 1927 1902 Paris.
1944 1878 2132 1910 expectationis
2146 1878 2247 1910 gratias
2262 1878 2312 1902 sub

447 1924 508 1947 data
523 1923 603 1955 primi
621 1923 700 1946 rotuli
719 1923 836 1954 ejusdem
857 1923 1044 1946 Universitatis
1065 1923 1206 1946 concedere
1224 1923 1370 1954 magistriS,
1387 1923 1431 1955 qui
1447 1923 1514 1946 alias
1532 1923 1646 1955 gratiam
1663 1931 1714 1946 non
1733 1923 1882 1946 habuerunt
1900 1923 1927 1946 in
1943 1922 2030 1954 primo
2052 1923 2139 1946 rotulo
2155 1931 2177 1952 »,
2200 1931 2247 1946 seu
2267 1922 2313 1955 qui

447 1977 498 1991 non
511 1969 614 1991 fuerant
628 1968 655 1990 in
669 1967 755 1998 primo
771 1968 926 1997 (Matthaeus
950 1968 1047 1999 Magni,
1063 1967 1195 1990 Johannes
1216 1968 1247 1991 de
1264 1968 1289 1990 la
1307 1968 1442 1996 Bonnerie⁷
1460 1968 1576 1999 aliique).
1596 1969 1645 1991 Pro
1662 1967 1805 1991 novissime
1820 1967 1957 1999 graduatis
1974 1967 1999 1990 in
2015 1967 2066 1991 isto
2085 1967 2171 1991 rotulo
2190 1967 2314 1991 similiter

447 2020 570 2036 concessa
585 2015 624 2035 est
639 2021 651 2035 «
664 2013 725 2035 data
742 2021 753 2034 »
769 2020 801 2035 xv
816 2012 868 2035 kal.
885 2012 1005 2035 Decemh.
1022 2020 1063 2035 an.
1077 2012 1173 2043 prime.
1190 2012 1339 2036 Generatim
1354 2021 1416 2035 vero
1432 2013 1639 2044 supplicationes
1655 2020 1794 2036 concessae
1810 2015 1871 2036 sunt
1886 2020 1898 2035 «
1914 2012 1964 2035 sub
1977 2012 2039 2035 data
2051 2012 2139 2044 quarti
2151 2011 2214 2035 anni
2226 2014 2313 2036 vestre

447 2057 596 2086 creationis,
610 2056 731 2079 videlicet.
750 2056 799 2079 sub
819 2056 880 2079 data
899 2056 1102 2087 presentationis
1117 2056 1202 2087 ipsius
1219 2057 1326 2079 secundi
1344 2057 1424 2080 rotuli
1443 2065 1454 2080 n
1471 2057 1610 2086 (Ausredus
1629 2057 1722 2086 Saisiz,
1738 2056 1852 2086 Gallia).
1869 2057 1968 2080 Saltem
1987 2056 2108 2088 magistri
2125 2055 2312 2080 Universitatis

447 2101 573 2124 nominati
586 2101 611 2124 in
625 2101 737 2124 secundo
751 2101 844 2129 rotule,
858 2101 953 2132 quibus
965 2109 1012 2132 per
1023 2101 1138 2132 primum
1151 2101 1288 2132 provisum
1301 2104 1365 2130 erat,
1378 2101 1427 2124 sub
1442 2110 1453 2124 «
1468 2101 1528 2124 duta
1543 2109 1554 2124 »
1568 2101 1709 2133 posteriori
1720 2104 1884 2133 receperunt,
1894 2104 1922 2124 ut
1935 2104 2046 2132 apparet
2057 2108 2071 2124 e
2081 2100 2170 2132 suppl.
2184 2099 2312 2124 Boi-nardi

448 2146 479 2169 de
492 2145 612 2169 Oratorio
626 2145 698 2174 (ibid.
713 2145 834 2174 Decret.).
849 2145 994 2176 opinamur
1006 2145 1121 2168 rotulum
1135 2146 1278 2168 secundum
1294 2145 1320 2168 in
1334 2146 1384 2168 fine
1399 2149 1520 2177 portasse
1533 2149 1620 2169 notam
1634 2154 1639 2169 :
1654 2154 1665 2168 (ι
1679 2145 1848 2177 pontificatus
1862 2145 1946 2168 nostri
1959 2154 2026 2168 anno
2037 2148 2131 2176 quarto
2143 2153 2165 2175 1),
2176 2145 2193 2168 i.
2206 2153 2239 2173 e.,
2251 2147 2313 2168 nota

448 2190 575 2220 temporis
589 2190 732 2221 anticipata
746 2190 803 2218 ruit,
815 2190 884 2220 quod
898 2189 976 2212 etiam
990 2198 1003 2212 e
1018 2189 1052 2212 nis
1068 2190 1126 2213 1471
1143 2193 1168 2213 et
1183 2190 1242 2213 1472
1261 2198 1342 2221 supra
1358 2190 1435 2213 editis
1451 2191 1607 2213 concludere
1620 2190 1755 2219 debemus,
1768 2190 1811 2221 qui
1828 2191 1979 2213 referuntur
1989 2190 2022 2212 ad
2036 2189 2163 2221 quosdam
2176 2189 2314 2214 articulos

449 2241 607 2258 communes
623 2234 709 2256 rotulo
724 2234 863 2265 praefixos,
881 2234 998 2265 signatos
1014 2234 1039 2256 in
1056 2234 1129 2257 curia
1146 2243 1156 2256 α
1173 2243 1188 2257 v
1204 2234 1239 2258 id.
1256 2234 1348 2258 Octoh.
1368 2243 1410 2258 an.
1429 2238 1522 2266 quarto
1539 2243 1560 2263 n,
1577 2235 1594 2258 i.
1610 2244 1631 2262 e,
1644 2235 1693 2258 sub
1707 2234 1834 2266 temporis
1848 2237 1909 2257 nota
1924 2234 2038 2262 circiter,
2051 2242 2102 2265 qun
2120 2234 2222 2257 rotulus
2237 2233 2314 2257 Pari-

449 2278 496 2301 siis
513 2279 650 2301 conclusus
667 2281 714 2301 est.
732 2278 782 2301 Sed
800 2281 828 2301 ut
850 2278 875 2301 in
898 2279 983 2301 rotulo
999 2287 1040 2301 an.
1061 2279 1120 2301 1387
1137 2278 1172 2307 (in
1188 2278 1237 2301 fine
1251 2278 1273 2301 ni
1290 2279 1358 2308 1541)
1376 2279 1545 2302 observatum
1563 2283 1638 2302 erat:
1658 2288 1669 2302 (ι
1685 2279 1744 2302 Fiat
1759 2287 1807 2310 pro
1823 2278 1945 2302 omnibus
1961 2279 2103 2302 secundum
2120 2278 2313 2301 ordinationem

449 2322 537 2345 datam
552 2322 578 2344 in
592 2322 747 2345 cancellaria
763 2322 788 2345 in
805 2322 951 2353 signatione
966 2323 1081 2347 secundi
1092 2323 1171 2346 rotuli
1188 2331 1210 2352 ³),
1222 2326 1247 2346 et
1259 2324 1387 2354 quaedam
1402 2324 1609 2355 supplicationes
1623 2324 1655 2346 ad
1667 2323 1731 2347 haec
1742 2331 1769 2346 se
1780 2325 1921 2346 reserentes
1938 2323 2144 2346 annectebantur
2159 2330 2165 2346 :
2179 2323 2216 2346 ita
2227 2322 2313 2346 rotulo

449 2367 562 2389 secundo
578 2374 619 2389 an.
634 2367 693 2389 1382
707 2375 751 2389 seu
768 2367 827 2390 1383
850 2367 972 2398 adjuncta
992 2370 1048 2390 erat
1065 2367 1194 2398 quaedam
1213 2367 1356 2391 declaratio
1372 2368 1398 2391 in
1415 2370 1531 2391 favorem
1549 2368 1724 2400 quorumdam
1741 2367 1938 2399 magistrorum,
1956 2370 1984 2390 ut
1999 2367 2145 2398 gauderent
2163 2366 2313 2398 privilegiis

450 2410 615 2434 existentium
634 2410 659 2433 in
677 2411 761 2433 rotulo
774 2411 876 2441 primo.

544 2455 603 2483 Sed,
624 2455 687 2478 heu!
704 2456 805 2478 rotulus
821 2456 950 2478 secundus
967 2464 1034 2478 nunc
1054 2456 1206 2487 deperditus
1226 2457 1292 2479 ests’.
1316 2457 1415 2480 cavens
1436 2466 1466 2480 ne
1484 2457 1559 2480 illum
1577 2458 1722 2480 confundas
1742 2465 1801 2480 cum
1823 2456 1911 2488 aliquo
1929 2464 2011 2487 supra
2031 2456 2065 2478 ni*
2083 2456 2215 2479 1434-1137
2233 2455 2312 2479 edito.

451 2499 530 2522 Notae
544 2499 650 2521 secundi
666 2499 743 2522 rotuli
760 2499 834 2522 nobis
850 2508 896 2530 per
909 2500 1022 2522 rotulum
1036 2508 1078 2523 an.
1095 2501 1154 2523 1387
1168 2501 1272 2523 oblatae
1287 2501 1344 2524 istis
1361 2510 1411 2524 non
1425 2502 1591 2525 conveniunt.
1609 2490 1710 2525 Scimus
1727 2510 1740 2525 e
1755 2501 1815 2525 Lib.
1830 2507 1904 2532 proc.
1920 2504 1979 2524 nat.
1996 2500 2119 2530 Anylic.‚
2135 2500 2273 2523 facultates
2286 2499 2313 2523 in

451 2543 621 2569 dissensione.
639 2551 680 2566 nn.
698 2544 765 2572 1382,
783 2543 874 2567 Octob.
891 2545 919 2566 1‘.)
933 2544 1036 2575 (pontif.
1052 2545 1176 2567 Clement.
1193 2545 1239 2568 Vll
1254 2553 1296 2568 an.
1313 2547 1425 2576 quarto),
1443 2547 1558 2569 rotulum
1571 2546 1742 2575 conclusisse,
1761 2554 1772 2569 (t
1785 2549 1811 2569 et
1824 2549 1886 2568 tunc
1901 2548 1987 2568 rector
2003 2545 2072 2571 (Joh.
2088 2544 2207 2576 Luqueti)
2223 2544 2313 2567 habita

451 2587 573 2618 ampliori
592 2590 667 2618 parte
685 2587 869 2610 Universitatis
892 2588 1019 2611 conclusit
1038 2589 1153 2611 rotulum
1177 2589 1333 2612 mittendum
1353 2590 1385 2612 ad
1407 2598 1504 2621 papum
1523 2599 1534 2613 »
1556 2590 1617 2619 (vid.
1639 2592 1759 2615 Auctar.
1777 2590 1919 2622 chartul„
1939 2590 1968 2619 Ι).
1990 2589 2160 2612 Solummodo
2181 2596 2223 2612 an.
2242 2589 2311 2616 1382,

452 2631 581 2660 Decemb.‚
598 2634 623 2654 et
640 2640 681 2654 an.
701 2632 769 2661 1383,
783 2632 911 2659 Junnarfi,
928 2632 976 2655 iste
991 2633 1092 2655 rotulus
1111 2641 1121 2655 (ι
1141 2636 1292 2663 grosssatus
1309 2642 1330 2661 ›>.
1352 2634 1367 2657 i.
1384 2643 1406 2657 c.
1423 2634 1517 2657 iterum
1537 2635 1671 2666 nitideque
1689 2635 1804 2666 scriptus
1819 2634 1880 2664 (vid.
1895 2634 1956 2658 Lib.
1976 2640 2053 2664 proc.
2073 2637 2135 2657 ‘nat-
2151 2632 2264 2664 Anylt'c.
2286 2632 2313 2656 in

452 2678 578 2704 Auctar.‚
591 2676 620 2704 I),
637 2679 662 2698 et
676 2676 752 2699 Febr.
768 2676 802 2698 ad
814 2676 914 2699 curiam
930 2676 1026 2699 missus
1042 2680 1089 2700 est.
1106 2677 1163 2700 Vid.
1178 2678 1307 2702 num1477.

545 2720 618 2742 Sicut
630 2728 672 2743 an.
689 2720 749 2743 1379
763 2723 868 2751 praeter
881 2720 996 2743 rotulum
1010 2721 1195 2744 universitatis
1211 2721 1329 2753 integrae
1344 2722 1389 2745 alii
1401 2722 1575 2753 particulares
1591 2723 1671 2747 rotuli
1688 2724 1721 2746 ad
1736 2723 1838 2746 curiam
1850 2722 1926 2746 missi
1939 2725 2022 2746 erant.
2037 2722 2074 2745 sic
2089 2721 2166 2745 etiam
2183 2729 2226 2744 an.
2242 2721 2312 2749 1383,

452 2764 483 2787 Et
498 2764 566 2787 sicut
579 2764 645 2787 tales
661 2764 739 2787 rotuli
753 2772 795 2787 an.
812 2765 872 2787 1379
887 2772 953 2787 unus
972 2765 1012 2787 vel
1028 2765 1095 2788 alius
1111 2765 1258 2788 rotulorum
1273 2774 1321 2797 per
1338 2767 1471 2797 epitheton
1489 2776 1499 2790 α
1517 2768 1619 2798 primus
1636 2776 1648 2790 ))
1662 2767 1853 2799 designabatur
1868 2767 1932 2796 (vid.
1952 2775 2034 2798 supra
2052 2766 2085 2789 ad
2107 2770 2157 2789 n¹ml
2175 2766 2256 2795 1435),
2276 2765 2314 2789 sic

452 2816 518 2830 unus
532 2808 573 2831 vel
586 2808 662 2836 alius,
678 2811 707 2831 ut
720 2808 867 2839 opinamur,
882 2808 974 2831 talium
991 2809 1137 2832 rotulorum
1153 2818 1194 2833 an.
1212 2810 1272 2832 1383
1287 2819 1358 2841 per«
1375 2811 1505 2834 secundus
1521 2820 1541 2834 ».

546 2892 567 2915 1.
586 2892 633 2915 Ms.
650 2900 806 2923 perperam:
824 2901 836 2915 «
850 2893 1003 2916 Novembris
1019 2901 1039 2916 ι.
1055 2893 1110 2917 Vid.
1127 2894 1187 2918 Lib.
1200 2901 1278 2924 proc.
1290 2898 1349 2918 nat.
1366 2894 1478 2925 Anqlic.
1496 2894 1520 2917 in
1534 2897 1653 2919 Auctar.
1671 2896 1807 2925 Chartul.,
1821 2896 1840 2919 1.
1857 2909 1887 2913 —
1900 2896 1922 2918 2.
1935 2896 1983 2918 Ms.
1997 2898 2022 2918 et
2035 2895 2092 2918 Bul.
2108 2902 2114 2917 :
2131 2902 2143 2918 «
2159 2894 2279 2925 Mareroy
2290 2901 2313 2916 ».
