2508 3372
471 338 578 360 XXXVI
1252 332 1547 355 INTRODUCTIO.

471 412 639 439 accidentali
654 411 793 445 qualitate
805 412 968 437 creaturam
981 409 1100 435 fabricat
1114 408 1321 435 intellectivam
1335 408 1553 441 volitivamque,
1567 406 1663 433 omnis
1678 407 1825 439 expertem
1846 404 1969 438 generis,
1985 405 2014 430 et
2036 404 2133 430 Deum
2147 404 2258 438 absque
2272 404 2335 437 ejus

471 470 600 505 gratuito
616 477 737 496 munere
752 469 881 495 beatifice
896 468 1154 501 contemplantem,
1169 466 1216 492 cui
1231 467 1350 499 insuper
1365 465 1492 491 salvandi
1507 464 1614 490 mundi
1631 465 1803 498 potestatem
1816 462 1941 489 ascribit.
1959 462 2072 496 Stupes.
2088 461 2187 490 lector.
2201 463 2231 488 et
2245 461 2335 487 michi

472 530 534 554 tam
549 528 647 561 inepta
666 535 698 553 ac
721 527 829 553 insulsa
851 526 982 552 recitanti
997 525 1106 551 tardius
1121 524 1220 551 credis.
1244 524 1294 550 Ast
1316 531 1376 557 quo
1399 523 1491 556 magis
1515 524 1638 555 stupeas.
1662 521 1739 547 illius
1763 521 1816 547 hec
1837 520 1923 547 verba
1945 521 2037 546 sunt:
2062 529 2076 544 «
2096 520 2217 546 essentia
2238 519 2336 546 anime

473 585 580 612 Christi
602 584 892 611 transsubstantietur
905 584 934 609 et
957 583 1047 616 gratia
1069 582 1158 615 ipsius
1178 582 1276 608 anime
1297 581 1369 607 vices
1390 582 1471 614 gerat
1490 580 1610 606 essentie
1634 579 1731 605 anime
1746 578 1852 605 Christi
1867 577 1965 611 quoad
1984 577 2094 606 omnia.
2117 577 2223 604 scilicet
2238 577 2336 611 quoad

474 643 632 669 informare
647 650 752 676 corpus
766 643 795 668 et
815 641 913 674 ipsum
927 640 1051 666 vitaliter
1064 640 1233 668 immutare,
1248 640 1276 665 et
1290 639 1388 672 quoad
1403 638 1532 664 substare
1551 637 1748 663 accidentibus
1763 636 1862 662 anime
1876 635 1992 666 Christi,
2009 635 2115 662 scilicet
2132 635 2294 661 intellectui
2309 636 2338 661 et

473 700 627 729 voluntati,
644 701 672 726 et
686 707 731 725 eas
744 699 780 724 ad
795 706 859 724 suas
873 698 982 724 debitas
995 697 1176 731 operationes
1191 697 1339 722 inclinare.
1356 696 1429 721 Talis
1444 695 1536 729 gratia
1551 702 1705 721 remanens
1719 695 1784 727 post
1799 693 2156 720 transsubstantiationem
2170 694 2243 720 esset
2256 700 2336 719 crea-

474 760 541 784 tura
553 757 699 783 rationalis
714 758 742 782 et
756 755 871 782 libera⁴.
887 766 900 779 >³
918 755 1008 781 Habet
1023 755 1135 781 subtilis
1148 754 1195 780 hic
1209 754 1363 787 theologus
1376 755 1473 779 noster
1484 752 1564 786 quod
1579 752 1698 785 optabat
1710 761 1716 778 :
1731 751 1859 778 obscuris
1874 751 2031 778 verborum
2045 751 2228 784 ambagibus,
2242 758 2338 785 neque

475 815 537 841 aliis
552 814 782 847 intelligibilibus
798 820 893 846 neque
908 813 969 841 sibi.
986 820 1069 838 aures
1083 812 1242 837 astantium
1258 811 1378 845 replevit
1393 811 1423 836 in
1438 810 1723 843 admirationemque
1738 809 1890 836 convertit.
1907 809 2016 843 Erigite
2030 816 2123 839 aures,
2137 809 2286 838 scolastici,
2302 808 2339 835 ad

475 874 537 898 tam
552 872 640 897 altam
666 871 904 904 profundamque
925 869 1099 895 doctrinam.
1125 870 1186 895 Non
1211 869 1339 898 audistis,
1357 870 1391 894 ut
1405 868 1540 896 arbitror.
1557 868 1624 893 talia
1644 868 1799 896 hactenus;
1821 867 1919 893 virum
1940 867 2022 893 hunc
2043 874 2078 893 ex
2098 867 2198 892 divino
2219 866 2339 893 consilio

475 929 636 956 demissum
652 929 746 961 dignis
761 928 884 954 attollite
899 927 1049 961 preconiis.
1065 927 1171 953 Ymmo
1186 927 1284 959 potius
1298 926 1444 952 exsibilate
1458 928 1486 952 et
1501 925 1655 958 explodite.
1673 933 1721 951 vos
1736 925 1897 958 presertim.
1912 925 1965 958 qui
1984 932 2018 951 ex
2036 925 2157 951 illorum
2177 932 2263 958 grege
2278 932 2340 951 non

478 987 543 1013 estis
555 987 662 1020 quibus
677 986 771 1012 solum
787 986 816 1011 id
831 985 971 1019 placitum
987 986 1038 1014 est.
1055 984 1135 1018 quod
1150 984 1312 1013 insolitum,
1329 985 1358 1009 et
1372 983 1519 1017 quidquid
1534 982 1728 1017 ymaginabile
1743 984 1795 1012 est,
1814 983 1843 1008 id
1858 984 1887 1009 et
1902 982 2051 1016 probabile
2066 984 2215 1016 reputant,
2231 982 2340 1016 quibus

477 1045 635 1071 obscuritas
650 1043 792 1069 subtilitas
805 1042 863 1069 est2
877 1044 905 1068 et
917 1043 988 1068 adeo
1003 1042 1153 1075 inopinata
1167 1043 1295 1075 ponunt.
1309 1042 1343 1067 ut
1361 1041 1402 1066 nil
1417 1041 1670 1067 inconvenientius
1683 1041 1715 1066 in
1734 1048 1782 1067 eos
1796 1040 1853 1067 dici
1874 1040 1973 1074 possit.
1997 1039 2060 1075 Ni[l}
2076 1041 2188 1066 mirum
2203 1040 2304 1074 igitur.
2317 1040 2341 1067 si

479 1101 610 1128 convinci
625 1102 786 1134 nequeunt,
800 1101 907 1134 quibus
925 1100 1130 1126 inconveniens
1151 1099 1242 1125 nichil
1262 1098 1331 1126 est3.
1348 1099 1422 1125 Hinc
1437 1100 1625 1132 portentuose
1639 1107 1671 1125 ac
1685 1099 1846 1125 chimerine
1861 1099 2102 1132 ymaginationes,
2118 1099 2212 1132 qualis
2225 1099 2275 1125 illa
2289 1099 2341 1128 aet,

478 1159 668 1187 oboriuntur;
684 1158 753 1184 hinc
767 1165 879 1187 sonore,
894 1157 941 1183 sed
963 1165 1103 1183 sensuum
1118 1157 1219 1190 inopes
1234 1156 1409 1190 pervolitant
1424 1164 1512 1190 nuge.
1530 1157 1564 1182 Et
1586 1158 1620 1182 ut
1644 1156 1820 1190 preceptoris
1835 1157 1893 1183 mei
1907 1157 2031 1183 verbum
2049 1158 2101 1186 est,
2122 1164 2183 1190 quo
2204 1163 2292 1183 nemo
2306 1156 2343 1182 ab

479 1217 532 1241 hac
555 1215 646 1241 animi
672 1215 858 1248 corruptione
880 1214 1001 1240 alienior
1023 1214 1087 1243 fuit,
1108 1214 1160 1247 qui
1184 1224 1196 1237 «
1214 1214 1374 1239 maximam
1401 1214 1458 1239 veri
1480 1214 1590 1247 ingenii
1614 1224 1627 1237 »
1644 1214 1808 1248 reputabat,
1833 1222 1925 1247 quam
1947 1213 2124 1240 lucidissime
2147 1221 2210 1240 rem
2228 1213 2323 1240 dicere
2335 1222 2342 1239 :

481 1283 493 1297 «
513 1273 638 1306 Quidam
663 1272 771 1306 inquit,
799 1273 893 1305 spreta
913 1272 1003 1304 logica
1023 1272 1059 1297 ad
1079 1279 1152 1301 rem,
1169 1273 1203 1297 ut
1227 1272 1320 1301 aiunt.
1337 1271 1378 1298 ire
1397 1272 1536 1302 volentes.
1551 1272 1583 1297 in
1598 1273 1692 1298 totam
1713 1272 1754 1298 rei
1767 1272 1966 1306 ignorantiam
1985 1272 2111 1298 involuti
2131 1272 2343 1306 prolabuntur:

480 1331 570 1356 nodos
594 1337 712 1363 quoque
735 1330 898 1362 ambiguos.
917 1337 991 1363 quos
1014 1329 1141 1362 logicalis
1164 1337 1209 1355 ars
1232 1330 1314 1356 facile
1338 1338 1462 1364 vereque
1484 1330 1610 1359 resolvit,
1639 1330 1733 1356 nescio
1758 1338 1818 1364 quo
1838 1331 1923 1363 pacto
1947 1330 2188 1363 methaphisicare
2216 1330 2345 1356 volentes

480 1388 571 1421 magis
583 1396 614 1413 ac
627 1387 719 1421 magis
730 1387 878 1413 intricant.
894 1397 908 1411 »

568 1446 654 1471 Miror
669 1453 735 1471 vero
750 1453 802 1471 cur
817 1446 864 1471 hic
881 1446 1032 1479 peregrine
1046 1445 1178 1472 doctrine
1192 1446 1363 1479 peregrinus
1377 1447 1500 1472 assertor
1514 1446 1769 1480 quemadmodum
1784 1446 1934 1473 caritatem
1949 1446 1988 1472 sic
2003 1446 2119 1472 asinum
2133 1446 2345 1473 intellectivum

481 1504 692 1536 volitivumque
706 1510 764 1529 non
777 1503 884 1532 effecit;
901 1504 996 1529 multo
1012 1504 1041 1529 id
1057 1504 1178 1537 quidem
1194 1504 1247 1529 sibi
1262 1503 1373 1530 facilius
1387 1505 1416 1530 ct
1431 1504 1553 1538 Apuleio
1567 1504 1709 1538 placidius
1723 1505 1875 1534 extitisset;
1894 1505 2064 1531 reddidisset
2084 1504 2205 1538 perinde
2219 1504 2345 1531 credibi-

481 1561 583 1587 liorcm
599 1561 808 1594 aliquantisper
822 1561 911 1594 ipsius
925 1561 961 1587 de
976 1569 1065 1587 aureo
1080 1561 1160 1587 asino
1174 1561 1337 1587 sabellam⁴.
1355 1562 1418 1588 Scio
1431 1562 1504 1596 quid
1523 1562 1673 1588 retraxerit
1689 1572 1695 1589 z
1712 1562 1866 1589 verebatur
1880 1570 1917 1589 ne
1931 1570 1959 1589 se
1973 1563 2035 1596 ipso
2050 1562 2299 1589 rationabiliorem
2313 1569 2346 1588 ac

482 1618 655 1644 nobiliorem
674 1619 794 1644 asellum
810 1619 998 1648 habe1·emus;
1016 1619 1071 1645 hoc
1090 1621 1190 1646 autem
1206 1619 1228 1645 si
1243 1619 1382 1653 pudebat,
1398 1620 1563 1646 albedinem
1585 1620 1829 1654 nigredinemque
1852 1620 1908 1647 sive
1926 1620 2061 1654 picarum
2082 1621 2171 1654 atque
2190 1627 2345 1646 corvorum

482 1676 611 1709 aliquem
626 1676 656 1700 in
672 1676 723 1702 Dei
738 1676 1015 1709 contemplationem
1030 1684 1063 1702 ac
1075 1677 1262 1703 dilectionem
1276 1677 1416 1704 debuerat
1433 1678 1562 1704 evehere.
1582 1678 1644 1704 Non
1660 1678 1777 1704 vacabat
1792 1678 1926 1704 fortassis.
1943 1678 2069 1704 Edocere
2082 1678 2149 1704 satis
2163 1679 2224 1704 erat
2238 1685 2346 1712 quem-

482 1733 643 1759 admodum
659 1734 711 1759 hec
726 1734 839 1764 fierent,
853 1734 999 1768 longeque
1014 1735 1202 1761 mirabiliora.
1217 1735 1287 1761 Nam
1301 1735 1404 1761 odium
1420 1736 1471 1761 Dei
1484 1736 1560 1762 hanc
1574 1743 1625 1769 per
1642 1737 1736 1762 artem
1751 1736 1902 1762 intellectu
1923 1737 2013 1770 atque
2031 1736 2183 1775 voluntate
2197 1735 2345 1765 investias:

484 1791 509 1817 ei
523 1791 641 1824 perinde
655 1791 766 1817 dederis
780 1792 943 1818 libertatem
958 1800 1016 1825 qua
1037 1793 1132 1818 Deum
1147 1793 1267 1826 diligere
1282 1794 1447 1827 mererique
1468 1794 1585 1827 poterit,
1602 1795 1630 1820 et
1653 1794 1842 1820 beatitudinis
1862 1794 2005 1827 particeps
2026 1794 2110 1820 effici.
2127 1793 2213 1827 Quod
2237 1794 2259 1820 si
2280 1794 2348 1820 odio

485 1849 536 1874 Dei
550 1849 676 1875 tribuere
691 1848 757 1883 (fol.
776 1848 836 1883 197)
851 1849 881 1875 id
896 1857 954 1876 non
970 1850 1047 1878 velis.
1063 1850 1155 1884 reperi
1170 1851 1217 1877 cui
1233 1851 1388 1877 concedere
1401 1859 1462 1878 non
1482 1852 1602 1885 pigebit.
1623 1852 1668 1878 An
1692 1851 1819 1878 sotulart·
1840 1853 1910 1878 tuus
1930 1852 2028 1878 adest?
2042 1852 2074 1878 Ei
2090 1852 2348 1879 rationabilitatem

484 1906 557 1932 adde
569 1908 603 1932 ut
621 1908 648 1932 te
661 1906 776 1939 dirigat,
795 1908 960 1941 mundique
981 1908 1162 1938 salvatorem,
1179 1910 1213 1934 ut
1228 1910 1256 1935 te
1270 1909 1368 1939 salvet,
1385 1910 1538 1936 constitue.
1555 1910 1616 1936 Non
1632 1917 1761 1943 possum,
1778 1911 1812 1935 ut
1826 1910 1866 1936 ait
1882 1910 1996 1940 Seneca,
2012 1910 2068 1936 hoe
2088 1910 2152 1936 loco
2165 1910 2259 1936 dicere
2273 1909 2348 1936 illud

485 1963 554 1989 Celii
570 1972 575 1988 :
594 1974 607 1987 «
623 1972 640 1990 o
654 1964 748 1990 tristes
762 1964 895 1998 inepcias.
911 1976 924 1989 η
942 1981 975 1984 -—
988 1966 1109 1992 ridicule
1125 1968 1203 1992 sunt.

574 2021 627 2047 Sed
642 2023 781 2055 exspecta,
798 2023 895 2049 audies
910 2023 1021 2056 aliquid
1036 2024 1115 2057 quod
1132 2025 1242 2058 maj0re
1264 2025 1385 2051 cachino
1399 2025 1522 2059 excipias
1537 2034 1543 2050 :
1561 2025 1685 2059 paulum
1707 2026 1729 2051 si
1751 2026 1943 2059 progrediaris
1958 2027 2122 2053 creaturam
2144 2026 2348 2052 rationabilem

486 2079 657 2105 naturaliter
671 2080 789 2109 malam.
804 2088 895 2113 quam
910 2081 1076 2107 Manicheus
1091 2083 1243 2116 tantopere
1258 2083 1407 2116 querebat,
1425 2083 1557 2116 reperies.
1574 2083 1644 2109 Nam
1660 2085 1694 2109 ut
1709 2084 1810 2110 caritas
1824 2083 1855 2109 in
1871 2084 2044 2110 rationalem
2063 2086 2227 2110 creaturam
2251 2086 2349 2111 trans-

487 2137 609 2162 formata
624 2137 810 2163 essentialiter
825 2137 900 2163 bona
915 2140 996 2168 esset,
1013 2147 1073 2165 non
1088 2140 1171 2166 aliter
1183 2140 1286 2166 odium
1307 2141 1359 2167 Dei
1381 2148 1414 2167 eo
1436 2141 1525 2167 modo
1546 2141 1687 2167 rationale
1708 2142 1846 2168 effectum
1868 2142 2014 2168 maliciam
2036 2144 2148 2175 gereret
2172 2142 2347 2169 naturalem.

488 2193 696 2220 Verumtamen
711 2194 808 2227 ipsum
823 2195 860 2220 ob
880 2196 934 2221 hoc
950 2204 1007 2222 neu
1020 2197 1114 2223 oderis
1129 2205 1210 2226 cave:
1228 2206 1363 2224 venerare
1379 2198 1478 2232 pocius
1492 2201 1521 2225 et
1537 2199 1635 2228 adora,
1652 2200 1759 2225 salvare
1774 2199 1912 2233 equidem
1931 2201 1960 2226 te
1979 2201 2075 2233 posset
2089 2201 2117 2225 et
2136 2199 2167 2225 in
2181 2199 2349 2232 paradisum

488 2251 614 2277 trudere.
637 2252 697 2277 Non
713 2252 861 2285 perdidisti
876 2255 1001 2286 tempus,
1018 2254 1144 2284 auditor,
1160 2255 1329 2288 plusculum
1344 2256 1456 2290 aliquid
1471 2264 1563 2290 quam
1578 2257 1702 2290 putabas
1716 2257 1850 2284 didicisti.
1867 2257 1922 2283 nisi
1937 2258 2042 2287 forsan,
2058 2257 2114 2283 hoc
2128 2257 2251 2283 artificio
2265 2258 2348 2283 ratio-

490 2308 561 2333 nalis
575 2316 632 2334 esse
645 2309 831 2336 essentialiter
845 2318 877 2336 ac
891 2310 1045 2337 intrinsece
1057 2312 1182 2342 desieris,
1194 2314 1222 2339 et
1237 2313 1291 2339 nisi
1306 2314 1359 2340 hos
1373 2322 1425 2347 per
1436 2315 1515 2347 jocos
1530 2314 1561 2340 in
1575 2315 1771 2340 accidentium
1787 2322 1950 2341 numerum
1962 2316 2014 2341 tua
2027 2315 2204 2341 rationalitas
2219 2315 2347 2341 evaserit.

489 2365 523 2391 Et
538 2366 634 2395 evasit.
652 2366 757 2396 hercle,
775 2367 844 2393 huic
857 2368 878 2394 si
893 2370 1077 2395 consenseris.

577 2424 613 2448 At
627 2432 692 2449 vero
706 2425 747 2450 vir
762 2425 813 2450 iste
837 2426 1038 2458 argutissimus
1060 2428 1208 2453 modestus
1229 2430 1280 2458 est,
1297 2429 1416 2456 laudem
1431 2438 1515 2455 suam
1531 2438 1592 2456 non
1606 2430 1744 2464 queritat,
1761 2438 1857 2464 neque
1877 2430 2008 2457 alienum
2027 2430 2158 2456 laborem
2179 2431 2351 2465 usurpando

489 2488 576 2506 suum
592 2481 671 2510 facin
690 2489 750 2507 non
765 2483 825 2508 vult
839 2483 919 2509 enim
933 2485 1077 2517 profunde
1093 2486 1182 2519 hujus
1197 2486 1328 2513 doctrine
1343 2489 1422 2513 actor
1437 2488 1544 2521 putari.
1558 2488 1658 2518 Habet,
1677 2489 1710 2513 ut
1725 2488 1775 2516 ait.
1791 2490 1926 2514 sanctum
1942 2489 2087 2514 Thomam
2103 2488 2238 2523 (mirarer
2252 2489 2275 2515 si
2290 2497 2350 2515 non

584 2640 605 2662 1.
624 2640 681 2663 Vid.
698 2640 765 2663 insu-a
781 2650 806 2672 p.
825 2642 869 2664 493
885 2651 925 2673 sq.

583 2684 605 2707 2.
626 2694 638 2705 ιι
656 2684 750 2715 quihus
810 2689 850 2708 est
865 2696 877 2707 n
893 2686 919 2709 in
936 2688 1064 2718 margine.

584 2729 606 2751 3.
625 2728 690 2751 Add.
706 2736 712 2751 ·.
726 2738 739 2750 α
754 2729 828 2760 eujus
844 2729 948 2754 inscicie
969 2740 1019 2754 non
1036 2733 1174 2756 inediocris
1196 2742 1275 2757 causa
1292 2738 1331 2757 est
1348 2735 1441 2758 talium
1459 2735 1492 2757 ab
1514 2735 1655 2766 inexpertis
1676 2734 1816 2758 admiratio
1831 2738 1856 2758 et.
1877 2735 2023 2767 applausus
2039 2745 2060 2766 u,
2075 2735 2122 2758 sed
2137 2736 2222 2759 deleta
2237 2739 2277 2759 est
2291 2744 2352 2759 sen-

490 2771 579 2800 tentia,
594 2780 652 2794 cum
668 2775 758 2795 auctor
769 2773 886 2804 vidisset,
903 2775 951 2797 hac
968 2777 1095 2799 sententia
1106 2777 1243 2809 interjecta
1255 2787 1349 2802 nexum
1364 2779 1482 2802 idearum
1498 2779 1660 2810 perturbari.

587 2817 610 2839 4.
628 2816 729 2839 Alludit
743 2821 833 2840 auctor
848 2819 881 2841 ad
898 2819 1009 2843 Areten
1026 2821 1270 2852 Metamorphoses,
1282 2831 1328 2846 seu
1343 2824 1465 2848 Asinum
1479 2830 1619 2856 aureum.-

586 2862 609 2883 5.
629 2860 645 2884 Ι.
660 2868 682 2883 e.
699 2861 852 2891 subtalaris,
868 2863 980 2889 calceus.
993 2865 1051 2888 Vid.
1068 2866 1365 2896 DucANGE-Hzxvscimt‚
1380 2868 1422 2897 VI,
1441 2876 1467 2899 p.
1481 2869 1526 2891 417
1543 2876 1581 2899 sq.
