2508 3372
944 312 1239 334 APPENDthLA.
1938 313 2021 334 ΧΧΙΧ

254 389 299 421 At
331 388 412 433 quis
442 394 566 420 auctor
594 393 763 420 tractatus
785 386 884 419 illius
907 386 1188 431 agnoscendus?
1215 386 1329 430 Supra
1358 385 1438 418 Joh.
1466 386 1624 419 Gersoni
1644 386 1864 430 adscriptum
1892 386 2018 426 fuisse,

167 455 231 488 sed
253 454 398 488 saeculo
427 453 632 499 posteriori,
663 453 832 485 diximus.
865 452 1040 497 Equidem
1065 459 1147 485 tunc
1175 458 1298 484 auctor
1319 452 1466 484 Parisiis
1492 458 1569 484 actu
1593 452 1695 491 rexit,
1720 466 1735 483 ((
1762 451 1818 484 his
1840 452 2020 492 omnibus,

167 522 247 567 ipso
268 527 372 562 teste,
394 521 478 553 dum
500 526 695 565 agerentur
716 531 828 564 paene
851 530 995 563 semper
1011 519 1174 551 interfuit
1191 532 1220 550 ›>.
1241 518 1310 551 Sed
1328 518 1442 563 primo
1463 530 1481 550 a
1503 518 1669 551 Gersone
1685 518 1855 551 abhorret
1875 518 2022 563 elegans

163 588 310 632 jocandi
331 599 449 632 genus
475 598 546 631 quo
573 593 698 619 noster
719 592 907 619 emunctae
935 585 1032 618 naris
1060 585 1216 629 scriptor
1244 585 1490 617 adversarium
1519 584 1670 617 deridet.
1700 584 1735 617 Si
1756 584 1837 628 quis
1862 591 2024 617 accurate

169 655 309 687 initium
338 653 556 686 narrationis
595 653 639 686 de
668 652 831 686 Johanne
860 652 904 684 de
939 653 1156 685 Montesono
1191 651 1336 696 legerit,
1363 651 1481 684 statim
1515 650 1746 683 confitebitur
1780 650 1861 683 hinc
1896 650 2023 683 abesse

169 720 347 755 Gersonis
374 720 531 753 animum
553 719 710 760 dulcem,
741 719 927 763 ingenium
958 725 1177 763 temperans,
1202 717 1360 750 indolem
1390 717 1470 750 aliis
1491 717 1776 762 praesertimque
1803 717 2027 750 Praedicato-

170 787 271 821 ribus
294 793 511 832 parcentem.
535 786 619 819 Sine
641 785 752 818 dubio
774 786 918 818 Gerson
946 796 1090 817 errores
1110 784 1286 817 Johannis
1308 784 1351 816 de
1373 785 1588 816 Montesono
1618 783 1810 824 damnavit,
1833 790 1868 816 et
1892 783 1924 815 ei
1947 795 2026 816 cum

171 854 292 898 multis
312 854 349 886 in
370 853 468 886 curia
489 852 737 886 Avenionensi
758 852 969 885 adversatus
990 858 1058 892 est,
1080 857 1112 884 at
1133 851 1211 896 ipse
1229 851 1412 895 posterius
1434 849 1576 883 dicebat
1597 861 1603 882 :
1628 864 1643 881 «
1667 850 1773 883 Novit
1792 851 1944 882 Deus...
1968 850 2027 882 diu

171 920 327 961 ostendi,
351 932 406 952 me
428 932 501 952 non
522 919 606 952 odio
634 919 766 952 habere
789 918 1051 959 Mendicantes,
1079 924 1139 951 aut
1163 929 1287 950 eorum
1313 917 1475 950 voluisse
1496 917 1793 955 destructionem,
1820 923 1859 948 ut
1884 923 2031 961 apparet

171 987 207 1019 in
229 986 524 1019 reconciliatione
545 986 589 1018 fr.
606 985 915 1018 Praedicatorum¹
941 997 975 1025 »ς
999 985 1035 1017 in
1057 984 1210 1029 epistola
1231 984 1274 1016 ad
1295 983 1507 1016 Navarricos
1529 983 1755 1016 severitatem
1778 983 2031 1016 Universitatis

172 1054 209 1087 in
236 1065 343 1086 causa
370 1053 546 1086 Johannis
568 1053 612 1085 de
634 1053 874 1085 Montesono2
899 1051 1080 1096 reprobat.
1104 1051 1241 1083 Nimiae
1265 1062 1409 1095 quoque
1431 1050 1655 1083 credulitatis
1681 1050 1825 1083 Gerson
1849 1050 1926 1090 fuit,
1950 1062 2028 1082 cum

173 1132 248 1153 eam
267 1120 475 1165 opinionem
493 1132 511 1152 a
528 1131 622 1152 saec.
645 1130 708 1151 xm
729 1118 910 1151 celebrem
933 1118 1151 1159 admitteret,
1170 1117 1374 1150 Parisiense
1396 1117 1554 1149 studium
1569 1116 1722 1149 Athenis
1744 1118 1903 1157 Romam,
1923 1118 2031 1149 Roma

174 1187 331 1219 Parisios
354 1187 538 1227 venisse³;
561 1193 684 1219 auctor
709 1192 826 1219 autem
854 1192 1024 1218 tractatus
1047 1196 1179 1218 sensus
1200 1191 1424 1217 caeterorum
1446 1184 1557 1216 refert
1577 1195 1642 1216 nec
1671 1183 1829 1228 speciem
1851 1183 2033 1216 credentis

175 1253 334 1298 praebet.

263 1320 385 1352 Altera
407 1326 506 1364 parte
534 1319 640 1352 stilus
662 1319 840 1352 Gersonis
868 1318 977 1351 latine
1005 1318 1199 1351 scribentis
1226 1317 1459 1350 vehementer
1480 1317 1672 1362 discrepat.
1706 1319 1841 1350 Revera
1862 1317 2035 1350 classicos

177 1398 321 1432 quoque
343 1386 444 1431 legit,
463 1397 527 1418 eos
548 1385 584 1418 in
606 1385 816 1418 tractatibus
838 1392 872 1417 et
893 1384 1143 1417 sermonibus*
1166 1384 1242 1417 suis
1268 1384 1363 1424 citat,
1387 1390 1425 1416 ut
1444 1383 1660 1428 Vergilium,
1685 1383 1906 1424 Terentium,
1926 1385 2036 1416 Hora-

178 1454 278 1494 tium,
301 1453 531 1493 Ciceronem,
554 1451 778 1486 Sallustium,
802 1451 955 1491 Livium,
979 1450 1204 1491 Suetonium,
1227 1449 1451 1486 Juvenalem,
1479 1450 1683 1490 Caesarem,
1712 1449 1875 1490 Statium,
1899 1451 2036 1482 Macro-

178 1520 290 1561 bium,
306 1519 490 1553 Valerium
513 1518 719 1552 Maximum.
749 1518 820 1551 Sed
847 1518 1076 1562 antiquorum
1099 1517 1219 1549 stilum
1245 1528 1318 1549 non
1339 1516 1493 1548 feliciter
1518 1516 1690 1557 imitatus,
1719 1516 1828 1548 durae
1854 1515 2038 1549 latinitatis

178 1593 234 1620 est
253 1593 289 1620 et
303 1586 453 1631 gallicas
473 1585 679 1618 locutiones
701 1597 809 1630 saepe
827 1596 892 1629 pro
909 1584 1031 1617 latinis
1053 1584 1166 1629 ponit.

267 1655 455 1686 Praeterea
476 1659 601 1685 nostro
619 1652 762 1685 dicente
786 1663 792 1684 :
818 1666 833 1682 «
857 1651 1027 1684 reclamat
1052 1651 1216 1696 professe
1243 1649 1436 1694 discipline
1466 1649 1614 1682 alterius
1638 1650 1906 1683 intermittenda
1936 1662 2041 1682 occu-

180 1721 274 1766 patio
301 1734 330 1760 »,
355 1731 479 1764 parum
501 1718 569 1752 hoc
590 1719 744 1752 Johanni
776 1718 948 1759 Gersoni,
972 1724 1055 1750 tunc
1081 1717 1223 1750 cursori
1249 1716 1384 1749 biblico
1410 1716 1447 1748 in
1473 1716 1641 1749 facultate
1668 1716 1884 1761 theologiae,
1910 1729 2041 1750 conve-

180 1787 285 1820 niret.
309 1788 349 1819 In
368 1792 516 1819 tractatu
533 1785 628 1818 enim
646 1785 690 1818 de
715 1785 911 1830 theologia,
933 1796 1005 1817 non
1023 1784 1066 1816 de
1087 1783 1154 1816 alia
1176 1783 1382 1828 disciplina,
1406 1783 1535 1828 agitur.

268 1855 392 1898 Itaque
414 1852 562 1885 Nicolao
585 1852 629 1885 de
653 1852 864 1897 Clamengis
887 1857 1071 1884 tractatum
1095 1850 1197 1883 illum
1219 1851 1354 1894 majore
1381 1862 1461 1882 cum
1485 1849 1738 1894 probabilitate
1760 1862 1863 1894 quam
1886 1850 2042 1883 Gersoni

181 1919 414 1953 tribuendum
431 1925 656 1964 reputamus3
680 1930 835 1963 eumque
857 1918 951 1950 inter
968 1918 1088 1962 priora
1109 1917 1246 1949 Nicolai
1268 1917 1400 1961 scripta
1418 1916 1681 1949 collocandum.
1704 1916 1882 1949 Juvenilis
1903 1917 2043 1949 animus

176 1986 341 2031 jocosior
363 1998 471 2031 saepe
497 1997 601 2031 quam
631 1985 806 2018 seriosior
831 1985 867 2017 in
895 1991 1043 2017 tractatu
1068 1983 1237 2024 occurrit,
1265 1984 1368 2028 cujus
1390 1989 1514 2015 auctor
1538 1995 1577 2016 se
1605 1995 1677 2015 non
1702 1983 1932 2015 exercitatum
1963 1995 2043 2015 esse

183 2052 387 2086 confitetur.
406 2053 452 2085 At
468 2052 605 2086 Galliae
631 2052 918 2085 amantissimum
943 2058 1067 2084 auctor
1088 2062 1126 2083 se
1148 2050 1254 2095 gerit,
1275 2056 1312 2082 ut
1333 2049 1521 2088 Nicolaus;
1546 2049 1582 2081 in
1608 2061 1647 2082 ea
1669 2050 1887 2094 cogitatione
1905 2050 2043 2082 defixus

184 2125 250 2160 est,
269 2125 308 2152 ut
327 2119 510 2160 Nieolaus,
529 2118 769 2163 eloquentiam
788 2118 824 2150 in
841 2118 956 2151 Gallia
973 2117 1151 2150 cecidisse
1173 2123 1279 2161 atque
1298 2117 1341 2149 ad
1363 2128 1438 2148 eam
1459 2116 1698 2148 renovandam
1723 2116 1858 2161 aliquid
1880 2116 2044 2148 conferre

184 2192 346 2219 conatur.
380 2185 520 2218 Scimus
548 2185 733 2218 Nicolaum
764 2197 873 2217 unum
903 2196 985 2218 esse
1012 2191 1136 2229 postea
1164 2184 1225 2228 qui
1252 2183 1295 2216 de
1328 2183 1496 2215 inclinata
1527 2182 1733 2227 eloquentia
1765 2183 1858 2227 apud
1890 2184 2045 2215 Francos

186 2259 369 2298 queratur,
392 2264 501 2285 unum
524 2264 605 2285 esse
628 2253 689 2296 qui
706 2264 744 2285 se
765 2264 840 2284 eam
859 2263 971 2296 paene
996 2251 1032 2283 in
1050 2251 1241 2296 pristinum
1269 2250 1443 2282 honorem
1468 2249 1673 2282 restituisse
1697 2249 1903 2293 glorietur⁵ss
1932 2249 2045 2293 Magi-

187 2326 282 2352 stros
304 2331 322 2352 e
339 2318 472 2364 quibus
489 2319 650 2352 scribere
675 2319 844 2351 didicerit
867 2318 988 2351 nullos
1010 2317 1100 2350 alios
1122 2329 1226 2361 quam
1257 2316 1431 2349 classicos
1453 2322 1639 2348 enumerat
1661 2327 1667 2348 τ
1694 2330 1709 2346 «
1733 2316 1905 2355 studium,
1928 2328 2045 2355 usum,

188 2386 411 2426 exercitium,
429 2385 611 2418 assiduam
629 2392 871 2430 attentamque
889 2385 1079 2418 lectionem
1099 2390 1283 2416 auctorum
1300 2383 1559 2427 eloquentium,
1575 2395 1653 2415 cum
1669 2382 1786 2426 aliqua
1802 2383 1892 2414 sorte
1909 2382 2046 2427 ingenii

188 2452 406 2498 aptitudine⁶
424 2466 453 2484 ».
480 2452 721 2497 Epistolarum
745 2451 882 2484 Nicolai
905 2451 1011 2484 stilus
1038 2451 1131 2483 idem
1159 2451 1194 2482 in
1219 2462 1370 2490 summa,
1394 2450 1454 2494 qui
1475 2456 1644 2482 tractatus
1667 2449 1774 2493 hujus
1799 2455 1864 2489 est,
1885 2449 1953 2481 nisi
1976 2449 2046 2493 epi-

189 2518 304 2560 stolis,
330 2525 454 2564 utpote
479 2518 757 2563 posterioribus,
785 2519 901 2551 virum
932 2517 1210 2563 provectiorem,
1249 2516 1495 2557 seriosiorem,
1532 2515 1763 2548 maturiorem
1794 2514 2044 2560 probantibus,

282 2644 304 2667 1.
325 2643 523 2675 0pp.‚11,436.

281 2688 304 2711 2.
325 2688 401 2718 Opp„
420 2688 438 2716 1,
454 2688 506 2711 110.

282 2732 305 2755 3.
324 2732 381 2755 Vid.
398 2732 467 2755 infra
484 2732 510 2754 in
529 2732 606 2755 notis.

282 2777 306 2800 4.
325 2776 363 2799 Ct‘.
380 2776 512 2807 imprimis
529 2777 666 2799 Sermones
683 2776 707 2799 in
726 2776 802 2806 Ome„
821 2776 853 2804 ΙΙ,
865 2777 894 2799 35
910 2783 980 2806 sqq.;
998 2775 1042 2803 ΙΙΙ,
1061 2776 1118 2806 296;
1134 2775 1209 2802 ’1022;
1228 2774 1295 2796 1247,

284 2823 304 2844 5.
322 2820 378 2844 Vid.
396 2829 477 2852 supra
492 2829 519 2852 p.
535 2828 593 2849 vni,
611 2824 664 2844 not.
680 2821 704 2844 3.

284 2866 307 2888 6.
327 2865 410 2895 Epist.
425 2866 448 2893 4,
466 2865 498 2888 ad
517 2865 589 2889 card.
606 2865 744 2888 Galeotum
759 2865 790 2888 de
806 2864 961 2892 Petramala,
982 2863 1026 2894 qui
1044 2866 1116 2886 extra
1132 2863 1235 2885 Italiam
1259 2862 1323 2884 nihil
1342 2869 1419 2892 posse
1433 2860 1498 2883 disci
1514 2863 1558 2882 aut
1576 2859 1636 2882 sciri
1655 2860 1811 2883 aestimavit.
1830 2860 1875 2882 lid.
1892 2860 1909 2882 l.
1926 2868 1948 2883 c,
1965 2868 1990 2889 p.
2008 2859 2044 2881 21.

317 2913 364 2929 *ἢ
382 2910 477 2934 Chare.
500 2909 576 2934 Univ.
595 2909 687 2934 Paris.
706 2910 750 2932 ΙΙΙ.
1907 2905 1925 2927 d
