2488 3386
464 336 528 369 618
1033 339 1350 362 CHARTULARIUM
1385 337 1576 360 umvssns.
1613 337 1744 359 rmus.
2046 312 2049 314 .
2225 324 2324 361 [1394

465 418 533 452 diri
553 417 662 461 hujus
682 415 844 449 vulneris
865 413 1143 459 amputationem
1171 412 1256 445 totis
1281 411 1390 444 animi
1414 410 1554 444 viribus
1574 410 1798 444 intendistis.
1823 411 1894 444 Sed
1915 410 2070 455 qualiter
2094 410 2322 443 intendistis!

463 484 618 517 Audiant
640 482 768 515 fideles
789 481 965 522 universi,
989 487 1024 513 et
1044 469 1384 512 christianissimum
1407 489 1492 510 vere
1520 489 1644 523 regem
1666 477 1978 522 clarissimamque
1999 478 2218 510 Francorum
2240 488 2323 521 pro-

463 550 605 596 geniem
628 549 800 593 majorum
823 547 1049 580 imitatricem
1070 551 1281 591 agnoscant.

549 616 643 649 Jam¹
676 621 772 647 certe
804 626 921 646 rerum
954 619 1067 646 status
1099 612 1319 649 immutatur,
1349 611 1422 655 jam
1459 610 1683 655 procedendi
1718 611 1808 644 ratio
1838 611 1875 643 in
1905 609 2123 643 contrarium
2156 609 2319 642 ordinem

462 682 670 716 revolvitur.
698 681 767 724 Qui
789 680 969 713 exhortari
996 686 1098 712 antea
1119 691 1137 711 a
1159 677 1264 710 nobis
1287 676 1417 710 solitus
1443 678 1552 718 erat2,
1578 689 1645 710 nos
1665 677 1845 718 hortatum
1873 677 1934 722 qui
1960 688 1999 710 se
2025 676 2162 721 pulsari
2182 675 2323 709 tociens

460 749 634 788 audierat,
662 759 757 780 nunc
778 747 873 779 ultro
894 746 937 778 ad
964 745 1120 790 idipsum
1144 755 1210 777 nos
1232 743 1364 788 pulsat,
1389 750 1424 776 et
1450 755 1524 776 non
1545 744 1652 777 modo
1674 756 1741 777 nos
1772 743 1902 789 pulsat,
1926 743 2004 785 sed,
2027 742 2124 788 quod
2151 754 2217 775 suo
2238 743 2322 787 jure

461 821 590 860 potest,
610 821 647 847 ut
667 814 742 847 vias
764 820 798 846 et
819 813 991 852 rationes,
1010 810 1143 856 quibus
1164 810 1200 843 id
1222 809 1301 842 fieri
1322 810 1450 854 possit,
1474 810 1631 843 sollicite
1652 822 1691 843 ac
1713 810 1842 843 sedulo
1864 810 2113 855 excogitemus
2134 809 2321 853 imperem,

457 893 492 915 se
511 887 545 915 et
564 892 627 914 sua
648 880 810 914 universa
832 879 867 912 in
888 879 993 923 hujus
1013 876 1226 911 execrabilis
1248 876 1402 910 scz'ssure
1430 877 1664 910 resartionem
1687 876 1925 921 impensurum
1949 875 2147 921 pollicitust,
2179 874 2320 908 etiamsi

459 948 562 992 regni
584 946 638 979 sui
661 952 720 978 aut
740 945 904 990 corporis
932 943 1155 988 impendium
1187 943 1373 988 negotium
1401 942 1611 987 hujusmodi
1633 943 1861 988 deposceret.
1892 942 1921 976 O
1944 954 2069 975 vocem
2099 943 2317 974 Francorum

458 1026 544 1059 rege
566 1020 600 1046 et
620 1012 896 1045 christianorum
921 1010 1079 1043 omnium
1102 1009 1407 1042 christianissimo
1429 1009 1592 1054 principe
1613 1009 1881 1054 dignissimam!
1905 1009 1935 1042 O
1956 1020 2023 1041 nos
2044 1020 2129 1041 vere
2151 1007 2211 1040 tali
2233 1019 2319 1052 rege

456 1080 732 1113 1'0rtunat0st....

546 1145 615 1178 Sed
638 1151 675 1177 ut
695 1144 739 1177 ad
762 1143 923 1176 mandata
944 1149 1075 1183 vestra,
1096 1154 1220 1187 regum
1243 1141 1505 1183 illustrissime,
1528 1149 1762 1184 revertamur,
1780 1142 1893 1187 jussit
1914 1148 2059 1187 paterna
2080 1147 2199 1174 vestra
2218 1140 2321 1173 beni-

456 1212 587 1257 gnitas,
613 1218 651 1243 ut
675 1211 763 1251 vias,
793 1209 933 1250 modos,
962 1215 997 1241 et
1025 1209 1173 1246 formas,
1201 1208 1334 1253 quibus
1364 1209 1406 1241 ad
1437 1208 1528 1242 hanc
1559 1209 1788 1242 concordiam
1820 1208 1995 1241 maturius
2025 1208 2224 1249 veniretur,
2255 1218 2320 1252 per

455 1279 645 1323 deputatos
666 1283 827 1317 nostros,
845 1275 1068 1320 sollempnes
1091 1274 1215 1319 utique
1235 1275 1334 1308 viros
1356 1282 1388 1308 et
1411 1275 1606 1317 discretos,
1628 1288 1707 1309 cum
1731 1275 1928 1320 majoribus
1944 1274 2079 1308 vestris
2098 1273 2319 1307 consiliariis

455 1343 706 1378 conveniendo
737 1342 1039 1387 excogitaremus.
1071 1341 1139 1374 Cui
1171 1341 1315 1386 quidem
1346 1342 1508 1386 jussioni
1540 1354 1605 1387 pro
1635 1342 1732 1375 virili
1766 1342 1934 1387 portione
1964 1341 2137 1386 gaudenti
2167 1351 2318 1385 prorsus

454 1411 572 1444 animo
606 1410 808 1455 paruimus,
837 1409 1009 1453 virosque
1040 1407 1301 1441 celeberrimos
1331 1420 1350 1441 e
1383 1415 1507 1442 nostro
1536 1415 1610 1442 toto
1636 1420 1790 1454 corpore
1818 1408 1954 1453 probos
1984 1414 2019 1441 et
2046 1407 2150 1440 valde
2176 1406 2318 1440 sincere

452 1478 496 1511 ad
522 1477 705 1510 materiam
731 1476 879 1509 affectos
901 1474 1118 1519 delegimus,
1141 1474 1203 1519 qui
1230 1474 1424 1508 consilium
1447 1482 1606 1509 vestrum
1636 1475 1763 1516 semel,
1787 1475 1931 1515 iterum,
1953 1474 2059 1508 tertio
2088 1480 2124 1506 et
2152 1473 2317 1518 repetitis

453 1544 594 1577 vicibus
629 1543 804 1576 adeuntes
833 1541 944 1574 nichil
974 1541 1017 1574 ab
1049 1553 1092 1574 eo
1126 1541 1264 1582 audire,
1292 1554 1495 1587 quanquam
1523 1541 1759 1576 vehementer
1788 1541 1981 1575 admodum
2010 1540 2244 1581 institissent,
2273 1539 2317 1573 de

455 1611 600 1643 materia
630 1610 697 1643 ista
727 1615 935 1654 potuerunt,
967 1608 1054 1652 quin
1085 1608 1205 1652 potius
1235 1608 1271 1640 in
1302 1609 1400 1641 omni
1431 1620 1634 1654 congressu
1665 1608 1773 1642 iidem
1806 1607 2006 1642 consiliarii
2040 1612 2318 1652 perseveranter

453 1677 599 1710 omnino
617 1675 898 1721 respondebant,
918 1687 956 1707 se
974 1674 1182 1708 nullatenus
1204 1674 1393 1708 nobiscum
1412 1675 1631 1709 collaturos⁸
1648 1687 1714 1709 nec
1735 1675 1779 1708 ad
1800 1675 1896 1708 aliud
1919 1686 2001 1708 sese
2023 1673 2225 1719 delegatos,
2243 1672 2316 1706 nisi

452 1744 495 1776 ad
524 1755 604 1785 nos,
626 1743 656 1776 si
682 1742 768 1787 quid
796 1743 918 1775 forsan
945 1741 1065 1774 dicere
1094 1748 1154 1774 aut
1183 1742 1323 1786 aperire
1354 1742 1390 1774 in
1419 1743 1565 1775 materia
1588 1742 1780 1783 vellemus,
1808 1741 2023 1774 audiendos.
2051 1739 2192 1783 Quibus
2219 1739 2256 1772 in
2277 1751 2317 1772 ea

453 1810 599 1843 omnino
621 1809 820 1842 obfirmatis
850 1808 1042 1849 sententia,
1069 1809 1150 1853 quia
1179 1809 1278 1853 regia
1303 1816 1421 1842 vestra
1450 1810 1618 1854 majestas
1645 1809 1728 1842 hinc
1756 1808 1890 1850 aberat,
1918 1820 1962 1841 ne
1988 1807 2184 1853 quidquam
2210 1805 2317 1840 nobis

453 1877 546 1909 obici
568 1876 611 1908 ab
633 1874 937 1908 obtrectatoribus
960 1881 1084 1919 posset
1104 1887 1168 1919 per
1188 1887 1255 1907 nos
1281 1875 1399 1920 aliqua
1421 1888 1464 1908 ex
1489 1883 1588 1921 parte
1610 1876 1770 1917 stetisse,
1792 1875 1987 1920 quominus
2007 1880 2128 1907 vestra
2148 1872 2316 1907 voluntas

452 1956 490 1976 ac
507 1943 627 1988 jussio
649 1941 899 1987 implerentur,
921 1941 997 1974 vias
1019 1941 1206 1986 quasdam,
1229 1948 1302 1975 tres
1324 1954 1489 1981 numero,
1512 1943 1555 1976 ad
1576 1954 1698 1988 pacem
1722 1943 1759 1975 in
1781 1941 1935 1975 ecclesia
1957 1940 2189 1974 obtinendam
2211 1950 2317 1972 exco-

452 2010 657 2054 gitavimus,
681 2020 769 2053 quas
797 2008 966 2041 diuturna
995 2020 1105 2053 super
1125 2008 1196 2041 hiis
1225 2008 1490 2042 consultatione
1521 2009 1696 2054 gravique
1724 2015 1759 2042 et
1783 2009 1925 2054 digesta
1951 2007 2215 2041 deliberatione
2235 2017 2317 2051 pre-

451 2077 587 2117 missis,
614 2082 780 2120 tanquam
806 2076 937 2119 justaS,
965 2082 1223 2120 congruentes,
1255 2082 1289 2108 et
1318 2076 1468 2109 maxime
1496 2088 1560 2121 pro
1588 2083 1672 2109 tunc
1700 2075 1808 2109 nobis
1837 2081 2054 2120 apparentes
2082 2073 2243 2119 ydoneas
2273 2072 2317 2105 ad

453 2143 663 2188 pestiferum
704 2142 834 2175 scisma
873 2141 1041 2174 celeriter
1075 2142 1310 2184 eradendum,
1346 2155 1544 2188 pacemque
1584 2143 1621 2176 in
1661 2142 1814 2176 ecclesia
1850 2141 2112 2175 reformandam
2157 2139 2317 2173 unanimi

454 2210 611 2243 omnium
639 2220 835 2249 consensu,
863 2220 907 2240 ne
936 2220 1007 2240 uno
1034 2209 1179 2253 quidem
1208 2209 1244 2242 in
1273 2216 1370 2243 tanto
1398 2210 1671 2255 suppositorum
1700 2215 1881 2243 conventu
1911 2208 2104 2248 renitente,
2132 2218 2205 2239 non
2237 2206 2316 2239 sine

454 2276 608 2320 Spiritus
635 2275 754 2308 Sancti
784 2282 823 2307 ut
851 2275 1034 2308 credimus
1064 2275 1283 2318 interventu,
1306 2277 1587 2322 acceptavimus,
1609 2276 1843 2322 probavimus
1864 2282 1971 2320 atque
1992 2281 2086 2307 ratas
2110 2272 2315 2311 habuimus,

455 2354 526 2375 non
548 2354 611 2386 per
630 2341 698 2374 hoc
718 2341 794 2374 vias
815 2341 914 2382 alias,
938 2342 969 2374 si
993 2353 1062 2386 que
1084 2342 1156 2375 sint
1179 2343 1446 2376 commodiores
1473 2350 1532 2376 aut
1551 2344 1646 2376 sactu
1672 2343 1867 2383 faciliores,
1890 2340 2132 2381 excludendo,
2154 2339 2220 2372 sed
2240 2345 2317 2371 tan-

457 2408 638 2441 tummodo
660 2408 748 2440 istas
769 2407 805 2439 in
826 2407 970 2440 modum
992 2408 1228 2442 advisamenti
1249 2410 1494 2454 presentando
1517 2410 1560 2443 ad
1582 2409 1738 2442 dandum
1761 2408 1987 2442 occasionem
2011 2406 2176 2439 laborare
2192 2404 2316 2439 volen-

456 2474 563 2507 tibus.
583 2474 708 2507 Omnis
726 2474 819 2505 enim
837 2474 891 2506 via
914 2486 976 2518 per
994 2486 1096 2519 quam
1115 2475 1208 2508 bona
1225 2482 1330 2521 atque
1347 2477 1529 2510 unanimis
1546 2476 1700 2509 ecclesie
1717 2475 1912 2509 concordia
1928 2480 2055 2519 posset
2069 2471 2317 2506 verisimiliter

456 2540 626 2581 obtineri,
648 2539 754 2572 nobis
775 2546 831 2572 est
851 2552 893 2572 eo
919 2540 998 2584 ipso
1024 2549 1179 2586 accepta.
1202 2544 1294 2576 Istas
1315 2543 1435 2588 itaque
1463 2550 1537 2576 tres
1558 2543 1646 2584 vias,
1677 2543 1847 2587 princeps
1868 2539 2184 2580 christianissime,
2210 2538 2316 2571 celsi-

457 2606 572 2640 tudini
593 2612 711 2638 vestre
732 2605 796 2637 hac
818 2607 978 2649 presenti
1000 2607 1150 2651 epistola
1173 2610 1436 2653 (pretermissis
1457 2616 1605 2655 propter
1625 2609 1837 2642 brevitatem
1855 2619 1974 2640 rerum
1992 2613 2096 2651 atque
2112 2612 2314 2650 temporum

458 2673 661 2707 varietatem
695 2672 829 2716 previis
858 2672 1162 2716 dispositionibus
1191 2676 1402 2719 earundem)
1429 2682 1694 2721 presentamus,
1717 2674 2008 2719 quandocunque
2035 2679 2070 2706 et
2096 2671 2315 2716 ubicumque

458 2745 676 2784 oportunum
697 2737 880 2770 videbitur
901 2738 1158 2774 nichilominus
1180 2742 1416 2787 explicandis.

543 2804 691 2838 Prima‘
716 2804 828 2848 igitur
852 2804 908 2837 via
935 2812 989 2838 est
1014 2807 1179 2841 cessionis
1203 2815 1235 2841 et
1264 2810 1552 2843 renunciationis
1580 2808 1740 2854 plenarie
1765 2807 1956 2852 utriusque
1978 2805 2144 2851 partium,
2176 2803 2316 2837 scilicet

456 2873 549 2905 dom.
574 2870 687 2903 nostri
716 2881 805 2914 pape
834 2877 868 2902 et
894 2870 1042 2904 alterius
1070 2873 1112 2905 de
1143 2885 1283 2907 summo
1309 2875 1520 2920 pontificatu
1549 2874 1804 2909 contendentis
1825 2874 1868 2906 ad
1892 2872 1999 2907 totale
2021 2873 2083 2916 jus
2104 2870 2195 2903 illud
2216 2869 2314 2915 quod

574 2929 612 2951 78.
