2488 3386
446 326 511 358 490
1024 331 1340 353 anaTULAniuu
1376 331 1566 354 uuivmts.
1603 331 1732 353 PAnis.
2212 319 2308 357 [1387

449 409 619 447 Herout¹,
642 408 737 440 Petri
758 407 801 439 de
822 406 985 447 Ailliaco,
1010 405 1175 438 Henrici²
1197 405 1285 438 Ord.
1307 406 1455 438 fratrum
1485 405 1589 439 beate
1620 405 1816 439 Katherine
1844 405 1888 438 ‹le
1914 405 2016 439 Valle
2038 405 2251 448 Scolarium,
2276 414 2310 440 et

447 474 663 509 Christiani³
682 473 768 507 Ord.
792 474 937 505 fratrum
962 472 1236 511 Heremitarum,
1260 471 1510 516 deputatorum
1534 484 1576 505 ex
1606 479 1706 517 parte
1727 472 1905 505 facultatis
1934 471 2130 517 theologie,
2155 481 2193 506 ut
2212 473 2310 506 dice-

446 541 544 581 bant,
562 541 605 573 ad
626 541 717 573 infra
739 540 870 584 scripta
890 538 1080 578 audienda,
1105 550 1246 570 necnon
1268 539 1415 571 fratrum
1436 538 1613 571 Johannis
1629 538 1779 580 Thome,
1797 538 1972 572 Johannis
1989 539 2116 580 Adam,
2133 539 2308 573 Johannis

446 608 605 648 Mericit,
627 606 801 639 Bernardi
824 605 1066 650 Bosquerelli,
1093 604 1244 638 Oliverii
1265 605 1309 637 de
1329 606 1475 646 VVent⁵,
1499 605 1756 650 magistrorum
1784 605 1820 638 in
1842 605 2027 650 theologia
2048 605 2135 639 Ord.
2158 606 2305 639 fratrum

443 674 725 713 Predicatorum,
744 685 782 705 ac
805 673 875 705 mei
897 672 1024 704 notarii
1048 671 1194 722 publici,
1214 672 1432 716 testiumque
1452 672 1764 717 infrascriptorum
1786 672 1830 705 ad
1851 671 1917 705 hec
1937 679 2146 705 vocatorum
2169 673 2307 718 specia-

442 740 524 773 liter
545 747 577 773 et
608 746 829 784 rogatorum,
859 738 1039 783 presentia
1072 737 1312 782 personaliter
1332 738 1552 771 constitutus
1580 738 1800 771 venerabilis
1831 745 1866 771 et
1894 738 2091 784 religiosus
2116 739 2172 772 vir
2198 739 2307 772 frater

442 807 624 840 Johannes
646 806 690 839 de
718 807 961 838 Montesonno
982 804 1130 838 Ordinis
1158 804 1312 849 predicti
1338 804 1486 837 fratrum
1515 805 1655 838 Predic.
1679 805 1852 850 magister
1871 811 1951 838 actu
1981 817 2114 850 regens
2145 806 2305 839 Parisius

441 873 478 906 in
503 873 669 906 facultate
691 871 886 916 theologie,
910 871 997 903 dixit
1023 877 1057 903 et
1078 870 1245 915 exposuit
1275 870 1450 915 predictis
1472 871 1665 916 deputatis,
1690 883 1729 904 ac
1751 871 1854 904 etiam
1878 872 2080 916 requisivit,
2105 872 2201 917 quod
2223 884 2304 905 cum

439 940 510 984 ipsi
532 946 654 972 essent
675 939 833 983 deputati
855 950 896 970 ex
918 944 1016 982 parte
1039 937 1133 970 dicte
1154 937 1333 970 facultatis
1355 937 1552 982 theologie,
1580 944 1618 971 ut
1644 937 1845 976 asserebat,
1870 938 1914 970 ad
1942 938 2200 983 disputandum
2222 950 2303 972 cum

440 1006 535 1039 dicto
557 1005 728 1050 magistro
751 1005 795 1037 de
825 1006 1080 1044 Montesonno,
1109 1004 1153 1036 de
1175 1010 1209 1036 et
1230 1015 1341 1048 super
1361 1003 1579 1048 quibusdam
1600 1003 1901 1037 conclusionibus
1927 1010 1962 1037 et
1988 1005 2304 1050 propositionibus

439 1072 543 1105 dictis
566 1079 600 1105 et
620 1071 817 1117 propositis
838 1071 874 1103 in
895 1083 958 1103 sua
980 1071 1192 1115 resunzptffi,
1215 1082 1298 1115 que,
1322 1077 1359 1103 ut
1380 1070 1581 1112 dicebatur,
1603 1070 1694 1103 male
1715 1070 1911 1112 sonabant3
1935 1071 2033 1116 quod
2055 1071 2171 1105 dictos
2192 1072 2303 1117 magi-

437 1145 532 1172 stros
554 1139 722 1183 superius
745 1138 948 1170 nominatos
970 1137 1014 1170 de
1036 1137 1174 1170 Ordine
1194 1137 1465 1170 Predicatorum
1491 1137 1577 1170 dicti
1603 1137 1741 1170 domini
1763 1137 1924 1182 deputati
1945 1138 2197 1183 permitterent
2221 1150 2307 1172 esse·

436 1212 626 1250 presentes
661 1205 696 1237 in
730 1204 823 1237 dicta
854 1204 1113 1249 disputatione,
1146 1210 1183 1236 ut
1218 1203 1403 1236 testificari
1437 1210 1589 1249 possent
1620 1204 1665 1236 de
1695 1203 1898 1237 rationibus
1931 1211 1966 1237 et
1996 1204 2305 1250 responsionibus>

434 1272 627 1311 faciendis3
651 1271 711 1316 qui
739 1271 902 1315 magistri
931 1270 1190 1315 promittebant
1219 1282 1258 1303 se
1286 1271 1475 1315 juraturos
1498 1270 1587 1303 nihil
1608 1271 1730 1304 dicere
1760 1271 1796 1303 in
1827 1271 1921 1304 (11013
1949 1271 2206 1316 disputatione,
2230 1272 2302 1306 nisi

435 1338 662 1371 solummodo
684 1338 825 1378 audire,
850 1338 879 1370 si
901 1350 986 1370 vero
1010 1337 1149 1370 nollent
1169 1337 1286 1370 dictos
1308 1337 1503 1382 magistros
1526 1337 1735 1382 permittere
1756 1337 1950 1379 interesse,
1973 1337 2098 1371 saltem
2118 1338 2303 1383 permitte-

435 1411 513 1437 rent
533 1404 674 1449 aliquos
696 1405 884 1438 studentes
911 1404 955 1437 (10
981 1416 1047 1437 5110
1070 1404 1208 1437 Ordine
1236 1391 1429 1445 interesse,
1454 1404 1515 1449 qui
1545 1404 1582 1436 in
1612 1404 1705 1437 dicta
1736 1404 1982 1449 disputatione
2013 1411 2165 1450 possent
2192 1405 2299 1439 modo

434 1471 614 1504 consimili
635 1483 716 1504 esse
740 1478 868 1512 testes3
892 1471 922 1504 si
942 1483 1027 1504 vero
1046 1483 1111 1504 nec
1133 1470 1201 1504 hoc
1222 1483 1288 1504 1100
1309 1471 1400 1504 11111(1
1422 1471 1475 1504 015
1496 1471 1667 1516 placeret,
1685 1471 1822 1504 vellent
1841 1471 2000 1504 rationes
2021 1483 2106 1504 suas
2123 1472 2299 1515 scribere,

433 1545 467 1571 et
494 1538 610 1571 dictus
641 1538 812 1583 magister
838 1538 1022 1571 Johannes
1051 1538 1094 1570 de
1127 1539 1373 1571 Montesonno
1401 1550 1486 1571 suas
1517 1538 1721 1571 solutiones
1747 1537 1892 1571 volebat
1922 1538 2170 1581 subscribere,
2191 1546 2231 1572 ut
2255 1539 2303 1572 de-

434 1604 632 1637 rationibus
654 1611 689 1637 et
709 1604 955 1637 solutionibus
977 1605 1103 1649 prefati
1125 1605 1289 1649 magistri
1310 1605 1404 1637 dicte
1426 1604 1604 1638 facultatis
1626 1611 1779 1650 possent
1799 1605 1929 1638 melius
1945 1605 2123 1650 judicare.

520 1672 681 1704 Prefatus
711 1683 797 1704 vero
828 1671 1000 1716 magister
1028 1671 1213 1704 Johannes
1244 1671 1288 1704 de
1319 1673 1549 1713 Montesono,
1582 1678 1710 1704 tenens
1741 1671 1778 1704 in
1814 1671 1891 1704 suis
1927 1671 2094 1705 manibus
2124 1671 2297 1717 quasdam

433 1738 570 1771 litteras
593 1739 698 1783 signo
728 1738 863 1783 publici
889 1739 1018 1771 notarii
1040 1751 1112 1771 non
1133 1739 1307 1784 signatas,
1330 1738 1453 1783 sigillo
1487 1738 1625 1771 domini
1655 1738 1840 1783 Stephani,
1864 1738 1949 1771 olim
1976 1738 2195 1772 Parisiensis
2222 1739 2299 1784 epi-

434 1805 569 1850 scopi⁷,
591 1817 733 1838 necnon
765 1805 925 1839 Vidimus
951 1806 1114 1850 ejusdem
1143 1805 1262 1839 littere
1290 1805 1413 1850 sigillo
1445 1805 1582 1838 domini
1609 1805 1834 1847 Guillelmi⁸,
1858 1805 1943 1838 olim
1975 1805 2194 1839 Parisiensis
2223 1806 2300 1851 epi-

433 1872 546 1916 scopi,
570 1884 692 1904 eorum
716 1872 849 1917 sigillis
871 1872 1059 1917 sigillatas,
1084 1879 1122 1905 ut
1147 1873 1259 1917 prima
1280 1872 1370 1905 facie
1396 1871 1609 1917 apparebat;
1632 1872 1887 1917 predictasque
1913 1872 2037 1905 literas
2063 1873 2298 1917 presentavit,

434 1938 539 1971 dictis
570 1939 726 1971 dominis
754 1939 934 1984 deputatis
964 1939 1142 1972 intimavit
1168 1946 1203 1972 et
1230 1939 1273 1972 ad
1304 1951 1429 1972 eorum
1460 1939 1622 1972 notitiam
1652 1939 1812 1972 deduxit.
1847 1939 1916 1982 Qui
1947 1939 2094 1984 quidem
2126 1939 2300 1984 magister

434 2005 649 2038 Galleranus
672 2006 956 2050 prenominatus,
980 2006 1126 2039 nomine
1156 2006 1341 2051 sepedicte
1369 2005 1548 2038 facultatis
1576 2005 1679 2051 petiit
1705 2005 1879 2038 lecturam
1901 2012 1936 2038 et
1962 2005 2101 2051 copiam
2123 2005 2298 2039 dictarum

433 2071 630 2113 literarum,
653 2084 756 2117 quam
783 2072 853 2105 sibi
879 2072 995 2105 obtuli
1020 2073 1133 2105 fieri⁹.
1155 2072 1281 2106 Voluit
1301 2072 1405 2105 etiam
1428 2079 1463 2105 et
1487 2072 1590 2117 petiit
1615 2072 1733 2105 dictus
1755 2072 1928 2118 magister
1949 2072 2179 2114 Galleranus,
2201 2071 2299 2118 quod

435 2137 571 2171 fieret¹⁰
593 2139 736 2172 collatio
758 2139 895 2172 codicis
917 2140 973 2172 sui
994 2139 1184 2184 originalis
1206 2151 1285 2172 cum
1308 2139 1411 2184 copia
1432 2138 1531 2172 illius
1552 2139 1690 2172 codicis
1718 2150 1783 2172 sue
1815 2145 2012 2184 resumpte,
2035 2145 2070 2172 et
2097 2144 2301 2172 remaneret

432 2205 590 2238 facultati
611 2206 713 2250 copia
734 2206 896 2250 ejusdem
919 2206 1069 2247 codicis,
1097 2207 1180 2251 quia
1210 2206 1288 2251 ipse
1316 2206 1425 2239 frater
1449 2205 1633 2239 Johannes
1660 2206 1801 2238 tradere
1823 2205 1969 2238 nolebat
1989 2205 2178 2250 originale.
2203 2205 2300 2238 Dixit

435 2271 585 2316 insuper
606 2272 722 2305 (lictus
744 2273 917 2317 magister
940 2273 1169 2314 Galleranus,
1193 2273 1290 2317 quod
1314 2285 1386 2305 non
1412 2279 1609 2317 arguerent
1628 2272 1715 2305 dicti
1736 2272 1873 2305 domini
1897 2271 2057 2316 deputati
2079 2278 2203 2304 contra
2223 2271 2299 2304 dic-

437 2344 509 2370 tum
530 2339 673 2371 fratrem
694 2339 893 2372 Johannem
924 2340 960 2372 in
988 2340 1170 2384 presentia
1192 2340 1448 2385 magistrorum
1480 2339 1537 2372 5111
1567 2339 1730 2380 Ordinis,
1760 2339 1831 2372 nisi
1859 2338 1960 2383 prius
1990 2338 2156 2371 consulta
2187 2349 2299 2383 super

436 2403 503 2436 hoc
526 2405 703 2438 facultate.
727 2406 959 2438 Postmodum
982 2418 1067 2439 vero
1089 2407 1208 2439 dictus
1229 2407 1399 2439 dominus
1421 2405 1658 2439 cancellarius
1687 2405 1776 2438 dixit
1796 2405 1894 2450 quod
1915 2404 1985 2437 sibi
2006 2404 2182 2449 placebat,
2201 2404 2299 2449 quod

437 2470 513 2503 suis
535 2471 840 2515 disputationibus
863 2479 958 2505 totus
980 2473 1137 2506 mundus
1159 2485 1312 2518 presens
1333 2473 1491 2514 adesset,
1518 2479 1553 2505 et
1579 2472 1677 2517 quod
1702 2483 1847 2516 semper
1867 2471 2012 2504 volebat
2030 2471 2148 2503 facere
2170 2482 2300 2504 secun-

438 2536 521 2569 dum
544 2537 806 2571 ordinationem
829 2539 922 2572 dicte
943 2539 1135 2573 facultatis.
1165 2540 1328 2572 Prefatus
1349 2551 1435 2572 vero
1465 2539 1638 2584 magister
1667 2539 1795 2571 Petrus
1826 2538 1870 2570 de
1897 2537 2048 2570 Ailliaco
2076 2543 2299 2583 protestatus

437 2603 515 2644 suit,
543 2604 640 2648 quod
660 2604 703 2637 de
731 2605 825 2638 dicto
853 2606 944 2638 facto
972 2618 1011 2639 se
1040 2618 1112 2639 non
1137 2605 1411 2647 intromittebat,
1440 2612 1500 2638 aut
1519 2605 1761 2638 intromittere
1782 2616 1848 2637 nec
1874 2616 2027 2650 arguere
2053 2603 2211 2646 volebat,
2232 2615 2299 2637 nec

440 2681 605 2714 umquam
627 2671 742 2704 fuerat
762 2672 952 2716 deputatus
975 2673 1018 2705 ad
1040 2673 1297 2718 disputandum
1321 2679 1445 2705 contra
1466 2672 1691 2717 sepedictum
1713 2672 1756 2703 fr.
1778 2671 1979 2704 Johannem
2001 2671 2044 2704 de
2066 2672 2297 2704 Montesono.

439 2736 554 2769 Simili
575 2737 681 2769 modo
705 2738 972 2782 responderunt
992 2740 1155 2784 magistri
1176 2739 1354 2772 Henricus
1377 2740 1525 2780 Herout,
1545 2738 1723 2770 Henricus
1740 2744 1775 2770 et
1791 2737 2021 2771 Christianus
2043 2737 2297 2783 prenominati,

438 2804 489 2835 De
511 2810 545 2836 et
565 2814 674 2848 super
695 2803 827 2848 quibus
849 2804 1030 2845 omnibus,
1052 2811 1115 2839 etc.

526 2870 612 2902 Acta
632 2870 777 2902 suerunt
798 2870 862 2903 hcc
884 2871 919 2902 in
941 2871 1076 2916 capella
1098 2872 1244 2917 collegii
1266 2872 1310 2904 de
1332 2871 1495 2904 Sorbona
1516 2870 1689 2912 Parisius,
1709 2870 1777 2903 sub
1798 2883 1904 2912 anno,
1922 2870 2136 2912 indictione,
2158 2880 2298 2912 mense,

560 2928 599 2950 62.
