2488 3386
457 308 499 339 32
1035 319 1353 341 cuAn'rULARmM
1388 320 1578 342 nruvsns.
1615 319 1742 341 rAnis.
2222 308 2320 348 [1354

459 391 608 423 tacionis
638 391 800 435 ejusdem
837 392 1000 436 magistri
1031 392 1235 437 Reginaldi,
1258 393 1324 426 sita
1355 393 1391 425 in
1421 394 1563 426 civitate
1593 392 1766 433 Parisius,
1795 403 1902 432 anno,
1934 391 2145 432 indictione,
2181 403 2318 433 mense,

457 457 528 497 die,
555 456 642 489 hora
669 464 704 490 et
731 457 939 502 pontificatu
970 459 1157 503 predictis,
1193 459 1426 504 presentibus
1453 459 1610 492 Roberto
1640 458 1881 503 Capellarum,
1910 457 2050 490 Robino
2082 458 2177 491 dicto
2208 458 2318 499 Falet,

458 524 648 556 Francisco
670 524 778 564 Petri,
802 524 1006 557 Alexandro
1026 525 1168 566 Divitis,
1191 526 1385 570 armigero,
1407 532 1442 558 et
1462 526 1591 559 Colino
1613 525 1729 565 Parvi,
1747 524 1902 557 testibus
1923 524 1965 557 ad
1987 524 2164 569 premissa
2184 525 2320 558 vocatis

456 589 662 634 specialiter
683 596 717 622 et
738 590 886 635 rogatis.

546 657 589 688 Et
609 667 677 700 ego
700 655 879 688 Hebertus
901 657 1056 698 Morelli,
1074 657 1229 691 clericus
1251 658 1461 690 Baiocensis
1482 658 1705 703 dyocesis...

546 723 588 754 Et
608 734 676 767 ego
695 723 827 767 Symon
844 722 962 755 dictus
984 724 1168 766 Quinimo,
1186 724 1341 757 clericus
1362 724 1547 757 Tullensis
1569 724 1792 769 dyocesis...

549 819 684 850 Originale
701 819 726 842 in
747 820 823 843 Arch.
848 820 968 844 Univers.
988 821 1082 846 Paris..
1099 822 1174 845 theca
1190 823 1219 851 V,
1236 822 1264 845 Β,
1282 823 1303 845 2.
1317 822 1398 846 bbhb.
1416 835 1447 840 —-·
1468 822 1606 850 Jourdain,
1622 826 1651 844 n⁰
1665 822 1719 844 654.
1743 835 1773 839 —
1792 822 1902 844 Exstant
1923 821 1949 844 in
1969 822 2047 845 Arch.
2064 822 2184 846 Univers.
2201 822 2253 846 triu
2268 822 2320 846 alia

453 864 608 887 documenta
624 864 693 886 istud
714 864 847 895 negotium
869 865 1011 896 tangentia,
1030 874 1110 888 unum
1127 867 1137 889 1
1160 866 1292 897 Septemb.
1309 866 1347 893 (B.
1364 867 1386 891 2.
1406 866 1478 895 bbb),
1499 866 1611 889 alterum
1627 867 1640 888 3
1661 866 1794 897 Septemb.
1811 866 1850 895 (B.
1864 866 1886 889 2,
1907 866 2018 895 bhhbb),
2033 866 2140 890 tertium
2158 869 2171 890 5
2186 867 2320 898 Septemb.

454 908 493 937 (B.
513 908 535 931 2.
554 908 682 937 bbbbbb),
699 916 772 939 quae,
790 917 847 931 cum
866 909 931 932 nihil
944 910 1005 932 novi
1021 910 1141 940 afferant,
1155 910 1197 934 hic
1209 911 1345 934 commode
1360 911 1526 934 omittuntur.
1543 911 1578 933 De
1594 911 1644 933 fine
1660 910 1714 933 litis
1726 911 1758 933 cf.
1776 910 1980 933 instrumentum
1996 918 2118 941 sequens.

459 1088 598 1125 1223.
621 1098 772 1132 Iohannes,
798 1107 849 1124 rea:
868 1100 1049 1134 Francorum,
1073 1099 1101 1125 in
1121 1099 1305 1126 Par-lamento
1325 1100 1420 1125 Paris.
1443 1099 1565 1125 absolvit
1584 1100 1781 1136 praepositum
1807 1100 1913 1134 Paris.‚
1932 1099 2123 1134 Reginaldum
2144 1100 2180 1126 de
2201 1101 2317 1135 Aciaco,

541 1146 709 1172 advocatum
731 1157 821 1181 suum,
848 1151 875 1173 et
894 1148 1079 1183 Armandum,
1103 1157 1176 1183 mag.
1200 1149 1228 1174 in
1250 1148 1345 1183 theol.,
1368 1149 1403 1174 de
1423 1148 1547 1184 querelis
1568 1152 1666 1174 contra
1688 1149 1781 1184 ipsos-5
1799 1157 1918 1184 paxque
1939 1149 2102 1174 restituitur
2121 1149 2196 1175 inter
2218 1149 2320 1176 ambas

539 1199 645 1230 partes.

1615 1238 1689 1267 7354,
1707 1237 1866 1270 Septembris
1879 1238 1904 1268 6,
1920 1238 2033 1264 Parisiis.

541 1319 629 1351 Cum
654 1319 871 1352 universitas
893 1320 1147 1365 magistrorum
1166 1327 1201 1353 et
1222 1321 1415 1353 scolarium
1437 1321 1695 1354 Parisiensium
1715 1321 1821 1354 nohis
1842 1329 2041 1366 conquesta
2062 1322 2204 1363 suisset,
2222 1323 2319 1368 quod

451 1396 531 1416 cum
563 1385 770 1430 prepositus
801 1392 926 1418 noster
958 1387 1194 1419 Parisiensis¹
1227 1399 1291 1432 per
1321 1387 1518 1420 nonnullos
1550 1388 1825 1429 examinatores,
1858 1389 2019 1421 notarios
2049 1395 2085 1422 et
2117 1389 2319 1423 servientes

451 1457 597 1483 nostros
618 1451 803 1485 Castelleti
826 1452 941 1485 nostri
968 1453 1184 1486 Parisiensis
1212 1454 1289 1498 capi
1321 1454 1469 1486 fecisset
1497 1454 1729 1499 quamplures
1760 1454 1920 1487 scolares
1948 1455 2043 1488 dicte
2065 1455 2319 1489 Universitatis

450 1524 716 1550 commorantes
737 1518 773 1550 in
795 1518 902 1550 domo
924 1518 1114 1564 collegiata
1136 1520 1255 1552 Sancti
1282 1520 1431 1565 Nicolay
1452 1521 1495 1552 de
1518 1522 1655 1565 Lupara
1678 1533 1791 1566 prope
1813 1522 1985 1562 Parisius,
2009 1528 2043 1554 et
2064 1522 2101 1554 in
2121 1522 2257 1567 capella
2278 1534 2317 1556 ac

449 1583 628 1615 cimiterio
658 1583 749 1616 locis
779 1584 1004 1618 inmunitatis
1032 1585 1126 1618 dicte
1154 1586 1298 1627 domus,
1327 1586 1486 1631 dictique
1517 1587 1792 1628 examinatores,
1817 1588 1960 1630 notarii,
1986 1595 2021 1621 et
2048 1589 2251 1622 servientes
2272 1589 2317 1622 de

449 1649 663 1682 inmunitate
684 1650 924 1683 extraxissent
945 1652 1092 1684 eosdem
1115 1652 1288 1694 scolares,
1305 1653 1512 1698 rapuissent
1533 1660 1564 1686 et
1588 1666 1709 1686 secum
1733 1661 1987 1699 apportassent
2007 1654 2110 1700 plura
2130 1654 2225 1688 bona
2245 1667 2320 1688 mo-

449 1715 535 1748 bilia
556 1716 730 1760 ipsorum,
749 1716 865 1749 hostia
883 1717 977 1750 dicte
995 1718 1124 1751 domus
1145 1719 1356 1764 fregissent,
1375 1720 1607 1765 quamplures
1629 1720 1780 1765 injurias
1798 1727 1833 1753 et
1854 1721 2007 1766 dampna
2024 1721 2091 1754 alia
2111 1722 2316 1764 inferendo,

448 1794 512 1814 eos
539 1782 649 1815 eciam
679 1783 716 1815 in
738 1783 971 1816 Castelletum
1004 1792 1166 1817 nostrum
1198 1786 1402 1818 l'arisiense
1430 1786 1729 1828 incarcerasscnt,
1758 1794 1791 1820 et
1819 1787 1902 1820 licet
1934 1780 1998 1833 per
2024 1795 2201 1821 rectorem
2223 1788 2318 1822 dicte

450 1848 705 1882 Universitatis
732 1849 887 1882 fuissent
919 1851 1096 1895 requisiti,
1124 1863 1188 1896 per
1209 1852 1342 1884 (lictum
1375 1853 1598 1897 prepositum
1630 1853 1822 1894 liberandi,
1850 1854 1999 1887 eosdem
2030 1855 2185 1888 reddere
2214 1867 2318 1888 recu-

449 1921 578 1955 sasset,
604 1922 639 1947 et
668 1915 703 1947 in
730 1916 823 1948 dicta
849 1917 1011 1961 prisione
1039 1917 1175 1950 firmata
1205 1930 1269 1963 per
1290 1919 1451 1963 quinque
1472 1919 1551 1952 dies
1582 1920 1794 1953 retinuisset
1823 1933 1863 1954 ac
1892 1921 2004 1954 eciam
2033 1928 2222 1966 antequam
2253 1933 2317 1955 eos

449 1980 604 2013 liberare
621 1981 798 2015 voluisset
814 1983 1023 2015 caucionem
1047 1984 1091 2016 de
1112 1985 1241 2017 stando
1257 1985 1332 2029 juri
1355 1992 1389 2018 et
1410 1986 1598 2019 emendam
1622 1987 1799 2019 solvendo
1821 1987 1865 2020 ab
1887 1988 1941 2021 eis
1962 1988 2189 2030 extorsisset,
2208 1988 2319 2034 privi-
2357 1994 2361 1997 '

448 2051 543 2096 legia
565 2052 820 2085 Universitatis
851 2065 915 2097 per
935 2066 1001 2087 nos
1030 2066 1094 2086 seu
1125 2055 1409 2099 predecessores
1430 2063 1575 2090 nostros
1597 2057 1735 2090 indulta
1757 2064 1792 2091 et
1812 2070 1987 2091 concessa
2008 2059 2256 2108 infringendo,
2283 2066 2319 2093 et

449 2124 572 2150 contra
589 2119 833 2162 juramentum
861 2131 978 2161 suum,
1002 2121 1099 2165 quod
1120 2121 1165 2154 de
1186 2122 1276 2166 ipsis
1298 2122 1538 2156 observandis
1561 2124 1769 2168 prestiterat
1791 2124 1885 2157 dicte
1912 2125 2160 2167 Universitati,
2181 2132 2318 2159 temere

448 2184 646 2224 veniendo;
677 2186 914 2230 petiissetque
946 2186 1039 2220 dicta
1070 2188 1296 2221 Universitas
1327 2190 1485 2234 prefatos
1516 2191 1754 2235 prepositum,
1783 2191 2060 2233 examinatores,
2092 2192 2254 2226 notarios
2283 2199 2319 2226 et

450 2250 651 2283 servientes
673 2251 715 2283 ad
738 2252 1001 2285 emendandum
1024 2254 1156 2286 rectori
1184 2255 1279 2287 dicte
1300 2255 1569 2297 Universitatis,
1594 2257 1779 2302 magistris
1801 2264 1835 2290 et
1862 2257 2065 2291 scolaribus
2086 2265 2122 2291 et
2147 2258 2191 2291 ad
2217 2259 2318 2292 resti-

449 2316 621 2349 tuendum
643 2317 743 2362 ipsos
766 2318 925 2351 scolares
946 2320 983 2351 in
1008 2320 1099 2353 locis
1121 2320 1215 2354 dicte
1243 2321 1468 2355 inmunitatis
1496 2323 1532 2355 in
1555 2323 1688 2367 quibus
1709 2324 1801 2368 capti
1829 2324 1977 2356 suerunt
2001 2331 2034 2356 et
2061 2336 2187 2357 eorum
2209 2324 2316 2366 bona,

450 2388 488 2414 ut
520 2382 720 2426 predictum
753 2391 820 2423 est,
851 2391 963 2430 capta,
994 2392 1029 2418 et
1058 2387 1101 2418 ad
1132 2387 1391 2420 adnullandum
1422 2389 1551 2421 dictam
1582 2390 1791 2422 caucionein
1828 2402 1892 2434 per
1922 2390 2055 2422 dictum
2092 2391 2316 2436 prepositum

450 2454 621 2481 extortam
644 2456 678 2482 et
700 2451 968 2483 resarciendum
993 2452 1144 2497 dampna
1166 2460 1199 2486 et
1221 2466 1399 2498 expensas
1421 2455 1583 2499 ipsorum
1605 2456 1861 2500 magistrorum
1888 2463 1922 2489 et
1949 2456 2143 2489 scolarium
2166 2469 2230 2502 per
2250 2469 2318 2491 nos

449 2514 708 2559 condempnari
730 2523 764 2548 et
784 2517 965 2562 compelli,
986 2518 1109 2562 plures
1130 2519 1173 2552 ad
1194 2519 1261 2552 hoc
1283 2521 1448 2554 raciones
1469 2528 1502 2554 et
1523 2534 1651 2554 causas
1671 2522 1877 2567 allegando,
1895 2523 2087 2567 dictusque
2109 2524 2318 2569 prepositus

450 2580 573 2625 plures
601 2582 764 2615 raciones
793 2583 835 2615 ad
865 2584 920 2615 sui
949 2586 1223 2618 excusacionem
1254 2598 1317 2619 seu
1348 2587 1610 2620 deffensionem
1640 2595 1675 2621 et
1707 2589 1750 2621 ad
1777 2589 1883 2621 finem
1911 2588 2160 2623 absolucionis
2186 2602 2319 2636 propo-

451 2647 602 2685 suisset;
622 2647 764 2680 demum
784 2649 859 2693 ipsa
877 2650 1115 2692 Universitas,
1134 2651 1180 2684 ob
1197 2652 1312 2684 nostri
1330 2654 1573 2686 reverenciam
1592 2661 1625 2687 et
1642 2654 1817 2687 honorem
1835 2667 1874 2687 ac
1891 2655 2001 2687 eciam
2020 2662 2169 2700 propter
2185 2668 2318 2690 nomen

450 2712 584 2745 bonum
607 2714 704 2758 quod
725 2714 880 2748 habebat
901 2716 1018 2749 dictus
1040 2718 1248 2762 prepositus
1269 2719 1305 2750 in
1326 2718 1715 2765 exhibicionejusticie
1736 2721 1834 2766 pacis
1856 2728 1890 2754 et
1907 2721 2120 2766 probitatem
2139 2723 2316 2766 ejusdem,

450 2780 638 2812 emendam
667 2780 783 2825 ipsius
812 2783 987 2826 prepositi
1017 2783 1054 2815 in
1083 2791 1240 2817 nostram
1270 2785 1540 2818 ordinacionem
1572 2786 1734 2831 plenarie
1762 2787 2008 2828 submisisset,
2034 2788 2172 2834 absque
2200 2795 2318 2823 tamen

451 2857 598 2878 suorum
622 2847 895 2892 privilegiorum
926 2849 1126 2893 prejudicio
1148 2862 1379 2896 quocunque,
1410 2853 1629 2897 requirendo
1656 2854 1753 2898 quod
1781 2854 1897 2887 eidem
1928 2855 2199 2900 preciperemus
2221 2855 2318 2900 quod
