2488 3386
459 327 524 359 628
1038 331 1359 355 CHARTULARIUM
1393 330 1581 352 umvnns.
1620 330 1748 351 rarus.
2049 312 2051 315 ⁴
2228 317 2328 354 [1394

456 409 562 454 jubet
582 409 723 448 caritas,
746 408 797 440 uti
819 413 980 440 sanctum
1005 413 1039 439 et
1061 405 1300 445 meritorium,
1324 392 1434 437 dictat
1453 403 1549 436 racio
1574 402 1674 437 velut
1698 403 1897 448 expediens
1923 410 1959 436 et
1978 415 2194 448 congruum,
2212 404 2328 448 quod—

460 473 550 508 libet
579 474 772 520 perspicue
803 473 988 518 sapiencie
1021 472 1195 512 studium,
1224 470 1423 516 quamlibet
1453 470 1693 503 scienciarum
1724 469 1859 503 scolam
1891 469 1968 502 sive
1998 470 2171 503 virtutum
2204 477 2327 503 sancte

461 541 563 574 matri
585 540 785 574 orthodoxe
806 539 961 584 compati
985 538 1119 571 debere
1141 539 1325 571 viscerose
1350 536 1602 569 miseracionis
1623 536 1813 569 affectibus
1837 536 1874 568 in
1895 536 2091 577 adversis²,
2110 536 2261 569 maxime
2283 536 2327 570 de

460 607 674 640 execrabilis
696 613 731 639 et
750 618 932 650 nunquam
956 606 1043 638 satis
1070 604 1228 637 deflendi
1251 602 1375 648 <procli
1403 602 1537 646 dolorl)
1565 603 1746 636 scismatis
1772 602 1962 636 ecclesiam
1985 603 2051 635 Dei
2072 615 2168 636 nunc
2192 603 2328 636 distur-

461 674 579 707 bantis
605 673 773 706 diuturna
797 673 947 705 nimium
970 671 1247 717 perduracione,
1270 670 1506 715 providisque
1533 669 1724 702 conatibus
1750 669 1794 702 ad
1820 670 1900 714 ejus
1927 669 2209 715 extirpacionem
2235 669 2328 715 vigi—

459 741 598 773 lancius
620 739 802 780 anhelare,
822 739 915 772 sicut
931 739 975 771 do
996 738 1128 771 vestris
1150 735 1541 781 circumspectionibus
1558 735 1759 769 inchoativa
1777 736 1931 781 quedam
1953 735 2191 769 collaudanda
2211 748 2328 782 nuper

459 807 495 839 in
518 807 671 839 Domino
693 812 876 852 gratanter
896 805 1101 849 accepimus
1122 803 1267 843 indicia,
1293 814 1363 847 que
1384 802 1583 836 novissime
1605 814 1670 848 pro
1691 803 1904 836 cessacione
1925 802 2106 836 scismatis
2127 809 2161 835 et
2181 802 2328 836 univer-

459 873 546 906 salis
567 872 722 906 ecclesie
744 872 878 905 unione
900 871 1058 916 regalem
1081 871 1300 902 Francorum
1318 869 1575 902 celsitudinem
1593 868 1724 910 modis,
1745 869 1874 902 mediis
1891 876 1926 902 et
1941 869 2090 902 monitis
2107 869 2327 903 salutaribus

461 939 695 984 propulsasse
715 940 880 978 samatur,
903 944 1009 982 prout
1029 937 1096 969 hec
1119 937 1162 969 ad
1187 948 1254 969 nos
1275 937 1367 968 fame
1393 936 1597 969 communis
1619 935 1767 969 deducit
1786 936 1949 981 oppinio,
1975 948 2041 969 nec
2067 948 2140 969 non
2164 935 2325 969 fidelium

459 1013 493 1039 et
519 1006 762 1039 veridicorum
791 1004 896 1037 nobis
922 1004 1083 1037 assercio
1109 1003 1263 1048 gratuita
1290 1003 1501 1043 reseravit⁸,
1529 1002 1700 1047 quodque
1731 1002 1829 1048 pacis
1855 1009 2054 1036 ortamenta
2083 1009 2202 1036 vestra
2230 1002 2326 1036 salu-

457 1072 533 1105 bria
555 1072 734 1105 celsitudo
756 1071 855 1116 regia
877 1071 1056 1116 placidius
1078 1077 1287 1115 acceptasse
1309 1076 1343 1102 et
1364 1069 1408 1102 ad
1429 1069 1700 1114 cooperandum
1721 1081 1761 1102 se
1782 1069 1852 1114 piis
1874 1068 2066 1102 conatibus
2087 1068 2266 1103 obtulisse
2286 1081 2326 1103 ac

457 1138 701 1184 spopondisse
723 1138 890 1170 refertur.
914 1139 965 1170 De
988 1136 1121 1182 quibus
1143 1138 1218 1169 Deo
1239 1137 1441 1181 graciarum
1465 1136 1657 1169 referimus
1680 1136 1842 1169 actiones
1869 1136 1930 1181 qui
1952 1142 2096 1169 vestros
2121 1136 2270 1169 affectus
2291 1143 2327 1170 et

454 1205 670 1250 prudencias
698 1204 877 1237 illuminet
905 1210 940 1237 et
966 1204 1158 1244 confortet,
1190 1210 1229 1236 ut
1257 1203 1300 1236 ab
1331 1203 1475 1248 incepto
1506 1215 1579 1235 non
1611 1202 1808 1244 desistatis,
1845 1202 1961 1236 donec
1996 1202 2143 1236 saluber
2179 1209 2215 1236 et
2248 1204 2324 1237 Deo

454 1279 577 1316 gratus
594 1272 630 1304 in
648 1283 690 1304 eo
708 1271 805 1316 quod
826 1271 883 1316 agi
904 1270 1061 1311 videtur,
1084 1277 1305 1303 consecutus
1324 1270 1434 1302 fuerit
1455 1270 1618 1302 effectus,
1643 1271 1685 1302 Et
1707 1269 1840 1302 utinam
1864 1269 2001 1302 dudum
2023 1269 2190 1303 submota
2210 1269 2325 1302 subli-

453 1339 561 1371 mium
584 1345 801 1383 potestatum
828 1338 962 1382 pariter
987 1344 1022 1370 et
1043 1337 1244 1382 sapientum
1273 1337 1449 1370 titubante
1476 1336 1629 1378 desidia,
1653 1336 1850 1382 diligencia
1877 1348 1950 1369 non
1976 1336 2156 1369 defuisset
2179 1336 2215 1369 in
2241 1348 2324 1382 pre-

454 1405 574 1438 missis
596 1411 728 1437 exacta.
747 1405 976 1449 Quapropter
996 1403 1081 1436 licet
1101 1404 1275 1436 fateamur
1296 1416 1388 1448 opus
1410 1415 1483 1436 non
1504 1403 1581 1436 fore
1603 1403 1671 1436 soli
1692 1403 1809 1436 lucem
1834 1403 2094 1448 superaddere,
2111 1402 2170 1436 vel
2190 1403 2323 1436 docere

452 1471 664 1513 Minervam,
686 1470 933 1504 scientibusve
954 1470 1071 1515 legem
1097 1482 1161 1515 per
1181 1482 1324 1503 manum
1347 1470 1448 1515 loqui
1469 1476 1504 1503 et
1526 1469 1713 1511 calamum,
1738 1469 2011 1511 nichilominus,
2039 1469 2122 1514 quia
2147 1469 2321 1515 scriptum

451 1545 506 1571 est
528 1549 534 1570 :
559 1552 575 1569 «
594 1538 637 1570 da
659 1538 886 1570 occasionem
909 1537 1063 1582 sapienti
1085 1544 1119 1570 et
1140 1537 1293 1570 addetur
1313 1537 1371 1578 [ei]
1392 1537 1574 1582 sapiencia
1598 1551 1613 1567 »
1635 1537 1758 1578 [Prov.
1783 1547 1829 1578 ix,
1851 1538 1896 1577 9]‚
1919 1543 1955 1569 et
1974 1543 2013 1569 ut
2033 1535 2219 1569 humiliter
2239 1548 2321 1569 cum

454 1604 669 1649 paupercula
691 1605 866 1636 minutum
891 1604 1071 1636 mittamus
1094 1604 1129 1636 in
1151 1603 1463 1649 gazophilac[i]um
1489 1603 1533 1636 ad
1555 1610 1678 1636 sancte
1704 1602 1828 1636 matris
1849 1602 2004 1636 ecclesie
2025 1602 2212 1644 unionem,
2236 1615 2322 1636 con-

452 1677 589 1703 stanter
605 1671 802 1703 asserimus
823 1677 858 1703 et
883 1670 1162 1712 incontaminate
1185 1670 1364 1703 sentimus
1385 1670 1483 1715 quod
1504 1669 1602 1702 nulla
1624 1670 1795 1711 sanctior,
1822 1669 1921 1702 nulla
1947 1669 2129 1702 celebrior
2148 1669 2206 1702 vel
2230 1669 2321 1702 salu-

451 1737 551 1770 brior
577 1738 645 1777 via,
675 1749 779 1782 quam
806 1744 844 1770 ut
869 1749 986 1782 neque
1016 1750 1033 1769 a
1060 1737 1197 1770 dextris
1228 1748 1347 1781 neque
1373 1748 1391 1769 a
1417 1737 1591 1778 sinistris,
1618 1737 1684 1769 sed
1712 1737 1768 1769 via
1799 1736 1945 1769 Domini
1975 1736 2075 1781 regia
2105 1736 2321 1781 gradiendo,

452 1804 596 1848 rejectis
616 1806 697 1849 (que
719 1804 899 1836 scismatis
916 1803 959 1836 ab
981 1803 1090 1836 inicio
1112 1803 1310 1836 creduntur
1326 1803 1503 1849 viguisse)
1520 1803 1680 1836 sinistris
1701 1802 2028 1836 informacionibus
2045 1815 2084 1835 ac
2101 1801 2322 1847 parcialibus

450 1870 651 1911 affectibus,
681 1877 862 1915 satagatur
888 1870 1042 1903 sinceris
1068 1870 1264 1910 mentibus,
1293 1870 1537 1903 conscienciis
1564 1870 1680 1915 puris,
1709 1870 1780 1902 fide
1809 1876 1843 1902 et
1870 1870 2016 1902 caritate
2047 1881 2120 1902 non
2147 1868 2254 1910 fictis,
2284 1875 2323 1902 ut

454 1937 701 1970 misericordia
723 1943 758 1969 et
782 1937 914 1970 veritas
936 1936 1082 1970 obvient
1109 1936 1192 1978 sibi,
1214 1937 1362 1982 justicia
1391 1943 1425 1970 et
1450 1949 1517 1982 pax
1542 1936 1755 1970 osculentur
1784 1936 1930 1978 [Psalm.
1954 1938 2096 1977 Lxxxiv,
2119 1937 2184 1978 11],
2208 1942 2244 1969 et
2268 1935 2324 1978 sic}

453 2003 606 2036 humana
631 2004 813 2048 sapiencia
838 2004 959 2036 divine
981 2004 1164 2048 sapiencie
1192 2010 1299 2048 atque
1325 2003 1524 2048 prudencie
1551 2003 1774 2036 invincibilis
1800 2003 1961 2036 adinstar
1985 2003 2104 2036 vincat
2129 2002 2318 2044 maliciam,
2358 1991 2362 1993 ¹

456 2085 470 2100 «
494 2070 676 2114 attingens
697 2082 714 2102 a
736 2070 806 2102 fine
827 2070 870 2102 ad
892 2070 998 2103 finem
1021 2070 1162 2103 fortiter
1185 2084 1200 2100 n
1223 2071 1318 2115 [Sap.
1341 2081 1419 2108 vul,
1439 2071 1482 2112 1],
1504 2075 1567 2104 etc.
2323 2114 2326 2117 Ι

543 2136 781 2170 Venerabiles
802 2137 914 2181 igitur
935 2137 1056 2169 divine
1077 2149 1116 2170 ac
1133 2137 1288 2170 humane
1310 2137 1469 2170 sciencie
1491 2137 1737 2182 professores,
1756 2137 1807 2170 sic
1829 2148 2029 2182 quesumus
2051 2142 2176 2181 rogate
2193 2147 2262 2181 que
2279 2135 2324 2169 ad

458 2215 578 2248 pacem
608 2210 693 2236 sunt
717 2203 940 2236 Jherusalem
969 2203 1116 2244 [Psalm.
1142 2215 1233 2245 CXXI,
1257 2205 1300 2245 6],
1324 2204 1376 2236 sic
1402 2204 1438 2236 in
1460 2203 1650 2248 premissis
1673 2210 1887 2236 armaturam
1909 2202 1975 2236 Dei
1995 2202 2149 2244 induite,
2171 2202 2222 2235 sic
2245 2202 2322 2235 zeto

460 2270 556 2313 pacis
579 2282 617 2302 ac
633 2270 781 2314 justicie
808 2277 845 2302 ut
868 2270 931 2302 filii
960 2270 1053 2302 lucis
1081 2270 1273 2311 ambulate,
1297 2270 1394 2315 quod
1415 2270 1609 2303 laudabilia
1632 2270 1744 2303 vestri
1767 2270 1835 2303 zeli
1859 2269 2047 2302 memorati
2069 2268 2266 2313 primordia
2286 2269 2324 2301 in

459 2347 515 2375 eo,
537 2336 597 2380 qui
622 2342 674 2368 est
701 2335 804 2380 alpha
827 2343 861 2368 et
881 2352 914 2377 ω,
940 2348 1003 2381 per
1023 2343 1145 2369 sancta
1167 2343 1202 2369 et
1222 2337 1384 2382 legitima
1406 2337 1523 2369 media
1545 2336 1714 2369 concludi
1736 2336 1807 2369 fine
1828 2335 1927 2369 felici
1947 2341 2167 2368 mereantur.
2191 2335 2234 2368 Et
2249 2346 2324 2368 non

460 2401 637 2442 obstante,
661 2402 757 2446 quod
778 2402 996 2435 inconcusse
1018 2403 1062 2435 de
1079 2403 1225 2447 justicia
1247 2403 1384 2436 domini
1406 2404 1522 2436 nostri
1538 2403 1669 2436 summi
1686 2402 1869 2448 pontificis
1886 2402 2023 2435 domini
2040 2401 2217 2434 Bonifacii
2233 2412 2324 2446 pape

462 2468 625 2500 moderni
642 2468 848 2501 nullatenus
870 2469 1096 2514 ambigentes
1119 2470 1392 2502 estimacionum
1414 2477 1616 2503 vestrarum
1638 2482 1830 2503 noscamur
1846 2469 1996 2502 adversa
2013 2468 2163 2509 sentire,
2185 2467 2326 2513 suppli-

460 2545 582 2566 camus
607 2540 738 2575 tamcn,
766 2535 797 2567 si
822 2535 908 2579 quid
924 2536 1015 2580 justi
1040 2548 1078 2568 ac
1105 2537 1219 2569 sancti
1246 2537 1379 2569 vestris
1404 2536 1795 2582 circumspectionibus
1822 2536 1999 2568 Dominus
2025 2534 2258 2580 inspiraverit
2281 2533 2326 2568 ad

461 2601 633 2633 intentam
664 2601 950 2643 conclusionem,
981 2614 1051 2634 una
1084 2614 1162 2635 cum
1194 2603 1372 2636 inchoatis
1400 2603 1531 2636 mediis
1567 2615 1605 2636 ac
1636 2602 1908 2636 intencionibus
1933 2602 2067 2635 vestris
2097 2588 2326 2646 plenioribus

463 2666 663 2699 rescribere
690 2679 762 2699 non
790 2667 940 2709 tedeaw,
968 2669 1033 2701 sed
1058 2681 1158 2701 more
1180 2670 1382 2714 sapientum
1410 2670 1548 2715 placeat
1572 2669 1839 2703 communicare
1865 2695 1930 2701 .....
1954 2670 2083 2702 Datum
2109 2667 2263 2702 Colonie
2288 2667 2326 2700 in

461 2732 751 2778 congregacione
774 2740 895 2766 nostra
916 2735 1078 2778 generali
1096 2747 1206 2780 super
1225 2735 1293 2768 hoc
1314 2736 1410 2781 apud
1431 2736 1621 2769 ecclesiam
1639 2736 1788 2768 fratrum
1806 2736 1988 2768 Minorum
2004 2734 2211 2780 specialiter
2231 2732 2326 2767 cele-

461 2798 572 2839 brata,
598 2811 692 2832 anno
714 2799 858 2832 Domini
880 2800 1073 2833 millesimo
1101 2802 1226 2835 CCC¹¹¹⁰
1246 2803 1408 2843 XC11110,
1436 2802 1574 2836 mensis
1598 2802 1686 2836 Julii
1711 2802 1770 2835 die
1795 2802 1932 2847 quinta,
1960 2801 2028 2835 sub
2052 2800 2175 2846 sigillo
2201 2798 2326 2833 nostre

461 2865 728 2898 Universitatis.
1278 2869 1425 2902 Rect0r⁵
1440 2875 1474 2903 et
1494 2870 1529 2903 U
1529 2869 1721 2903 niver-sitas
1735 2868 1851 2902 studii
1867 2868 1897 2902 C
1899 2868 2102 2902 oloniensis.
