2488 3386
178 347 274 383 1382]
593 361 638 381 AB
673 360 777 381 ANNo
813 360 943 382 MCCCL
978 361 1107 388 USQUE
1144 362 1190 382 An
1228 362 1488 383 BENEDICTL'M
1528 363 1615 383 xiii.
1970 354 2035 385 :303

175 440 443 477 sequenterque
468 445 531 477 per
552 433 722 466 dilectum
753 433 866 465 lilium
898 433 1057 478 Helyam,
1089 434 1299 478 magistrum
1326 434 1411 466 dicti
1434 435 1520 466 Ord.
1544 435 1763 479 generalem,
1791 436 1833 468 ad
1863 436 2031 469 lecturam

176 499 293 533 Biblie
322 500 437 544 primo
458 499 539 532 loco
565 499 687 532 debito
716 500 852 532 nationi
879 500 1092 544 Burgundie
1115 500 1230 532 extitit
1251 500 1500 545 deputatus...
1528 502 1600 532 Nos
1627 501 1792 545 igitur....
1823 502 2031 535 discretioni

175 573 234 599 tue
257 578 320 611 per
340 566 537 610 apostolica
559 566 692 610 scripta
714 566 938 606 mandamus,
958 566 1183 610 quatinus...
1207 566 1324 610 ipsum
1347 567 1387 598 ad
1411 567 1604 611 legendum
1629 567 1742 599 libros
1770 569 2031 600 Sententiarum

175 633 335 665 l'arisius
362 633 397 664 in
419 632 530 664 scolis
552 632 636 665 dicti
660 639 861 665 conventus
890 632 1127 665 interioribus
1149 632 1205 664 vel
1234 632 1476 665 exterioribus
1500 633 1535 664 in
1560 633 1686 677 hyeme
1716 634 1772 666 vel
1797 641 1921 671 estate,
1950 635 2032 666 anni

174 699 343 731 videlicet
359 698 542 731 millesimi
559 698 805 731 trecentesimi
822 699 1059 743 octuagesimi
1072 699 1187 743 quinti
1201 699 1362 743 proxime
1376 699 1499 739 futuri,
1516 699 1731 743 alioquin....
1748 700 2033 744 quotiescunque

176 771 257 809 post
290 765 422 797 dictum
458 765 650 797 terminum
685 764 755 797 sibi
783 764 971 809 placuerit,
1003 771 1037 797 et
1069 776 1133 809 pro
1163 771 1261 809 parte
1297 776 1360 797 sua
1389 765 1501 797 fueris
1535 765 1745 809 requisitus,
1782 778 1922 798 necnon
1949 772 2032 810 post

171 831 455 875 complementum
477 831 571 863 dicte
594 831 730 863 lecture
751 830 798 863 ad
822 830 980 876 gradum
1003 831 1261 864 bacallarialus
1287 831 1323 862 in
1343 831 1508 863 facultate
1533 831 1693 876 predicta
1722 838 1754 864 et
1781 844 1906 864 omnes
1934 839 2033 864 actus

173 897 386 930 scolasticos
415 897 499 930 dicti
526 897 674 942 gradus,
705 897 734 929 si
764 904 880 930 tamen
906 897 949 929 ad
976 896 1043 929 hoc
1072 904 1238 941 repertus
1265 897 1371 930 fuerit
1396 897 1575 942 ydoneus,
1603 898 1812 930 auctoritate
1838 898 2033 942 apostolica

174 964 325 1008 recipias
354 970 389 996 et
413 964 579 996 admittas
607 975 670 996 seu
701 964 812 1007 recipi
837 964 946 996 facias
974 970 1007 996 et
1038 963 1228 997 admitti....
1258 965 1324 996 Dat
1354 964 1533 996 Avinione
1561 965 1592 1008 xj
1624 964 1691 996 kal.
1716 964 1913 1005 Februarii,
1941 977 2032 997 anno

172 1037 311 1075 quarto.

265 1116 327 1146 Reg.
343 1115 400 1139 Vnt.
417 1115 497 1138 Aven.
511 1115 652 1138 Clementis
666 1115 720 1144 th,
738 1115 790 1138 vol.
804 1115 890 1141 XXVI,
908 1115 951 1138 sol.
966 1115 1019 1139 285.

263 1186 285 1209 l.
302 1187 380 1209 Estne
396 1186 464 1208 idem
483 1195 512 1209 ac
528 1187 560 1211 fr,
578 1186 680 1214 Vitalis,
697 1186 741 1217 qui
757 1189 817 1216 post.
835 1194 904 1216 mag.
921 1186 1049 1208 Jucobuui
1062 1186 1093 1208 de
1109 1186 1212 1216 Moreyo
1230 1185 1262 1208 ab
1278 1194 1319 1208 an.
1339 1186 1405 1213 1386,
1422 1188 1446 1208 et
1466 1189 1565 1216 postea,
1580 1185 1624 1208 lite
1638 1186 1765 1216 pendente
1783 1189 1872 1209 contra
1887 1186 2032 1209 ,iohannem

169 1230 200 1253 de
216 1231 376 1255 Montesono.
392 1230 532 1261 inquisitor
546 1230 692 1253 haereticae
703 1230 842 1261 pravitatis
857 1230 882 1252 in
898 1238 979 1260 regno
995 1230 1121 1253 Franciae
1138 1230 1206 1252 suit?

174 1379 314 1416 1465.
338 1388 477 1414 Henricus
504 1389 688 1414 Breker-evere
713 1389 741 1414 in
765 1393 900 1414 rectorem
923 1388 1038 1414 electus.
1070 1389 1253 1413 Universilati
1278 1397 1372 1413 coram
1398 1397 1462 1422 rege
1490 1387 1577 1413 datar
1601 1388 1679 1413 locus
1700 1389 1810 1423 primus
1840 1392 1906 1413 unte
1933 1388 2031 1423 episc„

257 1436 397 1462 decanum
413 1441 439 1463 et
455 1437 613 1473 capitulum
626 1437 720 1463 Paris.

1129 1474 1199 1502 1381,
1215 1473 1361 1498 Decembris
1374 1473 1498 1502 18-1382,
1514 1473 1601 1498 Mat-{ii
1611 1472 1652 1502 24,
1669 1473 1783 1498 Parisiis.

256 1548 363 1580 Anno
385 1547 529 1580 Domini
552 1549 649 1587 1381,
672 1548 808 1581 mensis
830 1547 1042 1581 Decembris
1060 1548 1197 1580 decima
1214 1554 1335 1580 octava
1357 1547 1427 1587 die,
1451 1548 1538 1579 facta
1556 1547 1839 1592 congregatione
1856 1547 2031 1580 facultatis

168 1614 296 1647 artium
318 1614 413 1659 apud
435 1615 602 1647 Sanctum
623 1614 805 1647 Julianum
823 1616 1020 1659 Pauperem
1044 1626 1107 1659 per
1127 1614 1371 1647 venerabilem
1393 1614 1507 1646 virum
1526 1614 1737 1658 magistrum
1759 1615 1901 1646 Petrum
1925 1614 2032 1658 Regi-

167 1680 277 1722 naldi,
301 1687 384 1713 tunc
408 1687 584 1713 rectorem
609 1681 863 1714 Universitatis
885 1681 1115 1722 parisiensis,
1139 1681 1181 1713 ad
1208 1680 1416 1725 eligendum
1441 1692 1571 1713 novum
1596 1687 1784 1721 rectorem,
1808 1680 1944 1712 electus
1966 1680 2029 1712 suit

167 1747 204 1779 in
225 1753 403 1780 rectorem
425 1747 681 1780 Universitatis
703 1748 864 1793 predicte
886 1748 1064 1780 Henricus
1082 1748 1200 1780 dictus
1222 1747 1466 1780 Brekerevere
1484 1747 1738 1787 Brabantinus,
1761 1758 1824 1791 pro
1848 1753 1929 1779 tunc
1947 1759 2031 1791 pro—

166 1820 310 1846 curator
330 1814 487 1846 nationis
504 1814 752 1855 Picardoruin,
775 1821 855 1847 actu
874 1826 1006 1860 regens
1028 1815 1188 1847 Parisius
1210 1814 1245 1846 in
1267 1814 1426 1859 predicta
1447 1813 1626 1846 facultate.
1650 1814 1727 1855 Que
1749 1819 1865 1845 autem
1892 1813 1927 1845 in
1951 1826 2028 1845 rec-

167 1880 257 1913 toria
278 1892 343 1913 sua
363 1887 438 1913 aeta
460 1887 556 1921 sunt,
579 1888 700 1925 patent
719 1882 755 1913 in
777 1882 934 1926 registro
956 1893 1020 1914 seu
1039 1881 1163 1926 papiro
1187 1881 1354 1913 rectorie.

256 1948 334 1979 Non
361 1954 416 1980 est
436 1954 553 1980 tamen
574 1947 643 1980 sub
665 1948 810 1981 silentio
833 1948 1114 1993 pretereundum
1142 1948 1237 1992 quod
1261 1959 1353 1979 anno
1375 1947 1519 1979 Domini
1541 1947 1719 1991 premisso
1742 1948 1866 1989 [1382],
1890 1946 2027 1978 mensis

167 2013 284 2045 Martii
302 2014 359 2046 (lie
371 2014 446 2058 xiij,
464 2015 706 2047 Universitate
721 2027 790 2047 una
808 2027 886 2047 cum
902 2015 1074 2060 episcopo
1092 2015 1127 2046 in
1144 2014 1325 2059 presentia
1342 2014 1478 2046 domini
1495 2014 1604 2057 regis,
1619 2013 1844 2045 dominorum
1862 2014 2029 2056 Burgun-

166 2080 255 2120 die¹,
276 2080 319 2112 de
336 2080 501 2125 Valoys',
518 2081 638 2114 fratris
661 2082 771 2126 regis,
791 2082 834 2114 de
853 2081 1071 2121 Borhonioss,
1091 2081 1134 2113 de
1158 2080 1328 2120 Conchiss,
1347 2079 1544 2120 d'AlbretQ
1562 2092 1600 2112 ac
1618 2079 1852 2123 plurimorum
1875 2079 2025 2111 aliorum

165 2146 355 2187 nobilium,
385 2154 419 2179 et
439 2147 545 2180 etiam
568 2160 632 2180 sex
657 2150 701 2180 de
727 2148 1083 2193 archiepiscoporum
1110 2148 1167 2180 vel
1191 2148 1445 2192 episcoporum
1470 2145 1722 2186 existentibus,
1746 2153 1778 2177 et
1803 2146 2026 2190 supplicante

167 2213 303 2245 veniam
322 2220 357 2246 et
376 2214 526 2258 gratiam
549 2226 613 2258 pro
635 2215 769 2259 populo
792 2215 1006 2247 Parisiensi⁰
1029 2226 1139 2259 super
1161 2221 1243 2246 tune
1260 2213 1453 2253 forefactis,
1476 2225 1547 2244 non
1565 2211 1792 2244 obstantibus
1809 2211 2022 2255 quibusdam

164 2278 459 2313 altercationibus
482 2280 680 2324 prehabitis
698 2282 941 2314 interdictum
966 2288 1141 2314 rectorem
1167 2287 1201 2312 et
1221 2280 1452 2324 episcopum7
1471 2279 1581 2311 Paris.
1608 2279 1643 2310 in
1664 2278 1930 2322 pontificalibus
1952 2278 2025 2310 exi-

165 2352 319 2378 stentem
341 2358 451 2391 super
472 2347 699 2392 preminitate
726 2348 988 2392 propositionis
1010 2347 1174 2380 faciende
1199 2358 1318 2379 coram
1343 2345 1489 2378 domino
1514 2357 1599 2389 rege
1621 2351 1655 2377 et
1675 2345 1719 2376 de
1745 2344 1824 2377 loco
1847 2345 2023 2384 stationis,

165 2412 282 2445 dictus
298 2419 415 2445 rector
428 2413 584 2446 obtinuit
600 2414 719 2447 locum
733 2414 896 2447 dextrum
911 2421 946 2447 et
960 2414 1245 2458 propositionem
1261 2413 1424 2456 primam,
1439 2423 1542 2455 quam
1559 2411 1644 2443 fecit
1657 2411 1828 2455 magister
1841 2410 2024 2443 Johannes

164 2478 344 2524 Gouleyn,
367 2480 493 2512 doctor
514 2481 550 2512 in
572 2480 767 2526 theologia,
791 2481 878 2514 Ord.
907 2482 946 2513 B.
970 2481 1080 2513 Marie
1103 2480 1146 2512 de
1168 2481 1290 2511 Monte
1311 2478 1478 2512 Carmeli.
1503 2479 1546 2510 Et
1569 2484 1634 2509 tam
1659 2477 1694 2509 in
1721 2477 2021 2521 responsionibus

164 2545 275 2590 regis,
299 2557 404 2590 quam
426 2547 462 2578 in
484 2547 648 2580 faciendo
670 2548 828 2580 edictum
850 2560 914 2592 per
936 2547 1055 2580 villam
1079 2547 1122 2579 de
1145 2558 1229 2590 pace
1254 2552 1289 2577 et
1308 2545 1420 2589 gratia
1443 2544 1537 2576 dieto
1559 2543 1692 2588 populo
1714 2544 1801 2575 sacta
1823 2543 1866 2575 ad
1887 2543 2022 2575 instan—

163 2611 246 2644 tiam
265 2612 534 2654 Universitatis,
558 2614 720 2658 episcopi
743 2621 778 2646 et
798 2614 898 2654 cleri,
921 2626 1064 2658 semper
1086 2611 1405 2657 prenominabatur
1420 2610 1646 2643 Universitas
1663 2610 1834 2653 episeopo
1857 2616 1890 2641 ct
1910 2609 2020 2649 clero,

164 2678 215 2710 sic
241 2679 339 2722 quod
366 2679 401 2711 in
427 2680 597 2712 omnibus
624 2687 735 2713 mater
763 2688 886 2713 nostra
916 2680 1141 2713 [niversitas
1167 2679 1203 2710 in
1231 2677 1496 2722 comparatione
1522 2676 1564 2708 ad
1587 2676 1809 2720 episcopum,
1833 2676 2020 2713 decanum,

163 2745 358 2789 capitulum
377 2753 412 2778 et
432 2746 567 2778 clerum
586 2747 782 2780 Parisiens.
806 2753 873 2779 tam
892 2746 1111 2790 conjunctim
1131 2757 1234 2789 quam
1259 2744 1400 2776 divisim
1419 2742 1572 2775 obtinuit
1596 2742 1865 2786 principatmn⁸.

256 2839 323 2861 Mus.
339 2839 458 2862 Britann.
474 2848 522 2862 ms.
540 2840 600 2862 add.
618 2840 701 2868 17304,
722 2840 766 2863 sol.
785 2840 854 2863 1441).
866 2853 896 2856 -
912 2840 1034 2866 Bulaeus,
1050 2839 1092 2867 lv,
1111 2840 1164 2861 585.

257 2910 279 2932 1.
294 2910 410 2941 Philippi
433 2911 456 2933 Ie
473 2911 563 2934 llardi.
586 2924 616 2928 —
639 2912 661 2934 2.
679 2911 813 2934 Ludovici.
832 2925 861 2928 -
879 2912 900 2933 23.
922 2910 1046 2933 Lmlovici
1066 2910 1096 2932 ll.
1113 2922 1143 2926 —-
1164 2910 1187 2932 li.
1206 2909 1224 2931 1.
1243 2916 1266 2930 c.
1282 2908 1313 2930 de
1335 2908 1434 2937 Coucy;
1452 2910 1512 2929 tunc
1534 2905 1698 2936 lingum—andi
1715 2905 1769 2927 Vll.
1789 2918 1820 2921 —
1834 2906 1856 2927 5.
1874 2905 1919 2927 Ms.
1937 2912 1941 2926 :
1960 2913 1971 2926 «
1990 2904 2021 2926 de
