2488 3386
529 371 593 405 650
1349 373 1566 401 ΑΡΡΕΝΜΧ.

534 487 672 524 1704.
697 505 711 520 «
726 496 892 520 lar-amenta
906 492 1053 518 volentium
1068 492 1177 517 intrare
1190 499 1310 517 ezamen
1324 498 1490 524 magnarum
1506 488 1680 514 cedularum.
1699 498 1713 514 »

616 592 651 626 (11
670 591 766 617 Primo
786 589 852 623 ipsis
867 588 1029 614 baccalariis
1043 586 1278 620 comparentibus
1295 593 1346 618 per
1358 585 1564 618 juramentum
1586 585 1713 617 petatur,
1731 583 1752 609 si
1768 585 1900 617 tempore
1918 583 2028 609 lecture
2043 583 2239 609 Decretalium
2258 584 2391 611 visitave-

527 642 585 667 rint
600 641 728 666 doctores
743 639 773 665 in
787 637 1042 671 disputationibus.
1058 635 1278 669 repetitionibus
1292 636 1320 660 et
1335 634 1452 659 lecturis
1467 632 1644 659 solemnium
1661 632 1866 661 Decretalium,
1883 633 1973 665 prout
1987 632 2078 658 facere
2090 632 2276 658 tenebantur.
2374 631 2378 633 ’

613 689 651 723 (2)
675 689 747 714 Item
771 687 945 720 injungatur
969 685 1087 711 cuilibet
1111 683 1267 710 baccalario
1282 682 1363 716 quod
1385 683 1416 708 in
1435 682 1546 715 scriptis
1568 683 1659 715 ponat
1681 683 1798 714 tempus
1816 680 1974 707 auditionis
1993 681 2200 710 Decretalium,
2219 681 2342 711 Decreti.
2363 683 2392 708 et

526 740 641 771 tempus
656 738 765 763 lecture
780 735 985 763 Decretalium,
1002 735 1085 767 quot,
1102 734 1250 766 qnantum
1265 733 1292 757 et
1308 739 1398 764 quem
1412 731 1455 756 vel
1471 738 1545 763 quos
1559 730 1647 755 libros
1669 729 1864 755 Decretalium
1882 729 1984 763 legerit
1999 729 2122 755 Pam'sius
2139 730 2183 756 vel
2197 730 2276 760 alibi.
2293 731 2322 756 et
2337 730 2391 756 sub

525 794 584 820 qno
599 787 715 812 doctore
729 785 773 811 vel
787 784 818 809 in
831 782 905 809 aliis*
924 783 1013 808 scolis.

613 835 651 869 (Sl
666 835 739 860 Item
754 833 789 859 de
803 832 953 858 auditione
967 833 995 857 et
1010 831 1120 856 lectura
1132 829 1207 863 juris
1221 829 1319 855 civilis.

613 883 650 917 (4)
663 884 735 908 Item
749 882 838 915 ponat
851 880 973 906 titulum
989 879 1199 905 beneficiorum
1214 878 1258 903 vel
1272 877 1448 905 officiorum,
1466 876 1509 902 vel
1525 876 1683 909 graduum.
1698 876 1720 902 si
1735 884 1826 910 quem
1841 876 1930 902 habet
1947 876 1979 902 in
1994 876 2048 902 alia
2062 876 2199 902 facultate
2214 876 2258 902 vel
2272 876 2391 903 alterius

523 932 676 959 cu'uslihet
691 931 816 957 scientie.

558 941 568 966 J
612 981 648 1014 (5)
663 981 735 1006 Item
750 979 873 1012 quilibet
886 977 1059 1003 baccalarius
1075 978 1118 1001 tot
1129 975 1212 1002 saciat
1225 975 1349 1004 cedulas,
1367 976 1440 1008 quot
1455 976 1524 1000 sunt
1537 974 1668 1000 doctores
1683 975 1824 1007 regentes,
1838 975 1868 1000 et
1879 973 1960 1007 quod
1974 974 2006 1000 in
2020 974 2138 1008 propria
2150 982 2272 1008 persona
2286 974 2389 1001 docto-

523 1030 602 1055 ribus
620 1029 740 1061 singulis
755 1029 782 1054 et
797 1035 900 1053 corum
915 1026 1051 1051 domibus
1066 1025 1184 1053 deserat,
1202 1024 1255 1049 nisi
1270 1032 1340 1050 cum
1355 1024 1416 1057 ipso
1435 1023 1565 1056 legitime
1589 1023 1730 1057 impedito
1746 1030 1796 1056 per
1809 1023 1976 1055 collegium.
1992 1024 2027 1049 ut
2041 1031 2092 1057 per
2106 1023 2199 1049 alium
2218 1023 2312 1053 faciat,
2328 1023 2389 1049 dis-

524 1080 666 1112 pensetur.

608 1127 645 1160 (6)
658 1127 730 1152 Item
740 1125 884 1158 jurabunt
896 1123 1044 1150 baccalarii
1059 1122 1139 1156 quod
1154 1129 1214 1147 non
1227 1123 1339 1155 ponent
1354 1121 1385 1147 in
1400 1121 1534 1155 predictis
1549 1121 1658 1147 cedulis
1673 1121 1727 1146 nisi
1740 1128 1772 1147 ea
1787 1129 1845 1155 que
1858 1121 1983 1148 credunt
1995 1123 2023 1148 et
2037 1121 2143 1151 sciunt,
2160 1123 2249 1155 prout
2264 1121 2390 1148 recolere

522 1177 640 1209 possunt
653 1182 709 1201 esse
722 1182 796 1203 vcra,
814 1181 866 1199 nec
880 1173 910 1198 in
926 1172 1033 1199 eiSdem
1049 1171 1170 1197 scienter
1183 1170 1387 1197 admiscebunt
1404 1170 1516 1203 aliquid
1536 1170 1675 1196 falsitatis.

607 1226 644 1258 (7)
660 1224 732 1249 Item
754 1222 834 1255 quod
854 1222 916 1247 illas
935 1221 1050 1247 cedulas
1066 1220 1182 1246 tradent
1208 1219 1282 1244 infra
1304 1221 1421 1252 tempus
1441 1227 1492 1252 per
1513 1218 1670 1252 collegium
1692 1218 1801 1245 eisdem
1821 1219 2002 1252 assignatum
2022 1227 2082 1245 una
2096 1227 2166 1245 cum
2181 1218 2300 1249 cedulis‚
2316 1226 2389 1253 quas

519 1273 653 1305 sigillatas
667 1280 682 1297 a
706 1271 823 1297 doctore
838 1270 956 1304 proprio
969 1271 997 1295 et
1012 1269 1121 1295 decano
1137 1275 1189 1302 pro
1204 1268 1336 1301 quolibet
1354 1275 1433 1293 anno
1453 1275 1502 1294 seu
1525 1267 1675 1294 volumIne
1695 1269 1868 1301 receperunt
1883 1268 2004 1301 singulis
2019 1267 2112 1297 annis,
2130 1269 2218 1301 prout
2237 1275 2325 1301 supra
2345 1268 2389 1294 est

520 1321 669 1347 traditum.

1227 1353 1420 1379 Juramentum
1435 1352 1666 1378 examinatorum.

605 1426 642 1461 (8)
658 1427 730 1452 Item
743 1425 850 1452 eisdem
865 1425 1031 1458 injungitur
1044 1423 1125 1457 quod
1138 1423 1311 1449 satisfaciant
1326 1424 1394 1449 ante
1409 1430 1531 1449 examen
1549 1423 1714 1455 legentibus
1728 1423 1764 1449 de
1779 1430 1866 1449 mane
1887 1431 1940 1457 pro
1960 1424 2023 1449 toto
2038 1424 2170 1457 tempore
2185 1422 2344 1449 auditionis
2357 1423 2387 1449 et,

516 1476 550 1502 de
566 1476 702 1509 pensione
717 1482 770 1508 pro
785 1474 875 1503 scolis,
890 1474 934 1499 vel
950 1473 1059 1506 ydonee
1074 1473 1192 1498 caveant
1207 1473 1274 1497 ante
1289 1471 1437 1498 licentiam
1462 1473 1616 1505 optentam
1636 1479 1651 1497 a
1671 1472 1842 1498 cancellario
1857 1472 2017 1501 Parisiensi.
2034 1471 2103 1498 alias
2125 1479 2186 1498 non
2209 1466 2389 1513 recipiantur

516 1525 551 1550 ad
564 1531 694 1553 examen,
712 1531 764 1549 ncc
781 1522 949 1549 cancellario
966 1521 1113 1547 Parisiensi
1128 1522 1343 1554 presententur.
1360 1521 1395 1546 Et
1410 1521 1488 1546 idem
1506 1521 1537 1546 in
1555 1529 1630 1554 pena
1645 1521 1741 1547 debita
1756 1529 1810 1554 pro
1825 1521 1998 1550 baccalariis.
2019 1521 2072 1554 qui
2094 1521 2126 1546 in
2142 1521 2244 1550 missis.
2261 1520 2386 1557 statutis,

518 1573 746 1606 repetitionibus.
766 1571 913 1605 principiis
932 1571 1087 1596 doctorum
1103 1577 1248 1595 novorum
1264 1571 1293 1595 et
1311 1569 1429 1595 lecturis
1448 1570 1627 1595 solemnium
1643 1570 1839 1596 Decretalium
1853 1570 2023 1596 defecerunt
2040 1569 2094 1596 erit
2109 1569 2335 1599 observandum.
2352 1570 2388 1596 ut

517 1622 650 1655 primitus
665 1620 836 1646 satisfaciant
849 1620 956 1653 quibus
970 1621 1011 1645 est
1026 1618 1269 1645 satisfaciendum.
1286 1618 1321 1644 Et
1336 1618 1414 1644 idem
1430 1619 1460 1644 in
1475 1618 1537 1644 aliis
1552 1619 1634 1652 penis
1648 1619 1886 1652 quibuscumque
1899 1626 1950 1652 per
1963 1619 2130 1645 Iacultatem
2145 1618 2295 1644 ordinatis.

1106 1705 1123 1729 J
1127 1704 1269 1729 uramenta
1283 1710 1390 1729 camere
1404 1703 1540 1729 examinis
1554 1703 1788 1729 licentiandorum.

603 1776 641 1810 (1)
658 1776 754 1801 Primo
775 1775 811 1800 ad
826 1775 956 1801 officium
979 1774 1079 1800 decani
1101 1775 1209 1807 spectat
1230 1774 1385 1807 injungere
1407 1782 1458 1808 per
1470 1775 1678 1807 juramentum
1693 1774 1861 1800 doctoribus
1875 1776 1904 1801 et
1919 1774 2082 1800 baccalariis
2094 1774 2175 1808 quod
2196 1773 2306 1804 omnia,
2327 1781 2386 1808 que

515 1825 622 1851 ibidem
641 1825 775 1850 dicentur
789 1825 817 1849 et
833 1824 914 1852 fient,
931 1824 985 1849 sub
997 1825 1105 1849 secreto
1119 1831 1171 1856 per
1183 1823 1391 1856 juramentum
1406 1823 1560 1849 tenebunt.

602 1873 640 1908 (2)
662 1874 734 1899 Item
759 1873 890 1898 inhibere
905 1873 1023 1898 cuilibet
1038 1872 1196 1898 baccalario
1218 1879 1270 1905 per
1291 1879 1379 1897 suum
1400 1872 1617 1905 juramentum,
1640 1880 1676 1898 ne
1699 1872 1841 1906 impediat
1859 1873 2073 1905 argumentum
2088 1872 2132 1898 vel
2147 1871 2325 1898 solutionem
2340 1871 2386 1909 suj

513 1923 589 1951 socii,
605 1930 657 1948 nec
672 1922 763 1947 valeat
778 1921 915 1947 solutioni
930 1929 957 1947 se
973 1928 1131 1954 opponere,
1146 1928 1198 1946 nec
1211 1921 1390 1946 solutionem
1405 1928 1458 1954 pro
1473 1921 1535 1954 ipso
1550 1921 1677 1954 recipere
1692 1929 1814 1955 quoquo
1829 1921 1928 1947 modo.
2370 1916 2375 1926 ⁴

602 1970 641 2005 (3)
656 1971 729 1996 Item
742 1970 822 2004 quod
839 1978 898 1996 non
914 1970 1010 1995 solum
1025 1969 1174 1995 baccalarii
1190 1969 1299 1995 habent
1314 1970 1495 2002 argumentis
1511 1970 1667 1996 doctorum
1687 1970 1871 2004 respondere,
1887 1970 1936 1996 sed
1949 1969 2037 1996 etiam
2052 1969 2074 1995 si
2089 1977 2147 2003 que
2159 1969 2325 2003 questiones
2339 1967 2383 2006 *fel

513 2027 599 2053 quare
614 2020 686 2045 fiant
698 2019 806 2045 eisdem
822 2027 873 2052 per
887 2019 1018 2044 doctores
1033 2018 1140 2044 debent
1156 2017 1338 2051 respondere.
2362 2010 2379 2024 '²

607 2107 674 2130 Bibl.
691 2107 781 2129 Arsen.
799 2106 883 2129 Paris.
899 2114 948 2129 ms.
965 2106 1035 2134 1121,
1051 2109 1126 2136 parte
1145 2105 1190 2134 111,
1208 2113 1234 2136 p.
1251 2106 1289 2133 66,
1306 2113 1319 2128 e
1336 2106 1396 2128 msto
1412 2106 1592 2130 Cheltenham.
1607 2107 1676 2134 2863,
1694 2106 1740 2135 ib.‚
1759 2106 1802 2129 fol.
1819 2106 1922 2130 XXIIII.

612 2191 631 2213 Ι.
647 2191 695 2214 Ms.
711 2198 716 2212 ·.
731 2199 744 2211 «
761 2189 863 2213 aviis».

519 2299 657 2335 1705.
681 2317 695 2333 <<
714 2309 828 2333 Staluta
845 2308 1044 2334 concernentia
1059 2307 1199 2334 decanum
1216 2308 1293 2333 circa
1309 2317 1430 2334 examen
1445 2308 1568 2334 licentio.
1587 2318 1600 2333 ›>

605 2398 641 2432 11)
658 2399 753 2424 Primo
768 2399 869 2425 decani
885 2399 1029 2425 incumbit
1044 2399 1139 2425 officio
1152 2401 1219 2425 ante
1232 2407 1313 2425 casus
1328 2400 1557 2433 propositionem
1573 2400 1603 2425 in
1620 2400 1740 2426 Decreto
1758 2400 1929 2426 baccalarios
1946 2399 1976 2425 in
1994 2399 2127 2425 examine
2140 2398 2292 2424 existentes
2306 2398 2380 2424 cari-

514 2447 599 2472 tative
614 2454 733 2473 monere
748 2449 782 2472 ut
797 2447 904 2480 absque
919 2448 1024 2473 timore
1039 2449 1067 2473 et
1087 2449 1223 2477 tremore,
1245 2448 1291 2473 sed
1313 2456 1411 2474 secure
1431 2448 1557 2475 habeant
1577 2448 1613 2474 ad
1635 2450 1809 2481 argumenta
1829 2449 1873 2474 vel
1888 2448 2000 2482 quesita
2019 2447 2202 2480 respondere,
2217 2446 2380 2473 secundum

513 2495 592 2528 quod
607 2495 637 2520 in
655 2497 753 2520 mente
768 2496 951 2528 conceperint
966 2497 993 2521 et
1008 2496 1043 2521 de
1052 2494 1118 2529 jure
1133 2496 1276 2522 videbitur
1291 2497 1330 2522 eis
1345 2497 1595 2530 respondendnm.
1612 2505 1681 2522 cum
1697 2497 1829 2523 doctores
1843 2497 2007 2523 baccalariis
2021 2494 2223 2522 consueverint
2238 2502 2296 2522 esse
2311 2503 2379 2529 gra-

515 2544 577 2569 tiosi
591 2545 620 2570 et
632 2543 761 2575 benigni.
2267 2533 2269 2535 ¹

601 2591 640 2626 (2)
652 2592 725 2617 Item
741 2592 887 2617 baccalarii
903 2593 938 2618 de
954 2600 1040 2618 mane
1056 2593 1191 2625 legentes.
1208 2594 1230 2619 si
1246 2594 1297 2626 qui
1316 2594 1424 2620 suerint
1439 2595 1469 2620 in
1485 2596 1628 2624 examine,
1644 2596 1718 2622 sicut
1732 2597 1761 2622 et
1776 2595 1862 2622 ceteri
1877 2594 2135 2622 examinabuntur.
2153 2593 2208 2619 nisi
2224 2600 2276 2626 per
2289 2591 2379 2618 colle-¹

512 2641 594 2673 gium
608 2641 651 2666 vel
666 2641 807 2673 majorem
822 2642 850 2666 et
864 2641 1007 2666 saniorem
1023 2643 1136 2674 partem
1151 2642 1306 2668 doctorum
1321 2643 1410 2675 ipsius
1426 2644 1538 2677 collegii
1553 2645 1712 2678 specialiter
1727 2652 1814 2678 super
1827 2644 1882 2670 hoc
1896 2645 2084 2670 evocatorum
2099 2642 2187 2668 fuerit
2201 2641 2283 2667 aliter
2297 2639 2380 2667 ordi-

514 2691 629 2714 natum.

598 2738 635 2771 (3)
651 2738 723 2763 Item
738 2737 838 2763 decani
855 2737 973 2762 arbitrio
994 2738 1180 2771 relinquitur,
1198 2740 1306 2772 quibus
1321 2740 1485 2766 baccalariis
1502 2749 1583 2767 casus
1597 2742 1773 2775 positionem
1786 2744 1815 2768 et
1832 2741 2062 2767 summationem
2080 2747 2112 2766 ac
2126 2738 2378 2772 lecturamglosa-

513 2794 588 2814 rum,
606 2786 657 2811 uni
673 2785 716 2811 vel
731 2785 873 2818 pluribus,
892 2786 1035 2818 imponat.

597 2834 636 2868 (4)
649 2835 722 2859 Item
737 2834 848 2859 ratione
863 2834 949 2859 officii
969 2835 1011 2859 sui
1027 2834 1111 2861 debet
1129 2835 1248 2871 [contra]
1266 2845 1367 2863 omnes
1382 2845 1514 2871 arguere,
1531 2842 1632 2866 contra
1647 2847 1721 2874 quos
1736 2841 1764 2866 et
1779 2841 1853 2873 quot
1870 2839 1906 2866 de
1921 2838 2084 2865 baccalariis
2097 2835 2252 2877 voluerit⁴.

600 2921 667 2944 Bihl.
682 2922 740 2944 Ars.
756 2921 840 2944 Paris.
855 2921 986 2950 ms.1121‚
1001 2925 1077 2952 parte
1092 2923 1136 2951 111,
1153 2932 1178 2954 p.
1197 2925 1234 2953 70,
1251 2933 1263 2948 e
1279 2926 1340 2949 mst⁰
1354 2926 1534 2955 Cheltenham,
1551 2927 1622 2955 2863,
1635 2924 1709 2955 ibidss,
1729 2928 1749 2950 s.
1763 2927 1836 2952 XXV.

633 2966 673 2996 82,
1855 2973 1861 2977 ⁴
