2488 3386
865 383 1042 405 STATUTA
1076 382 1157 404 FAC.
1194 382 1356 403 nsscner,
1978 369 2042 401 649

183 482 323 520 1702.
349 502 363 517 «
379 494 495 518 Slatuta
510 494 663 527 tangencia
679 493 754 519 alios
768 493 895 519 bedellos
911 498 938 520 et
952 495 1113 520 servitores.
1132 504 1145 519 ›>

270 608 323 614 .....
331 587 340 603 ¹
356 588 395 622 (5)
411 589 484 614 Item
499 588 580 622 quod
595 596 656 614 non
680 589 734 615 erit
754 589 883 615 bedellus
903 589 1033 615 duorum
1052 590 1218 618 doctorum,
1234 590 1365 622 presente
1385 596 1436 614 suo
1458 589 1554 622 primo
1569 589 1695 617 doctore,
1720 595 1771 613 nec
1793 588 1909 613 absente
1933 586 1986 612 nisi
2008 586 2043 611 de

177 636 292 662 licentia
306 637 405 670 primi.

267 685 305 719 (ὃ)
318 686 391 711 Item
407 693 468 711 non
482 686 537 712 erit
552 686 681 712 bedellus
696 686 785 712 unius
797 689 825 713 et
838 687 1023 713 subbedellus
1035 687 1163 716 alterius,
1180 687 1228 712 scd
1242 687 1347 720 poterit
1360 694 1418 712 esse
1432 686 1561 712 bedellus
1575 688 1603 711 et
1617 685 1799 711 subbedellus
1812 685 1950 718 ejusdem.

265 734 305 768 (7)
320 735 393 760 Item
406 734 486 767 quod
502 742 561 760 non
575 735 629 761 erit
642 735 771 761 bedellus
784 736 814 761 in
829 736 883 761 alia
897 736 1042 765 facultate.
1057 736 1131 761 dum
1147 736 1200 761 erit
1216 736 1344 761 bodellus
1359 736 1389 760 in
1405 735 1540 761 facultate
1554 735 1753 760 Decretorum.

267 782 305 817 (8)
320 783 394 808 Item
407 783 488 816 quod
504 783 594 809 nichil
611 784 836 817 proclamabunt
851 793 902 818 per
917 785 1004 810 scolas
1020 785 1073 810 nisi
1088 785 1123 810 de
1138 785 1253 810 licentia
1265 784 1393 810 dccani2.

267 830 323 865 (ιο)
339 832 412 858 Item
432 832 578 865 jurabunt
602 833 776 859 denuntiare
791 833 954 859 baccalariis
970 834 1048 862 festa,
1064 834 1283 866 disputationes,
1301 833 1448 866 vesperias.
1472 835 1499 858 et
1519 833 1641 858 lecturas
1656 832 1832 857 solemnium
1848 830 2041 857 Decretaliuni

178 887 269 913 quam
281 880 366 905 citius
380 880 523 910 sciverint,
540 882 568 907 et
583 881 708 911 missas³.
724 882 831 915 quibus
846 883 995 908 baccalarii
1010 882 1144 908 interesse
1158 884 1307 911 tenentur,
1323 883 1412 915 prout
1427 883 1468 907 est
1482 882 1545 907 fieri
1560 883 1731 907 consuetum
1742 880 1762 906 ⁴.

267 928 323 963 (η)
339 929 412 955 Item
427 930 508 963 quod
523 930 653 956 bedellus
668 931 715 957 ille
733 931 768 957 sit
782 932 902 957 honeste
917 931 983 960 vite,
1005 931 1080 957 bone
1095 931 1328 960 conversationis,
1346 939 1405 956 non
1421 938 1546 964 magnus
1562 932 1713 959 mercator,
1730 929 1906 962 habebitque
1921 928 2043 962 quilibet

178 977 280 1003 doctor
295 978 454 1007 bedellum,
467 986 558 1012 quem
573 980 761 1012 assumpserit
776 980 797 1005 si
817 980 885 1006 alias
901 980 1045 1009 habuerit.
1063 980 1085 1005 si
1100 980 1136 1006 de
1151 988 1226 1005 novo
1243 980 1372 1013 incipiat.
1391 980 1477 1005 illum
1491 987 1580 1012 quem
1601 987 1669 1004 suus
1684 979 1785 1004 doctor
1799 978 1851 1004 sibi
1867 977 2043 1003 ministrabit

178 1026 309 1052 facultati
323 1028 496 1060 presentare.
514 1027 549 1053 Et
571 1028 592 1053 si
607 1036 680 1061 opus
696 1029 740 1056 sit.
764 1029 859 1054 dictus
874 1029 1003 1054 bcdellus
1019 1030 1187 1055 facultatem
1202 1029 1361 1054 informare
1376 1029 1523 1054 tenebitur
1537 1028 1571 1053 de
1587 1029 1663 1053 statu
1679 1035 1740 1056 suo,
1757 1027 1870 1060 eritque
1885 1027 1915 1052 in
1936 1026 2041 1052 volun-

179 1075 238 1100 tate
253 1082 302 1101 seu
317 1075 524 1102 deliberatione
540 1077 682 1102 facultatis
697 1078 740 1103 vel
756 1077 891 1110 repellere
907 1078 995 1103 talem
1010 1085 1043 1103 ex
1056 1085 1149 1107 causa,
1164 1078 1207 1103 vel
1221 1085 1290 1103 eum
1303 1077 1465 1103 admittere.
1713 1075 1717 1078 ’

268 1124 342 1150 Item
364 1125 444 1157 quod
462 1125 562 1151 nullus
577 1125 678 1151 doctor
693 1126 812 1159 recipiat
825 1126 955 1159 aliquem
971 1127 1001 1152 in
1017 1126 1165 1152 bedellum
1185 1134 1283 1155 suum,
1298 1126 1385 1152 etiam
1400 1126 1435 1151 de
1450 1133 1590 1151 consensu
1606 1125 1758 1153 facultatis,
1783 1125 1834 1158 qui
1850 1124 1953 1150 habeat
1968 1124 2043 1149 ultra

179 1172 279 1198 decem
292 1175 412 1206 arpenta
427 1174 590 1203 vinearum,
607 1175 740 1207 quandiu
750 1175 979 1208 ,quaternarium
992 1175 1110 1200 durabit
1119 1175 1139 1200 5.

274 1247 343 1271 Bibl.
361 1248 451 1270 Arsen.
467 1248 551 1271 Paris.
568 1256 617 1271 ms.
635 1249 702 1277 1121,
718 1252 793 1280 parte
812 1250 855 1276 ΙΙΙ,
871 1257 896 1280 p.
913 1250 951 1276 48,
964 1258 977 1272 e
993 1251 1054 1272 msto
1070 1249 1250 1272 Cheltenham.
1267 1250 1336 1277 2803,
1352 1249 1397 1276 ib.,
1417 1249 1460 1272 sol.
1475 1249 1563 1271 XVIII.

275 1318 297 1341 1.
314 1318 477 1349 Parngraphi
494 1319 538 1341 1-li
553 1319 713 1350 respondent
727 1320 905 1350 paragraphis
920 1321 942 1348 1,
958 1321 981 1349 4,
1000 1321 1023 1349 3,
1037 1322 1051 1343 6
1067 1320 1090 1342 n5
1104 1320 1173 1343 1701.
1189 1333 1219 1337 —
1232 1321 1253 1342 2.
1269 1320 1378 1350 Paragr.
1394 1321 1408 1342 9
1423 1319 1564 1350 respondet
1579 1328 1687 1350 paragr.
1700 1321 1713 1342 8
1727 1319 1791 1342 ibid.
1803 1333 1834 1336 ——
1847 1321 1869 1342 3.
1886 1320 1978 1342 Postea
1995 1327 2043 1341 una

180 1361 250 1384 linea
267 1365 351 1385 vacat.
368 1376 398 1380 —-
411 1364 433 1386 4.
450 1363 560 1394 Paragr.
582 1364 608 1386 ‘11
627 1364 769 1394 respondet
785 1372 893 1395 paragr.
910 1364 948 1387 15.
966 1378 992 1382 -—-
1009 1366 1031 1387 5.
1048 1365 1111 1395 Pag.
1133 1365 1160 1386 51
1178 1364 1296 1395 sequitur
1311 1364 1336 1386 in
1353 1364 1413 1386 ms⁶⁰
1429 1367 1556 1386 statutum
1572 1364 1602 1386 dc
1625 1364 1775 1393 Claviqero,
1793 1363 1836 1394 qui
1852 1364 1955 1394 aperire
1970 1363 2046 1386 debet

181 1406 295 1433 scholas,
312 1415 358 1429 nee
373 1407 525 1437 permIttere
540 1411 569 1431 ut
586 1407 681 1439 uliqui8
699 1408 802 1439 aperiat
818 1413 877 1431 ante
892 1409 994 1432 horam.
1012 1409 1059 1431 Eat
1076 1417 1134 1431 cum
1153 1409 1254 1431 bedello
1271 1412 1296 1431 et
1313 1409 1466 1431 suhbedello
1481 1409 1514 1430 ad
1530 1408 1633 1430 scholas
1650 1408 1674 1430 in
1689 1408 1798 1431 lectione
1815 1408 1971 1436 matutinali,
1987 1416 2044 1430 cum

180 1450 218 1473 ibi
235 1450 313 1473 fuerit
332 1451 433 1482 aliquid
450 1452 678 1482 proclamandum.
698 1453 718 1475 A
740 1461 766 1483 p.
784 1454 812 1475 53
828 1456 853 1475 et
868 1455 897 1476 55
913 1456 1058 1484 sequuntur
1076 1456 1173 1476 statuta
1188 1453 1275 1477 Alani
1292 1453 1449 1477 cardinalis
1464 1461 1506 1475 an.
1526 1453 1582 1475 1457
1602 1453 1691 1481 (1458).
1707 1461 1772 1483 quae
1789 1453 1935 1483 incipiunt:
1955 1461 1966 1475 «
1982 1453 2045 1475 Cum

181 1494 346 1525 exigentibus
369 1495 484 1526 peccatis
500 1496 597 1519 nostris
614 1504 636 1524 n,
653 1504 695 1527 up.
712 1497 848 1524 Jourdnin,
865 1496 963 1525 Index,
983 1506 1009 1528 p.
1026 1497 1090 1520 2812.
1111 1498 1138 1520 In
1160 1498 1220 1519 mst⁰
1240 1500 1325 1519 tamen
1346 1497 1474 1527 quaedam
1495 1505 1575 1527 supra
1600 1501 1628 1518 1¹⁰
1648 1497 1707 1519 1587
1728 1496 1796 1519 edita
1819 1500 1842 1519 et
1863 1505 1928 1527 quac
1950 1497 2046 1519 intacta

181 1539 361 1568 remanebunt,
377 1539 537 1563 inseruntur.
551 1540 627 1563 Aliud
644 1544 769 1564 statutum
786 1541 861 1564 Alani
876 1541 901 1564 in
918 1543 979 1564 msto
994 1550 1021 1572 p.
1039 1542 1069 1564 66
1084 1541 1250 1564 exscribitur.

187 1706 327 1743 1703.
353 1726 366 1741 (ς
384 1718 499 1742 statuta
517 1717 666 1751 tangentia
683 1719 804 1751 formam
819 1717 994 1753 procedendi
1007 1717 1046 1742 ad
1062 1726 1181 1743 examen
1198 1716 1446 1742 llcentiandorum.
1466 1727 1479 1741 »

272 1806 311 1842 (1)
328 1808 424 1833 Primo
439 1808 611 1834 adveniente
633 1816 712 1834 anno
723 1809 844 1842 jubileo,
862 1816 921 1842 quo
936 1809 1044 1834 debent
1066 1808 1207 1834 licentiari
1228 1808 1377 1833 baccalarii
1392 1808 1422 1833 in
1438 1808 1573 1836 Decretisv
1591 1809 1720 1834 videlicet
1735 1809 1770 1834 de
1786 1809 1903 1835 biennio
1919 1810 1949 1835 in
1964 1810 2047 1835 bien-

179 1855 280 1884 nium,
297 1856 347 1881 illo
362 1864 440 1882 anno
462 1858 526 1890 post
548 1857 731 1883 Nativitatem
756 1857 885 1887 Domini,
902 1857 976 1883 dum
992 1859 1020 1883 et
1039 1857 1158 1890 quando
1181 1857 1326 1882 videbitur
1340 1857 1448 1882 decano
1464 1859 1491 1882 et
1506 1857 1672 1882 doctoribus
1692 1858 1867 1890 regentibus,
1884 1859 2047 1891 proclama-

183 1904 263 1930 tione
278 1905 393 1938 publice
410 1905 441 1930 in
459 1905 540 1931 scolis
555 1914 606 1938 per
620 1906 768 1932 bedellum
784 1907 857 1932 sacta
872 1906 916 1932 vel
930 1906 1036 1932 vocatis
1050 1906 1171 1939 singulis
1186 1906 1348 1931 baccalariis
1363 1906 1414 1939 qui
1430 1907 1498 1931 sunt
1514 1906 1557 1931 vel
1570 1906 1693 1931 credunt
1708 1914 1765 1932 csse
1779 1907 1810 1932 in
1826 1908 1919 1933 forma
1936 1908 2050 1934 licentio

183 1953 352 1986 optinende,
378 1955 412 1979 ut
433 1956 622 1987 compareant
646 1955 677 1980 in
699 1955 832 1988 proxima
851 1955 936 1980 missa
956 1955 1121 1983 doctorum.
1143 1955 1403 1988 proclamationem
1426 1955 1469 1980 vel
1489 1955 1669 1980 vocat10ncm
1693 1957 1830 1990 sequente
1857 1956 1887 1981 in
1907 1957 2047 1989 presentia

183 2002 285 2028 decani
299 2004 327 2028 et
343 2002 455 2036 collegii
467 2003 546 2036 apud
562 2003 660 2029 locum
673 2003 724 2029 ubi
740 2004 825 2029 missa
840 2004 995 2029 doctorum
1009 2004 1157 2029 consuevit
1172 2004 1307 2029 celebrari
1323 2003 1390 2037 (sic).

842 2080 948 2105 Stalata
965 2080 1103 2113 tangentia
1113 2080 1238 2113 sormam
1253 2079 1397 2105 escaminis.

273 2148 312 2183 (2)
327 2150 400 2175 Item
416 2149 452 2175 ad
465 2149 597 2175 officium
612 2149 713 2175 decani
727 2151 844 2183 spectat.
859 2150 933 2175 dum
951 2152 979 2176 ct
995 2150 1114 2183 quando
1130 2150 1181 2175 sibi
1200 2150 1344 2175 videbitur
1358 2150 1500 2183 expedire,
1518 2150 1591 2175 dum
1607 2152 1705 2176 tamen
1722 2153 1839 2184 propter
1854 2152 1908 2178 hoc
1925 2161 2045 2180 examen

184 2205 245 2223 non
259 2198 432 2225 retardetur.
450 2205 549 2224 vocare
564 2198 694 2224 doctores
716 2206 769 2231 per
782 2200 839 2224 tres
860 2199 958 2224 missas
977 2199 1013 2224 ad
1032 2199 1261 2232 dispensandum
1283 2206 1351 2224 culn
1371 2198 1532 2224 baccalariis
1552 2199 1741 2228 licentiandis,
1763 2200 1784 2225 si
1803 2201 1832 2225 et
1853 2201 1883 2226 in
1899 2204 2046 2234 quantum

183 2246 317 2280 indigent
332 2248 360 2272 et
374 2246 520 2272 videbitur
534 2247 654 2280 collegio
669 2247 783 2272 licitum
796 2249 824 2273 ct
838 2247 991 2280 expediens
1006 2248 1179 2281 dispensare.

275 2295 311 2330 (3)
327 2296 400 2321 Item
422 2295 457 2321 de
473 2296 591 2321 biennio
615 2296 645 2321 in
668 2296 823 2322 biennium
847 2296 1018 2322 adveniente
1037 2304 1115 2322 anno
1133 2296 1244 2329 jubileo
1266 2296 1413 2329 aperiatur
1434 2303 1548 2328 semper
1567 2304 1688 2322 examen
1704 2297 1813 2323 tardius
1834 2298 1903 2324 seria
1922 2301 2046 2327 secunda

182 2344 352 2370 immediate
367 2346 431 2378 post
446 2345 522 2370 Oculi
537 2345 590 2370 mei
600 2344 618 2374 ¹,
636 2345 690 2370 nisi
705 2353 739 2371 ex
750 2345 830 2378 justa
845 2347 873 2370 et
887 2345 1016 2377 legitima
1032 2353 1115 2370 causa
1132 2353 1182 2378 per
1197 2345 1366 2370 facultatem
1382 2344 1468 2370 fuerit
1483 2344 1566 2370 aliter
1580 2345 1761 2371 ordinatum.

274 2393 312 2427 (A)
327 2394 400 2419 Item
416 2393 447 2418 in
462 2393 568 2419 ultima
584 2393 669 2419 missa
684 2394 720 2419 ad
734 2394 975 2427 dispensandum,
992 2394 1141 2419 baeealarii
1157 2393 1323 2419 licentiandi
1339 2393 1528 2426 personaliter
1543 2393 1650 2419 debent
1664 2402 1831 2427 comparere
1853 2403 1921 2422 cum
1941 2398 2048 2430 quibus

184 2441 367 2475 dispensatur
381 2442 412 2467 in
428 2443 522 2468 forma
537 2450 594 2475 qua
610 2450 707 2476 supra.

274 2490 313 2525 (5)
328 2491 401 2516 Item
417 2491 560 2524 repetitur
575 2491 610 2516 ab
625 2491 664 2517 eis
679 2491 752 2517 illud
765 2492 982 2525 juramentum,
999 2491 1080 2524 quod
1094 2491 1195 2516 omnia
1208 2490 1239 2516 in
1254 2490 1363 2516 cedulis
1378 2490 1469 2524 posita
1484 2490 1541 2516 sint
1557 2498 1631 2516 vera.

274 2539 312 2573 (6)
325 2540 398 2566 Item
411 2540 537 2565 decanus
552 2548 621 2565 cum
637 2548 779 2566 consensu
800 2540 911 2573 collegii
927 2540 1014 2566 habet
1034 2540 1138 2573 eligere
1157 2540 1318 2567 decretum.
1344 2539 1447 2572 super2
1467 2547 1527 2572 quo
1547 2539 1694 2565 baccalarii
1717 2542 1785 2566 sunt
1804 2543 1999 2572 examinandi.
2021 2547 2049 2571 et

185 2587 271 2614 debet
285 2588 363 2614 istud
379 2588 523 2614 notificari
538 2588 702 2614 baccalariis
717 2589 769 2622 qui
784 2591 853 2615 sunt
868 2589 899 2614 in
919 2589 1022 2618 forma,
1044 2596 1095 2622 per
1115 2590 1233 2614 tantum
1254 2590 1371 2621 tempus
1391 2589 1459 2613 ante
1481 2588 1559 2614 diem
1582 2589 1730 2621 aperiendi
1756 2597 1876 2616 examen
1901 2594 2047 2624 quantum

185 2636 352 2663 doctoribus
366 2637 511 2663 videbitur
525 2637 687 2670 expediens.

274 2684 313 2719 (7)
328 2685 401 2711 Item
417 2693 485 2711 cum
506 2685 671 2718 predictum
691 2686 842 2713 decretum
858 2686 974 2712 debebit
989 2685 1152 2711 baccalariis
1171 2685 1318 2718 assignari,
1335 2685 1365 2710 in
1381 2693 1442 2710 uno
1461 2686 1539 2711 certo
1554 2685 1616 2711 Ioco
1631 2688 1780 2715 vocentur.
1797 2688 1824 2712 et
1840 2695 1889 2720 per
1903 2688 2047 2715 decanum

185 2734 214 2759 et
228 2741 325 2759 unum
341 2734 376 2760 de
390 2734 558 2760 doctoribus
573 2734 745 2761 nominetur
760 2735 879 2765 eisdem,
903 2742 956 2760 nec
975 2742 1026 2768 per
1051 2734 1184 2760 cedulam
1209 2734 1394 2766 singulariter
1409 2734 1554 2763 mittatur,
1576 2741 1612 2760 ne
1631 2734 1732 2760 cedula
1753 2735 1888 2761 disserens
1901 2737 2048 2770 aliquibus

186 2782 274 2808 nimis
288 2783 369 2808 tarde
384 2782 584 2817 notificet[ur],
601 2783 670 2809 alios
685 2784 746 2809 aliis
759 2792 811 2817 per
825 2785 953 2810 savorem
968 2784 1011 2810 vel
1026 2783 1129 2809 odium
1142 2782 1321 2816 preferendo.

280 2856 349 2879 Bibl.
366 2857 457 2880 Arsen.
472 2857 556 2880 Paris.
572 2865 621 2880 ms.
636 2858 704 2894 1121,
721 2861 797 2889 parte
812 2859 856 2887 111,
876 2867 903 2889 p.
919 2859 957 2887 60.
971 2866 983 2881 e
995 2858 1056 2881 ms'20
1071 2857 1248 2885 Chelteuham,
1264 2858 1332 2885 2863,
1347 2857 1392 2884 ib.,
1412 2857 1455 2880 sol.
1472 2857 1548 2880 XXII.

282 2927 306 2951 1.
318 2926 406 2950 Tertia
419 2926 550 2950 dominica
565 2927 799 2959 Quadragesimac.
814 2942 846 2947 -—
859 2929 883 2953 2.
899 2929 947 2952 Ms.
965 2937 969 2951 z
986 2937 997 2951 «
1012 2928 1061 2951 sub
1078 2937 1099 2950 ».

312 2974 360 2991 *¹⁵*
377 2972 473 2996 Chart.
497 2971 574 2996 Univ.
590 2972 684 2996 Paris.
704 2973 750 2997 ΙΙΙ.
1895 2973 1924 2996 82
