2488 3386
211 356 307 393 1364]
626 369 673 391 AB
707 368 813 390 Auno
847 368 979 390 mcch
1013 368 1145 396 USQUE
1180 368 1228 390 An
1263 355 1529 390 nanssmcvrum
1563 370 1654 391 X111.
2008 363 2072 395 115

207 442 375 476 facultate
396 442 609 483 hacalarius,
632 448 672 475 ut
692 441 891 482 dicebatur,
914 448 1043 474 tenens
1063 441 1100 473 in
1121 441 1198 474 suis
1219 440 1386 474 manibus
1407 441 1497 474 duas
1518 442 1665 475 cedulas
1686 443 1722 475 in
1743 444 1868 488 papiru
1890 446 1962 488 (sic)
1983 445 2072 478 scri-

209 515 300 554 ptas,
322 520 428 541 unam
449 508 620 541 videlicet
649 520 714 553 per
734 508 929 552 magistros
950 508 1112 552 predicte
1133 507 1313 540 facultatis
1334 507 1532 551 theologie,
1556 515 1593 540 ut
1615 508 1813 549 dicebatur,
1836 510 1952 542 eidem
1973 512 2073 543 fratri

210 575 374 608 Dionisio
397 574 608 616 ordinatam,
631 581 670 607 ut
695 574 732 607 in
758 574 932 619 predictis
960 574 1071 607 scolis
1098 586 1173 607 eam
1204 573 1357 618 legeret,
1380 580 1414 606 et
1443 586 1508 618 per
1529 574 1663 606 dictum
1692 574 1876 608 dominum
1899 577 2074 610 cancella-

208 641 315 682 rium,
337 648 376 674 ut
404 641 604 681 dicebatur,
635 640 705 674 sibi
737 641 916 682 traditam,
945 641 1049 685 cujus
1079 647 1184 673 tenor
1205 640 1249 672 de
1270 639 1382 673 verbo
1404 640 1447 672 ad
1467 640 1618 673 verbum
1647 641 1800 674 inferius
1821 648 1877 674 est
1896 642 2073 683 insertus3

208 707 354 740 alteram
375 719 463 741 vero
483 707 671 752 quamdam
698 707 982 752 appellacionem
1009 718 1074 740 seu
1100 706 1399 751 provocacionem
1422 706 1687 746 continentem
1711 707 1919 751 supplicans
1941 708 2073 741 ibidem

208 785 289 806 cum
310 773 511 806 humilitate
533 780 568 806 et
593 785 722 818 magna
743 773 912 806 instantia
932 773 1096 818 predicto
1118 772 1265 805 domino
1287 772 1517 812 cancellario,
1541 779 1719 817 quatenus
1740 773 1810 805 sibi
1831 774 1989 818 placeret
2009 774 2076 807 hoc

209 839 345 880 dicere,
363 840 458 873 sicut
479 840 573 872 idem
596 840 766 873 dominus
787 839 1025 872 cancellarius
1047 839 1118 872 sibi
1138 839 1366 884 promiserat,
1385 845 1424 871 ut
1445 838 1587 871 dicebat
1608 839 1726 871 dictus
1746 840 1855 872 frater
1876 841 2075 881 Dionisius,

209 912 243 939 et
263 905 418 950 qualiter
445 906 482 938 in
513 906 581 939 hoc
610 907 703 939 sacto
724 918 809 951 erga
831 906 966 939 dictum
988 906 1173 939 dominum
1197 905 1450 938 cancellarium
1473 917 1512 938 se
1533 904 1719 946 habuerat,
1743 912 1781 938 ut
1801 906 1954 939 dicebat.
1977 908 2077 940 Tunc

209 971 327 1005 dictus
353 972 523 1005 dominus
552 972 790 1005 cancellarius
818 972 914 1005 dicto
944 972 1044 1005 fratri
1075 972 1241 1005 Dionisio
1270 971 1360 1004 dixit
1388 978 1422 1004 et
1450 971 1641 1016 respondit
1665 983 1671 1004 :
1696 986 1712 1003 «
1735 972 1879 1017 Legatis
1901 973 2078 1015 cedulam,

209 1049 275 1083 per
296 1039 491 1084 magistros
513 1039 674 1084 predicte
694 1039 873 1072 facultatis
893 1039 1005 1072 vohis.
1020 1039 1233 1079 ordinatam,
1257 1038 1288 1071 si
1308 1037 1431 1079 vultis,
1455 1044 1490 1071 et
1511 1038 1541 1070 si
1563 1050 1636 1070 non
1656 1038 1778 1079 vultis,
1802 1039 2041 1083 disputemus.
2062 1054 2078 1070 »

209 1104 323 1147 Quam
354 1105 535 1150 siquidem
568 1105 746 1146 cedulam,
777 1112 817 1138 ut
847 1106 1080 1150 premittitur,
1109 1105 1160 1138 sic
1189 1105 1401 1145 ordinatam,
1429 1104 1466 1136 in
1499 1104 1673 1149 predictis
1705 1104 1815 1137 scolis
1844 1105 1939 1138 idem
1971 1106 2080 1139 frater

211 1171 408 1216 Dyonisius
429 1171 553 1217 legere
575 1183 648 1204 non
669 1171 784 1205 voluit
803 1178 980 1217 preterea.
1004 1172 1081 1205 Hiis
1097 1183 1184 1205 vero
1205 1171 1289 1203 hinc
1310 1171 1395 1203 inde
1417 1170 1468 1203 sic
1489 1171 1592 1212 actis,
1609 1171 1752 1216 agitatis
1774 1178 1808 1204 et
1828 1172 1974 1213 auditis,
1996 1179 2080 1205 tunc

211 1237 371 1282 prefatus
404 1238 514 1271 frater
549 1238 736 1271 Dionisius
771 1238 967 1283 predictam
1003 1238 1181 1279 cedulam,
1218 1237 1502 1282 appellacionem
1538 1248 1603 1269 seu
1638 1238 1936 1282 provocacionem
1971 1239 2081 1271 conti-

210 1310 353 1336 nentem
382 1304 518 1349 incepit
542 1304 679 1349 legere,
704 1311 739 1337 et
759 1317 835 1337 eam
858 1305 894 1337 in
920 1305 1094 1350 predictis
1117 1304 1227 1337 scolis
1249 1303 1394 1349 publice
1416 1310 1451 1336 et
1470 1303 1538 1336 alta
1558 1315 1647 1336 voce
1669 1304 1713 1336 de
1734 1304 1845 1337 verbo
1867 1305 1910 1337 ad
1930 1305 2079 1338 verbum

210 1369 368 1415 perlegit
390 1382 396 1403 :
420 1371 525 1415 cujus
546 1377 651 1403 tenor
672 1371 716 1403 de
736 1371 849 1404 verbo
870 1371 914 1404 ad
934 1371 1084 1404 verbum
1107 1371 1271 1403 noscitur
1292 1382 1374 1403 esse
1396 1370 1476 1403 talis
1500 1382 1507 1402 ε

299 1450 315 1467 «
339 1437 649 1470 Reverendissimi
679 1443 813 1482 patres,
840 1437 978 1470 domini
1004 1449 1044 1470 ac
1072 1437 1249 1482 magistri,
1277 1437 1359 1481 quia
1389 1448 1471 1481 ego,
1503 1437 1613 1469 frater
1640 1436 1827 1469 Dionisius
1858 1437 2079 1478 Foullechat,

210 1501 300 1535 Ord.
327 1503 407 1536 frat.
430 1503 518 1536 Min.
548 1504 720 1545 Parisius,
750 1515 896 1549 semper
923 1504 974 1536 fui
1001 1503 1242 1544 voluntarius,
1272 1515 1350 1535 sum
1381 1509 1415 1535 et
1442 1515 1504 1535 ero
1532 1514 1650 1547 usque
1675 1503 1718 1535 ad
1744 1509 1909 1544 mortem,
1932 1503 2081 1536 obedire

211 1575 334 1602 sancte
362 1570 466 1602 matri
497 1571 656 1603 Romane
687 1570 842 1603 ecclesie
873 1577 908 1603 et
937 1582 1081 1603 manere
1112 1570 1148 1602 in
1176 1569 1351 1602 catholice
1382 1569 1467 1602 fidei
1494 1570 1643 1610 unitate,
1672 1581 1752 1601 cum
1782 1570 1909 1601 fuerim
1942 1570 2082 1602 delatus

211 1635 358 1668 domino
379 1648 459 1669 meo
481 1637 697 1669 cancellario
725 1637 814 1670 eccl.
847 1637 976 1678 Paris,
1005 1636 1124 1681 aliqua
1149 1636 1286 1669 dixisse
1316 1636 1352 1668 in
1382 1648 1462 1668 meo
1490 1635 1669 1680 principio
1699 1636 1984 1668 Sententiartim‘
2014 1648 2083 1680 que

211 1701 331 1734 minus
352 1701 446 1735 bene
467 1715 598 1736 sonare
620 1703 835 1736 dicebantur
855 1704 892 1736 in
913 1703 1063 1736 auribus
1083 1703 1289 1748 aliquorum
1313 1702 1422 1735 verba
1445 1714 1523 1735 mea
1544 1709 1579 1735 et
1600 1702 1777 1734 intentum
1799 1702 1919 1735 minus
1945 1703 2083 1735 favora-

210 1767 333 1801 biliter
355 1769 619 1814 recipientium,
639 1782 792 1815 quorum
815 1770 1008 1803 verborum
1031 1782 1193 1802 meorum
1216 1781 1379 1802 murmur
1399 1769 1565 1807 audiens,
1588 1769 1868 1813 percipiensque
1886 1769 2082 1802 nonnullos

211 1845 322 1879 super
341 1834 412 1868 hiis
438 1835 615 1878 dubitare,
638 1836 823 1869 dominum
856 1849 975 1869 meum
1001 1836 1255 1869 cancellarium
1286 1835 1393 1876 adivi,
1424 1834 1642 1867 submittens
1673 1847 1728 1867 me
1758 1835 1975 1868 correctioni
2004 1847 2080 1876 sue,

211 1907 246 1933 et
265 1900 417 1934 aliorum
440 1903 696 1947 magistrorum
725 1915 888 1935 meorum
920 1903 957 1935 in
984 1902 1154 1935 omnibus
1180 1902 1217 1934 in
1243 1901 1376 1946 quibus
1398 1901 1661 1946 delinquissem
1686 1901 1772 1944 (sic),
1794 1901 1979 1934 humiliter
2000 1914 2084 1946 sup-

211 1966 391 2011 plicando,
414 1969 583 2013 quatinus
605 1969 713 2002 michi
735 1969 924 2002 audiencia
952 1968 1179 2014 preberetur,
1203 1975 1242 2001 ut
1262 1980 1407 2013 possem
1430 1967 1613 2000 declarare
1636 1967 1861 2000 intellectum
1883 1968 2081 2007 (lictorum;

212 2032 310 2074 item,
342 2034 378 2066 in
409 2034 467 2067 die
498 2035 612 2068 sancti
645 2036 823 2076 Martini2,
854 2035 1087 2080 presentibus
1118 2034 1299 2080 pluribus,
1331 2034 1425 2067 idem
1457 2034 1677 2078 repplicans,
1709 2034 1883 2078 requisivi
1914 2035 2082 2078 quatinus

211 2098 320 2131 michi
341 2100 599 2134 conclusiones
621 2101 749 2134 dubias
771 2101 942 2137 traderet,
965 2108 999 2134 et
1020 2101 1099 2146 (leg.
1128 2103 1177 2143 ut)
1200 2112 1268 2145 ego
1290 2112 1396 2132 manu
1418 2112 1494 2132 mea
1522 2100 1667 2144 propria
1695 2100 1917 2132 intellectum
1948 2113 2080 2142 meum,

212 2176 319 2209 quem
342 2165 499 2211 legendo
521 2167 743 2212 protuleram
766 2167 911 2212 plenius
933 2180 1037 2212 quam
1060 2168 1096 2199 in
1118 2167 1254 2211 scripto
1276 2178 1356 2199 meo
1379 2173 1466 2207 erat,
1489 2166 1632 2211 planius
1653 2166 1887 2207 declararem,
1908 2187 1950 2190 ——
1972 2178 2082 2211 super

210 2231 343 2276 quibus
371 2233 421 2265 sui
450 2233 598 2266 minime
626 2234 828 2267 exauditus.
853 2234 984 2279 Sicque
1012 2233 1120 2266 michi
1148 2234 1226 2266 data
1254 2233 1320 2265 hec
1352 2233 1492 2274 cedula,
1515 2233 1551 2264 in
1579 2245 1647 2277 qua
1676 2232 1782 2265 michi
1804 2233 1905 2277 plura
1934 2240 2017 2266 sunt
2038 2234 2081 2266 ad

211 2299 453 2331 revocandum
471 2300 645 2344 injuncta,
664 2312 816 2345 quorum
833 2301 951 2345 aliqua
972 2313 1045 2332 non
1063 2300 1148 2341 dixi,
1167 2299 1233 2332 alia
1249 2299 1450 2332 revocanda
1472 2298 1540 2331 sul)
1556 2299 1669 2331 forma
1688 2299 1765 2331 sine
1787 2300 1877 2331 meis
1895 2300 2080 2332 demeritis

211 2364 318 2396 nimis
342 2366 455 2409 gravi,
481 2366 525 2398 ad
542 2367 639 2411 quod
661 2379 843 2412 nunquam
871 2367 1011 2399 credidi
1038 2366 1222 2399 dominum
1250 2365 1503 2398 cancellarium
1533 2365 1682 2397 tendere
1710 2377 1776 2397 nec
1798 2366 2017 2410 magistros:
2041 2378 2080 2398 ea

212 2437 372 2475 propter,
395 2432 554 2476 predicta
576 2433 703 2466 cedula
726 2440 907 2466 reservata
929 2433 1082 2466 examini
1104 2439 1334 2465 sacrosancte
1356 2433 1513 2464 Romane
1542 2431 1696 2463 ecclesie
1725 2443 1835 2476 super
1855 2431 1936 2472 hoc,
1958 2439 2080 2464 contra

213 2497 433 2530 reverendos
455 2499 650 2543 magistros
667 2500 887 2533 Grimerium
904 2500 1092 2540 Bonisacii,
1113 2500 1302 2544 Symonem
1322 2500 1471 2536 Freron,
1488 2497 1673 2530 Nicolaum
1695 2498 1860 2538 Oresme,
1883 2510 2080 2542 corumque

212 2574 322 2607 super
351 2563 418 2597 hoc
449 2565 679 2599 consiliarios
706 2566 761 2599 vel
795 2567 968 2607 fautores,
999 2566 1043 2598 ad
1074 2572 1231 2598 sanctam
1263 2565 1385 2598 sedem
1417 2564 1650 2609 apostolicam
1684 2576 1842 2608 provoco
1873 2571 1907 2596 ct
1937 2565 2079 2609 appello

211 2628 401 2671 instanter,
424 2630 632 2674 instantius,
655 2633 931 2674 instantissime,
954 2645 1021 2665 nec
1042 2645 1114 2665 non
1136 2644 1153 2665 a
1175 2632 1354 2665 sententia
1381 2631 1417 2663 in
1445 2643 1501 2663 me
1527 2630 1594 2663 lata
1616 2630 1658 2662 ab
1680 2630 1770 2674 ipsis
1792 2637 1824 2662 et
1846 2642 1969 2662 eorum
1992 2643 2080 2674 quo-

212 2694 312 2737 libet,
336 2697 556 2741 conjunctim
577 2698 635 2731 vel
657 2699 815 2740 divisim,
841 2699 884 2732 de
910 2699 1147 2732 revocacione
1168 2698 1328 2743 predicta
1350 2704 1383 2730 et
1405 2696 1722 2742 aggravaminibus
1749 2708 1859 2740 super
1883 2695 1951 2728 hoc
1972 2696 2079 2728 michi

212 2761 329 2801 factiS,
361 2762 471 2796 illatis
500 2764 557 2797 vel
589 2765 764 2805 serendis,
797 2766 891 2798 dicte
928 2772 1051 2798 sancte
1089 2765 1188 2798 sedis
1218 2764 1436 2797 correctioni
1472 2775 1527 2795 me
1563 2763 1793 2803 submittens,
1833 2769 1868 2794 et
1901 2762 2077 2794 (lictorum

213 2839 375 2861 meorum
397 2831 667 2874 exposicionem
690 2833 839 2873 referre,
861 2845 913 2873 ac,
937 2833 967 2865 si
995 2844 1064 2877 que
1091 2831 1348 2864 retractacione
1374 2830 1552 2874 indigent,
1575 2829 1724 2861 obedire
1746 2840 1966 2872 proponens.
1990 2829 2078 2869 Qua-

214 2900 354 2927 ternum
382 2908 468 2929 vero
495 2909 627 2939 meum,
651 2910 770 2943 quem,
794 2899 939 2931 domine
967 2898 1194 2938 cancellarie,
1224 2897 1393 2930 tenuistis
1422 2907 1537 2940 usque
1564 2907 1671 2931 nunc,
1702 2901 1825 2938 repeto
1854 2894 1950 2937 quod
1980 2894 2079 2926 reha-
