2488 3386
200 341 296 378 1359]
620 355 666 377 AB
700 355 806 377 ANNO
841 355 971 377 MCCCL
1005 355 1136 383 USQUE
1171 356 1219 377 An
1254 357 1518 380 BENEDICTUM
1544 359 1633 381 x111.
2016 353 2058 386 69

196 427 265 459 quod
281 427 343 451 licet
357 427 426 451 idem
445 430 531 451 rector
553 428 587 451 sit
606 428 643 452 ita
660 431 773 458 creatus,
797 437 849 451 non
873 428 906 451 ob
928 428 977 451 hoc
1001 428 1108 460 aliquod
1132 429 1217 460 majus
1242 430 1399 461 suffragium
1414 431 1494 455 habet
1516 432 1542 454 in
1559 432 1735 456 Universitate
1754 434 1872 464 predicta
1886 435 1942 466 [seu
1958 437 2058 468 vocem]

194 470 350 504 po[cior]em
366 480 445 504 quam
466 475 526 495 ante
546 472 704 496 creationem
726 472 877 504 hujusmodi
899 473 1022 501 habebat,
1039 472 1156 504 quinimo
1172 473 1252 497 habet
1266 474 1372 498 obedire
1387 478 1412 498 et
1427 476 1510 498 subici
1530 477 1697 507 procuratori
1719 486 1764 500 sue
1783 478 1895 502 nationis
1912 479 1937 502 in
1956 481 2060 504 natione

195 516 294 540 eadem.
310 525 332 540 1).
348 530 379 534 -
393 517 415 541 2.
432 517 502 540 Inter
516 517 599 540 lineas
614 517 666 540 alio
681 520 827 540 atramento
843 517 946 548 aliaque
962 525 1041 540 manu
1056 525 1062 540 z
1086 526 1097 540 (1
1116 518 1165 540 soli
1186 521 1299 549 quatuor
1313 523 1498 550 procuratores
1520 520 1716 552 nat[i0num....]
1737 530 1748 543 »
1764 525 1789 544 et
1805 531 1816 545 «
1828 531 1884 545 cum
1907 527 2059 554 quatuor....

195 560 295 583 urcium
310 568 321 583 »
334 560 419 584 deleto.
431 563 501 584 sunt.
515 574 547 579 —
560 562 583 584 3.
601 562 670 584 lnter
684 561 767 584 lineas
784 561 835 584 alio
850 564 996 584 atramento
1012 570 1017 584 z
1037 570 1048 585 (1
1061 562 1160 593 absque
1176 563 1245 593 quod
1260 571 1310 586 vox
1327 563 1436 586 rectoris
1452 564 1588 588 haheat....
1606 573 1627 587 1).
1644 579 1675 582 ——-
1686 567 1708 589 4.
1726 566 1782 589 ΑΙὶο
1798 570 1942 590 atramento
1956 569 2059 600 aliaque

194 612 273 628 manu
294 605 413 636 sequitur
429 613 434 628 ·.
453 614 464 628 «
478 613 525 628 nec
544 605 596 628 duo
611 609 838 636 procuratores....
857 605 935 629 unius
958 606 1040 636 vocis,
1055 614 1115 637 ymo
1135 606 1306 638 requiruntur
1325 608 1358 630 ad
1383 608 1469 631 minus
1488 611 1541 631 tres
1564 613 1749 640 procuratores
1767 611 1848 633 trium
1863 612 2011 641 nacionum,
2030 621 2059 635 ex

192 657 243 680 quo
257 652 330 680 patet
344 649 413 680 quod
424 657 474 672 vox
485 649 593 673 rectoris
609 649 690 673 nichil
704 650 765 673 facit
778 653 843 673 et....
857 659 877 673 1),
890 651 957 674 Loco
971 659 983 673 <‹
994 651 1109 682 quinque
1120 659 1132 673 »
1145 651 1270 674 scribitur
1287 660 1298 674 1(
1310 655 1424 683 quatuor
1435 660 1456 675 ›>.
1469 667 1497 670 —
1509 655 1532 676 5.
1548 653 1635 676 Primo
1650 662 1655 676 ·.
1675 662 1686 677 (1
1699 655 1834 685 appellare
1848 664 1869 678 1).
1883 669 1913 672 —
1923 658 1945 679 6.
1963 657 2059 680 Deinde

193 693 312 724 sequitur
329 701 334 716 z
352 703 364 715 n
381 694 445 717 Item
462 696 488 717 et
507 694 611 725 quando
631 694 759 725 contingit
778 694 867 725 ipsum
886 698 1014 718 rectorem
1029 695 1055 717 in
1074 703 1121 718 suo
1140 695 1224 718 officio
1239 696 1400 727 delinquere,
1423 700 1494 720 verte
1514 697 1630 720 rotulum
1646 701 1669 722 et
1685 698 1801 722 invenies
1818 700 1863 722 XII
1880 700 2019 723 articulum
2035 710 2057 724 »-

193 737 291 761 Revera
303 740 353 761 art.
365 738 411 761 XII
426 746 441 761 a
453 741 527 769 tergo
538 738 652 769 scrip'tus
668 741 716 761 est.
729 752 755 756 —-
767 739 788 762 7.
801 739 871 762 Inter
885 739 968 762 lineas
980 739 1031 762 alio
1043 742 1188 763 atramento
1200 740 1304 771 aliaque
1321 749 1399 763 manu
1413 749 1418 763 ·.
1433 750 1443 763 «
1455 744 1581 772 tanquam
1594 742 1802 766 honorabiliores
1816 752 1836 766 ».
1850 757 1878 760 —
1893 745 1915 767 8.
1934 753 1945 766 ι(
1959 744 2059 770 licet....

192 785 280 805 cureat
293 790 304 804 »
318 782 370 805 alio
387 785 533 805 atramento
548 782 652 814 aliaque
667 791 756 806 manu.
768 797 798 800 —
808 784 831 806 9.
849 791 860 806 «
876 783 987 814 quod....
1003 783 1109 807 obedire
1126 793 1136 806 >1
1155 784 1207 807 alio
1225 788 1379 808 atramento.
1393 799 1422 802 —
1435 786 1473 809 10.
1491 786 1578 808 Primo
1591 794 1595 808 2
1614 795 1624 808 <⁴
1639 786 1706 810 iuter
1721 795 1785 818 quos
1802 795 1823 810 1).
1839 802 1867 804 -
1878 789 1915 811 11.
1933 798 1944 810 1(
1961 797 1975 811 a
1992 798 2058 812 non-

192 826 314 850 nullis....
331 826 447 849 delatum
461 829 501 850 est
518 835 529 849 1)
548 826 616 850 inter
636 827 720 850 lineas
738 827 790 850 alio
812 831 971 855 atramento;
987 828 1073 859 primo
1092 836 1097 851 t
1118 837 1128 851 (1
1148 837 1209 860 sepe
1227 829 1314 852 visum
1329 832 1369 852 est
1388 838 1409 852 1).
1426 843 1455 847 ——
1471 830 1509 853 12.
1529 830 1577 853 Ms.
1595 838 1600 853 ·.
1618 840 1630 851 «
1646 831 1787 854 scdedebat
1803 840 1824 854 )).
1848 846 1878 849 -
1902 833 1939 855 13.
1957 833 1992 856 De
2010 834 2058 856 hoc

193 871 259 893 facto
274 878 317 894 an.
331 870 401 899 1347,
419 872 452 894 cs.
468 871 609 902 epistolam
624 871 750 895 Clement.
766 872 808 900 VI,
824 872 951 895 Novemb.
967 872 1005 901 13,
1019 872 1102 903 ejusd.
1118 881 1160 897 an.
1174 872 1201 895 in
1217 873 1357 902 Chartul„
1377 874 1408 902 ΙΙ,
1425 878 1454 896 n⁰
1469 874 1538 897 1145.
1551 888 1583 892 -
1596 875 1634 898 14.
1650 875 1709 898 Fuit
1722 875 1784 899 Ord.
1801 876 2055 900 Vallisscholarium.

191 914 248 938 Vid.
265 914 335 938 infra
349 919 378 938 n⁰
394 915 464 938 1279.
484 929 515 933 —
529 916 568 938 15.
585 924 596 939 «
615 916 777 947 quamvis...
794 917 898 947 prefata
913 924 924 939 1)
941 916 1027 939 deleta
1045 920 1114 940 sunt.
1130 931 1160 935 —
1178 918 1216 941 16.
1235 917 1287 940 «in
1303 917 1354 940 hiis
1371 919 1466 941 factam
1483 928 1495 939 u
1513 918 1581 941 inter
1596 919 1679 942 lineas
1695 920 1747 942 alio
1770 923 1929 948 at1·a111ent0;
1947 921 2033 952 primo
2050 930 2055 945 :

192 967 203 982 «
217 958 361 990 impulsam
379 969 399 982 ».
419 973 449 977 —
466 960 504 983 17.
522 968 534 982 ((
553 961 677 984 fueram...
698 961 862 991 appellatum
881 969 891 983 1)
909 961 960 983 alio
979 964 1125 984 atramento
1143 961 1247 993 aliaque
1265 970 1354 985 manu.
1367 976 1398 979 —
1410 963 1447 985 18.
1469 962 1515 985 Hic
1531 963 1658 986 articulus
1679 964 1779 987 deletus
1795 967 1842 993 est,
1857 967 1882 987 et
1896 965 1923 987 in
1938 966 2057 996 margine

189 1002 294 1034 legitur,
307 1004 397 1027 eodem
407 1004 558 1027 charactere
570 1011 576 1027 z
589 1012 600 1027 «
612 1007 688 1027 vacat
699 1014 719 1027 )).
736 1019 761 1022 -
776 1005 810 1029 19.
823 1005 966 1036 Sequentes
977 1005 1081 1029 articuli
1092 1006 1145 1029 alia
1156 1014 1235 1029 manu
1253 1006 1298 1029 sed
1310 1014 1405 1030 coaeva
1418 1010 1443 1029 et
1454 1006 1510 1030 sine
1518 1007 1634 1030 numeris
1645 1007 1744 1039 scripta
1755 1011 1824 1031 sunt.
1845 1022 1867 1026 -—-
1877 1009 1915 1033 20.
1927 1010 1974 1033 An.
1987 1010 2056 1040 1358,

148 1059 150 1061 -
189 1047 261 1071 Junii
275 1048 313 1077 23,
329 1048 355 1070 in
371 1051 498 1071 rectorem
511 1048 618 1073 electus.
634 1048 690 1072 Vid.
706 1049 762 1073 Lib.
774 1056 851 1079 proc.
864 1054 925 1074 nat.
942 1050 1029 1080 Anql.
1044 1050 1070 1073 in
1088 1052 1170 1075 Auet.
1191 1051 1320 1075 Chartul.
1337 1065 1368 1068 —
1381 1051 1420 1074 21.
1437 1051 1546 1074 Articuli
1568 1055 1705 1083 sequentes
1721 1053 1846 1083 leguntur
1862 1057 1938 1083 purte
1954 1062 2056 1078 aversa.

188 1105 220 1110 ——
241 1093 279 1115 22.
304 1092 361 1115 Vid.
389 1093 420 1115 de
447 1101 476 1116 eo
502 1093 640 1123 Chartul„
664 1093 695 1121 11,
719 1093 852 1118 Iudicem.
870 1108 902 1112 —
920 1095 958 1117 23.
979 1094 1037 1118 Vid.
1065 1095 1203 1124 Chartul„
1226 1095 1258 1125 11,
1283 1103 1309 1126 p.
1335 1096 1389 1124 655,
1412 1098 1466 1118 not.
1489 1096 1527 1118 16.
1546 1110 1573 1113 --
1597 1097 1636 1120 24.
1654 1097 1724 1119 Inter
1741 1097 1834 1120 lineas.
1861 1098 1978 1121 Ecclesia
2005 1107 2054 1121 non

188 1136 352 1168 exprimitur.
369 1150 401 1154 —
415 1137 453 1162 25,
471 1137 604 1160 Sententia
620 1137 657 1160 sic
672 1145 765 1161 manca
780 1138 807 1161 in
824 1138 924 1163 charta.
944 1152 969 1156 --
986 1140 1023 1162 26.
1040 1140 1087 1162 An.
1105 1140 1173 1168 1357,
1187 1139 1259 1163 Junii
1274 1140 1313 1168 24,
1326 1142 1379 1162 tres
1395 1139 1543 1163 cardinales
1559 1149 1569 1163 (‹
1584 1141 1615 1163 de
1635 1140 1783 1172 Pierregort
1798 1149 1819 1170 1),
1834 1142 1851 1165 i.
1869 1150 1891 1165 e.
1909 1142 2055 1173 Taleyrand

189 1180 220 1204 de
236 1181 373 1212 Perigord,
388 1184 450 1204 tunc
467 1182 549 1212 episc.
564 1182 669 1210 Alban„
688 1191 699 1204 1(
711 1182 742 1205 de
755 1183 837 1214 Urgel
851 1191 862 1205 n
879 1183 1012 1212 (Nicolaus
1031 1184 1151 1214 Cupocci,
1168 1187 1229 1207 tunc
1247 1184 1319 1207 card.
1334 1184 1359 1207 S.
1379 1184 1482 1214 Vitalis)
1499 1193 1510 1207 «
1527 1187 1551 1207 et
1568 1185 1599 1207 de
1614 1186 1703 1208 Rouen
1720 1194 1732 1208 »
1752 1186 1853 1216 (Petrus
1868 1187 1898 1210 de
1913 1187 1939 1209 la
1954 1187 2054 1216 Forest,

188 1225 260 1248 card.
283 1226 327 1248 Xll
348 1227 448 1256 Apost.)
472 1234 531 1248 011111
548 1226 608 1248 aliis
626 1226 653 1249 in
671 1226 802 1257 Angliam,
824 1227 987 1256 Londinium,
1003 1228 1115 1259 profecti
1134 1231 1195 1251 sunt
1212 1229 1245 1251 od
1265 1229 1431 1251 tractandum
1452 1229 1519 1251 inter
1541 1237 1629 1260 regem
1645 1230 1753 1260 Angliae
1775 1233 1800 1253 et
1818 1239 1907 1261 regem
1929 1231 2054 1255 Franciae

187 1269 342 1299 Johannem,
358 1269 492 1300 captivum
508 1270 535 1292 in
552 1270 647 1301 Anglia
666 1270 809 1293 abductum
832 1271 893 1301 (vid.
915 1273 965 1296 Les
987 1274 1110 1302 =qramtes
1134 1274 1232 1297 chron.
1249 1274 1282 1296 de
1304 1273 1422 1301 France,
1441 1273 1480 1296 ed.
1502 1274 1530 1297 P.
1551 1273 1634 1302 Paris,
1651 1274 1692 1303 VI,
1716 1275 1758 1302 53;
1780 1275 1871 1305 Rayn„
1893 1276 1970 1299 Arm.
1989 1277 2053 1300 eccl.

189 1314 223 1337 ad
246 1322 288 1337 sn.
305 1314 375 1346 1357,
391 1318 420 1336 n⁰
438 1315 460 1338 1.
483 1314 588 1344 Baluze,
612 1315 663 1338 Vic.
678 1322 747 1345 pap.
760 1317 857 1345 Auen„
880 1317 900 1345 I,
923 1317 986 1346 778).
1005 1317 1034 1340 In
1049 1317 1188 1340 Franciam
1208 1317 1303 1341 iterum
1323 1326 1365 1340 an.
1383 1318 1452 1346 1358,
1469 1326 1557 1340 mense
1573 1318 1689 1347 Octobri,
1706 1319 1804 1342 reversi
1819 1322 1888 1348 sunt,
1906 1328 1964 1342 cum
1979 1320 2053 1351 juxta

188 1358 348 1381 Matthaeum
359 1358 466 1388 Villani,
484 1358 611 1386 Cronica,
625 1360 692 1388 VIII,
707 1367 764 1390 cap.
778 1360 820 1383 101
838 1361 962 1391 (Firenze‚
980 1362 1050 1389 1825,
1066 1362 1107 1390 lv,
1124 1370 1150 1392 p.
1165 1362 1218 1391 138)
1235 1361 1319 1385 mensi
1335 1362 1442 1386 Octobri
1457 1370 1488 1385 ex
1505 1362 1599 1393 Anglia
1614 1363 1794 1393 excessissent,
1807 1364 1949 1395 eodemque
1966 1373 2054 1387 mense

188 1402 221 1425 ud
236 1403 290 1426 sed.
309 1405 393 1434 apost.
411 1403 565 1426 advenirent
579 1404 681 1434 mayn„
701 1403 768 1434 1358,
791 1408 820 1427 11ο
844 1406 877 1434 3).
900 1405 995 1429 Mensis
1016 1406 1166 1429 Decembris
1185 1406 1223 1435 13,
1243 1406 1294 1429 duo
1309 1406 1457 1430 cardinales
1475 1407 1699 1438 Petragoricensis
1719 1411 1744 1430 et
1760 1408 1923 1438 Urgellensis
1937 1409 2054 1432 Parisios

186 1450 313 1470 venerunt
329 1447 391 1478 (Les
406 1448 512 1477 grand.
529 1449 636 1476 chron„
651 1448 669 1471 1.
683 1456 716 1477 0.,
730 1456 756 1479 p.
772 1449 836 1479 146).

190 1615 331 1653 1247.
357 1625 484 1660 Carolus,
498 1634 614 1660 regnum
629 1634 737 1660 regen-5,
755 1629 871 1651 renovat
881 1625 1060 1661 privilegium
1075 1626 1205 1662 Philippi
1221 1627 1264 1652 IV
1271 1626 1347 1661 regis
1360 1628 1533 1652 Francorum
1545 1626 1580 1652 de
1591 1628 1745 1662 sexaginta
1759 1627 1841 1653 libris
1855 1629 1945 1654 annui
1959 1629 2052 1655 reddi-

275 1678 319 1700 tus
340 1674 380 1700 ad
401 1683 482 1700 usum
503 1675 587 1700 trium
610 1674 839 1710 capellaniarum
861 1675 1068 1709 Universitatis‚
1087 1676 1115 1701 in
1134 1675 1286 1701 Castelleto
1306 1675 1401 1701 Paris.
1421 1675 1617 1710 assignandis,
1636 1680 1663 1702 et
1682 1676 1803 1702 mandat
1822 1677 1894 1703 hunc
1910 1678 2051 1703 redditum

273 1723 395 1758 singulis
421 1724 506 1749 annis
532 1724 560 1749 in
583 1725 658 1757 festo
685 1725 711 1749 S.
734 1723 856 1758 Remigii
875 1732 893 1749 a
910 1723 1038 1758 geolario
1059 1724 1130 1750 dicti
1154 1724 1302 1750 Gastelleti
1321 1724 1383 1750 sine
1405 1724 1545 1750 dilatione
1569 1725 1732 1751 solvendum
1753 1734 1825 1751 esse.
1846 1726 1953 1753 Actum
1973 1728 2051 1761 apud

274 1773 419 1806 Luparam
428 1773 512 1806 juxta
528 1773 649 1799 Parisius
663 1780 742 1798 anno
757 1773 876 1798 Domini
891 1773 1046 1799 millesimo
1060 1774 1261 1800 trecentesimo
1277 1774 1523 1808 quinquagesimo
1538 1776 1647 1804 octavo,
1662 1783 1762 1801 mense
1777 1775 1888 1801 Martio.

1346 1860 1422 1888 1359,
1438 1867 1526 1885 mense
1542 1859 1631 1888 Martii,
1648 1859 1764 1885 Parisii-s.

277 1939 360 1963 M'e'm.
380 1940 441 1964 hist.
456 1946 509 1964 sut·
527 1940 563 1965 les
576 1940 711 1972 be'ne'fices,
731 1949 757 1972 p.
776 1941 814 1964 21.
837 1955 861 1958 -
880 1941 991 1965 Litteras
1009 1941 1126 1973 Philippi
1144 1942 1186 1971 IV,
1205 1950 1247 1965 an.
1267 1942 1337 1971 1302,
1356 1941 1450 1970 Martii,
1471 1942 1526 1965 vid.
1548 1942 1686 1971 Chartul.,
1706 1943 1738 1970 ΙΙ,
1757 1946 1786 1964 110
1803 1943 1857 1965 625.

187 2118 327 2155 1248.
351 2128 532 2154 Innocentius
551 2128 734 2162 V1(Jol1anni
747 2129 782 2154 de
796 2129 914 2163 Aciaco)
931 2130 1105 2155 cancellario
1119 2131 1289 2163 Parisiensi,
1308 2134 1338 2156 ut
1357 2130 1509 2167 Radolplio
1523 2131 1558 2157 de
1577 2132 1694 2158 Civitate
1711 2132 1830 2158 Castelli
1847 2132 1911 2158 Ord.
1930 2133 2046 2158 Eremit.

271 2178 298 2202 S.
315 2178 446 2211 August.‚
466 2177 515 2212 qui
529 2177 654 2202 Parisiis
674 2186 728 2203 uno
748 2186 823 2203 anno
841 2178 968 2212 bibliam,
986 2187 1020 2204 ac
1041 2179 1069 2204 in
1085 2180 1215 2204 Romana
1236 2180 1317 2204 curia
1340 2183 1366 2205 et
1382 2179 1516 2215 pluribus
1530 2180 1599 2205 aliis
1613 2181 1798 2215 generalibus
1813 2181 1918 2206 studiis
1936 2183 2047 2207 Senten-

270 2226 328 2251 tias
344 2225 412 2259 legit
432 2229 460 2251 et
479 2225 519 2251 ad
539 2225 676 2260 legendas
692 2227 720 2251 in
741 2226 815 2251 dicto
830 2227 991 2252 Par-islensi
1010 2227 1105 2252 studio
1127 2229 1290 2253 Sententias
1308 2237 1361 2264 per
1380 2228 1486 2253 dictum
1511 2229 1642 2254 Ordinem
1664 2229 1778 2263 electus,
1794 2234 1912 2265 propter
1930 2239 2047 2256 consue-

270 2273 383 2299 tudines
405 2277 432 2299 et
450 2277 562 2299 statuta
581 2274 672 2299 studii
690 2275 784 2300 Paris.
803 2278 830 2300 et
855 2275 970 2300 Ordinis
993 2275 1076 2301 debet
1091 2275 1183 2310 longis
1199 2276 1372 2311 temporibus
1395 2277 1482 2302 etiam
1501 2281 1569 2312 post
1590 2277 1759 2313 completam
1775 2278 1913 2303 lecturam
1931 2280 2047 2304 Senten-

269 2322 374 2347 tiarum
389 2326 565 2357 exspectare,
580 2326 735 2357 antequam
750 2323 778 2348 in
792 2323 935 2356 facultate
949 2323 1014 2359 ipsa
1028 2324 1067 2349 ad
1083 2325 1279 2358 magisterium
1291 2329 1465 2359 assumatur,
1481 2326 1634 2351 Sententiis
1645 2335 1699 2361 per
1712 2327 1805 2362 ipsum
1816 2327 1940 2352 Parisiis
1955 2327 2044 2361 lectis,

266 2374 294 2396 et
306 2371 480 2396 continuatis
491 2371 737 2406 disputationibus
748 2372 906 2407 ceterisque
917 2372 1030 2398 actibus
1045 2373 1262 2407 magistralibus
1278 2374 1478 2408 magistrorum
1495 2374 1566 2399 dieti
1578 2374 1669 2400 studii
1683 2375 1711 2400 in
1728 2375 1827 2401 eadem
1842 2375 1984 2409 facultate
1996 2384 2048 2411 per

267 2422 355 2444 totam
369 2419 491 2454 hyemem
505 2423 571 2455 post
583 2421 669 2454 finem
681 2420 776 2445 dictae
788 2420 914 2445 lectur-ae
926 2429 1015 2455 usque
1031 2421 1070 2446 ad
1080 2423 1185 2455 festum
1200 2422 1427 2447 Restm-rectionis
1440 2422 1552 2447 Domini
1564 2426 1628 2448 tunc
1641 2423 1806 2449 immediate
1817 2433 1938 2459 sequens
1952 2424 2046 2449 debite

265 2468 466 2502 frequentatis,
489 2469 516 2493 si
532 2477 586 2503 per
604 2477 687 2494 suam
703 2472 729 2494 et
751 2468 874 2494 aliorum
891 2471 1090 2503 magistrorum
1111 2470 1181 2495 dicti
1201 2470 1292 2496 studii
1311 2470 1474 2504 diligentem
1495 2471 1737 2497 eoeaminationem
1753 2473 1894 2505 sufficiens
1917 2477 2045 2508 repertus

266 2516 418 2546 exstiterit,
429 2517 589 2551 magisterii
602 2517 734 2543 honorem
746 2517 884 2543 concedat
894 2518 909 2543 ¹.
923 2519 988 2544 Dat.
1002 2519 1082 2552 apud
1093 2519 1306 2545 Villamnovam
1316 2520 1450 2545 Avinion.
1463 2520 1537 2546 dioc.
1553 2520 1589 2554 xij
1606 2521 1662 2547 kal.
1675 2521 1808 2555 Augusti,
1822 2529 1900 2547 anno
1911 2522 2043 2555 septimo.

267 2574 281 2588 «
296 2564 355 2590 Viri
370 2572 446 2591 sacre
459 2565 589 2591 lectionis
603 2575 627 2591 ».

1279 2604 1354 2633 1359,
1370 2604 1433 2630 dulit·
1442 2605 1482 2634 21,
1499 2606 1567 2637 apud
1578 2605 1758 2631 Villamnovam.

270 2634 332 2665 Reg.
346 2635 403 2657 Vat.
420 2635 499 2658 Aven.
518 2636 662 2659 Innocentii
675 2637 717 2665 VI,
733 2637 785 2660 vol.
805 2637 868 2663 XXl‚
890 2637 934 2660 sol.
954 2638 1007 2660 572.

268 2717 291 2740 1.
308 2718 354 2740 An.
374 2718 442 2747 1361,
466 2719 537 2749 Sept.
557 2720 595 2747 25,
611 2719 666 2750 jam
685 2720 811 2751 magister
829 2724 853 2743 et
874 2729 968 2752 regens
990 2721 1100 2744 Parisiis
1122 2721 1171 2744 fuit
1194 2721 1255 2751 (vid.
1281 2722 1350 2745 infra
1372 2727 1400 2745 n⁰
1422 2723 1500 2752 1256).
1520 2724 1567 2746 An.
1587 2723 1655 2749 1363,
1679 2731 1738 2746 eum
1760 2726 1890 2753 regentem
1913 2722 2042 2745 Avenione

172 2761 328 2791 reperimus,
347 2765 372 2784 et
389 2762 473 2793 April.
492 2763 520 2786 17
538 2763 571 2786 ab
587 2764 726 2787 Urbanov
739 2765 892 2788 mandatum
910 2765 1012 2796 recipit,
1032 2769 1061 2788 ut
1075 2766 1182 2788 Nicolao
1204 2766 1234 2789 de
1256 2766 1330 2790 Senis
1353 2767 1436 2797 ejusd.
1456 2767 1529 2796 O1·d.‚
1552 2767 1595 2798 qui
1613 2767 1768 2796 Florentiae,
1788 2767 1862 2789 Senis
1882 2770 1907 2789 et
1924 2766 1949 2788 in
1967 2767 2040 2789 Rom.

173 2804 246 2828 curia
262 2805 345 2828 lector
370 2806 469 2829 exstitit
487 2808 559 2838 (Reg.
583 2808 663 2832 Aven.
682 2809 748 2832 Urh.
766 2809 795 2838 V,
814 2810 867 2832 vol.
882 2810 923 2838 Vl,
943 2810 988 2833 sol.
1011 2809 1093 2839 38522),
1112 2810 1295 2841 magisterium
1316 2810 1341 2833 in
1358 2811 1491 2842 theologia
1507 2813 1633 2839 conserat,
1649 2815 1674 2834 et
1694 2811 1785 2834 Octol).
1807 2812 1842 2839 18,
1862 2814 1890 2833 ut
1914 2811 1989 2833 Petro
2009 2810 2040 2832 (10

173 2848 268 2878 Aretio,
280 2849 363 2880 ejusd.
380 2850 452 2879 Ord.‚
473 2851 682 2882 qui'Sententias
698 2853 846 2876 Florentiae
862 2853 933 2884 legit,
951 2857 976 2876 ct
994 2862 1062 2876 nunc
1077 2854 1209 2877 Avenione
1221 2855 1312 2883 lector,
1329 2858 1354 2878 et
1369 2855 1401 2877 ad
1412 2855 1537 2886 legendas
1557 2855 1704 2878 Scntentias
1719 2854 1828 2877 Parisiis
1845 2857 1884 2877 est
1899 2854 2038 2884 deputatus

173 2891 258 2922 (ibid.‚
274 2893 320 2916 fol.
333 2894 399 2925 487),
411 2895 535 2918 'eamdem
549 2895 682 2919 licentiam
696 2897 804 2922 tribuat<
821 2897 879 2920 Vid.
896 2898 927 2920 (10
944 2898 1081 2929 Radolpho
1095 2903 1145 2921 num
1161 2901 1323 2930 sequentem.
