2488 3386
194 337 289 373 1391]
612 349 658 370 AB
693 349 798 370 Anno
832 348 964 370 MCCCL
992 348 1123 376 USQUE
1160 349 1207 369 AD
1243 348 1505 369 BENEnrci-UM
1541 349 1632 369 xui.
1988 339 2051 371 523

191 435 276 455 num
298 423 451 456 Gontier
472 423 722 467 prisionatuim
746 428 957 466 apostatam,
980 428 1189 466 suspectum
1212 428 1244 454 et
1267 421 1611 454 excommunicatum
1633 421 1669 453 in
1691 421 1812 454 habitu
1835 434 1905 466 quo
1926 428 2051 466 captus

190 489 256 522 fuit
283 496 317 522 et
344 488 450 522 nobis
478 489 680 529 restitutus⁷
709 488 999 526 transmittimus,
1024 500 1062 520 ac
1090 500 1154 532 pro
1181 487 1369 532 punitione
1395 487 1575 531 condigna
1602 499 1665 532 per
1685 500 1749 520 vos
1777 495 1836 520 aut
1862 488 2051 532 deputatos

190 562 332 589 vestros
357 555 426 588 sihi
448 555 667 600 imponenda
691 554 915 587 destinamus
930 554 1048 595 vobis,
1072 566 1137 587 seu
1163 566 1180 586 a
1200 553 1306 586 vobis
1324 553 1517 598 deputatis,
1540 554 1657 597 quoad
1679 554 1840 597 ejusdem
1864 555 2051 599 prisionati

192 622 503 662 examinationem⁷
526 621 805 666 correptionem7
834 632 872 653 ac
894 632 1068 653 excessus
1090 620 1314 665 punitionem
1331 621 1432 664 juxta
1453 619 1684 664 quantitatem
1707 620 1945 664 demeritique
1967 632 2053 665 qua-

191 689 382 721 litatem....
406 689 445 720 111
472 689 575 732 cujus
597 687 648 720 rei
676 687 922 720 testimonium
951 687 1110 732 sigillum
1140 693 1303 719 nostrum
1331 685 1563 731 presentibus
1590 686 1721 718 litteris
1749 686 1916 719 duximus
1944 699 2053 731 appo-

193 755 363 788 nendum.
387 756 514 787 Datum
536 754 782 787 Autissiodori
804 753 928 786 ultima
949 754 1007 786 die
1029 754 1125 794 Maii7
1149 765 1242 786 anno
1266 753 1407 785 Domini
1432 754 1528 785 1389.

1645 821 1768 858 Honz
1776 831 1840 851 11οΝ
1852 821 1875 851 ³.

285 918 353 941 Bibl.
367 921 420 941 nat.
437 918 521 941 Pan-is.
538 926 585 941 ms.
603 919 647 941 lat..
667 918 742 941 12849
759 920 862 949 (apogr.
879 926 947 942 saec.
964 920 1038 947 xxv),
1055 918 1099 941 sol.
1118 919 1157 941 47.
1171 932 1201 935 —
1219 918 1286 945 But,
1306 918 1346 945 lv,
1363 918 1417 946 640,
1434 917 1539 941 omnino
1555 925 1686 940 mancum.

286 1003 308 1025 1.
326 1003 438 1026 Roberto
455 1002 566 1025 Cardon.
584 1016 614 1020 —
633 1004 655 1025 2.
677 1002 740 1026 Ord.
757 1003 860 1030 Prned.,
877 1002 934 1025 scil.
953 1002 1091 1025 Mauritius
1110 1002 1141 1025 de
1154 1002 1297 1033 Collengis.
1311 1002 1368 1025 Vid.
1382 1006 1411 1024 n⁰
1431 1002 1500 1028 1574,
1521 1005 1574 1024 not.
1592 1003 1612 1024 2.
1630 1002 1661 1025 Ul
1684 1010 1713 1025 ex
1731 1002 1890 1033 supradictis
1910 1007 1935 1026 et.
1955 1008 1983 1025 n⁰
1999 1004 2058 1026 1574

194 1050 312 1077 apparet,
327 1047 384 1077 ipse
402 1047 571 1069 adversarius
586 1047 797 1077 propositionum
807 1047 935 1070 ‹lohannis
950 1047 980 1070 de
994 1047 1145 1070 Montesono
1161 1046 1219 1070 suit.
1230 1047 1284 1070 —3.
1299 1046 1357 1069 Bul.
1376 1046 1488 1069 omittit:
1503 1055 1513 1069 <t
1526 1055 1583 1069 cum
1601 1055 1695 1078 magno
1758 1055 1918 1078 apparere».
1935 1062 1960 1064 -
1973 1049 1996 1071 [a.
2008 1049 2056 1071 ΜΞ.

194 1092 253 1115 add.
271 1102 283 1112 α
302 1091 419 1122 sigillum
436 1091 460 1114 in
480 1100 537 1114 cera
553 1091 633 1114 ruben
649 1091 743 1122 pendet
759 1100 780 1114 1).

199 1241 338 1277 1576.
364 1250 513 1275 Hevocatio
529 1252 611 1284 facta
623 1259 676 1285 per
690 1251 809 1283 fratrem
830 1249 1008 1284 Gauffridum
1024 1249 1059 1275 de
1074 1252 1178 1275 Sancto
1196 1250 1330 1284 Mat-tino,
1353 1249 1418 1275 Ord.
1436 1249 1540 1275 Praed.

1310 1337 1385 1365 7389,
1402 1337 1472 1362 dunis
1482 1337 1524 1365 22,
1541 1337 1586 1364 24.
1603 1337 1647 1365 28,
1664 1337 1776 1363 Parisiis,

285 1417 325 1449 In
347 1416 492 1448 nomine
519 1416 677 1455 Domini.>
702 1427 818 1448 amen.
841 1417 947 1448 Anno
971 1415 1014 1448 ab
1035 1416 1283 1448 incarnatione
1308 1416 1471 1460 ejusdem
1500 1416 1644 1448 Domini
1668 1416 1859 1449 millesimo
1886 1424 2062 1450 trecente-

199 1484 290 1516 simo
316 1483 565 1527 octuagesimo
588 1494 698 1523 nono,
722 1482 921 1515 indictione
943 1482 1170 1517 duodecima,
1193 1483 1331 1515 mensis
1356 1483 1453 1515 Junii
1481 1483 1539 1515 die
1563 1483 1734 1515 vicesima
1762 1490 1896 1527 quarta„
1921 1484 2064 1528 pontifi-

197 1557 297 1583 catus
386 1549 585 1583 Clementis
603 1549 722 1582 divina
745 1549 973 1594 providentia
995 1561 1084 1594 pape
1102 1549 1246 1594 septimi
1263 1561 1356 1582 anno
1374 1549 1581 1589 undecimo,
1599 1550 1636 1581 in
1653 1550 1845 1582 reverendi
1866 1550 1901 1582 in
1919 1550 2064 1583 Christo

200 1617 310 1662 patris
331 1623 366 1649 et
389 1616 526 1649 domini
551 1615 727 1649 Johannis
748 1615 1007 1649 Ambianensis
1028 1616 1226 1660 episcopi¹‚
1247 1615 1511 1649 venerabilium
1537 1628 1576 1649 ac
1602 1616 1948 1661 circumspectorum
1970 1618 2065 1650 viro—

198 1696 274 1716 rum
298 1683 553 1728 magistrorum
577 1689 611 1715 et
635 1682 863 1715 dominorum
886 1682 1061 1715 Johannis
1083 1683 1226 1716 Caverii
1248 1683 1400 1715 rectoris
1423 1683 1678 1716 Universitatis
1699 1684 1808 1716 studii
1835 1684 2065 1725 Parisiensis7

198 1750 415 1784 Christosori
439 1750 482 1782 de
506 1750 715 1794 Cugnerii&
737 1749 912 1782 Johannis
934 1749 1103 1783 Columbi
1125 1749 1275 1782 Ordinis
1296 1750 1444 1782 fratrum
1468 1751 1662 1790 Minorum,
1686 1750 1863 1795 Alphonsi
1886 1751 1929 1783 de
1952 1752 2067 1783 Bona-

198 1817 282 1850 villa
305 1828 404 1849 sacre
433 1816 616 1861 theologie
645 1816 847 1856 doctorum,
871 1816 1013 1849 Ricardi
1039 1815 1179 1849 abbatis
1208 1816 1327 1849 Sancti
1360 1817 1503 1849 Martini
1530 1817 1736 1853 Trecensis,
1768 1817 1862 1849 Petri
1891 1817 1934 1849 de
1963 1818 2070 1862 Lupi-

199 1890 335 1923 11101116,
363 1883 505 1916 Ricardi
533 1883 578 1915 de
609 1882 785 1916 Fontibus
808 1883 1037 1915 decretorum
1067 1883 1270 1923 doctorum7
1299 1883 1481 1917 Guidonis
1510 1883 1662 1916 Guarini
1682 1884 1861 1916 facultatis
1889 1884 2066 1916 medicine

202 1950 378 1995 magistri,
397 1949 571 1982 Johannis
593 1949 684 1982 Fioti
707 1949 868 1990 Francie,
886 1949 1061 1982 Johannis
1084 1951 1278 1982 Houssette
1300 1949 1380 1982 loco
1402 1950 1576 1990 Picardie„
1594 1950 1771 1983 Johannis
1789 1950 1966 1983 Manchon
1988 1951 2068 1983 loco

202 2017 409 2057 Norinanie,
428 2016 560 2048 Mathei
582 2016 722 2049 Roder²
745 2016 825 2049 loco
842 2016 1043 2061 Anglicane
1065 2017 1249 2049 nationum
1274 2023 1546 2061 procuratorum
1569 2017 1605 2049 111
1626 2017 1753 2049 artium
1775 2017 1941 2050 facultate
1958 2018 2069 2062 magi-

202 2090 373 2123 strorum,
404 2083 716 2127 plurimorumque
744 2082 897 2116 aliorum
926 2083 1114 2116 doctorum
1143 2090 1177 2116 et
1207 2084 1463 2128 magistrorum
1494 2090 1662 2128 quattuor
1690 2083 1895 2116 facultatum
1928 2084 2069 2128 predic-

201 2157 316 2183 tarum
417 2149 613 2194 presentia,
636 2149 878 2194 personaliter
898 2150 1118 2183 constitutus
1147 2150 1256 2183 frater
1277 2150 1496 2183 Gauss‘redus
1518 2150 1561 2182 de
1584 2151 1712 2183 Sancto
1735 2150 1888 2183 Martino
1908 2150 2067 2183 Jacobita

202 2217 351 2250 Ordinis
372 2217 520 2249 fratrum
544 2216 813 2249 Predicatorum
835 2223 1037 2249 conventus
1059 2217 1290 2255 Parisiensis,
1313 2217 1373 2261 qui
1396 2217 1514 2249 dictus
1537 2217 1754 2249 Gauffredus
1776 2229 1853 2249 611111
1882 2223 1983 2249 antea
2005 2229 2068 2262 per

202 2284 351 2328 longum
374 2290 517 2327 tempus
538 2283 668 2315 suisset
688 2283 820 2315 virtute
841 2283 1029 2327 cujusdam
1053 2283 1153 2328 regie
1174 2284 1445 2316 commissionis
1471 2290 1596 2328 captus
1623 2290 1657 2316 et
1687 2283 1819 2316 deinde
1848 2284 1963 2316 statim
1987 2291 2069 2328 post

203 2351 282 2394 ejus
304 2350 504 2395 captionem
528 2350 669 2394 positus
691 2356 726 2382 et
746 2349 916 2382 detentus
938 2350 974 2382 in
991 2350 1199 2383 carceribus
1220 2350 1356 2383 domini
1379 2350 1541 2395 episcopi
1565 2350 1692 2390 Paris.7
1715 2362 1928 2394 comparens
1950 2350 2067 2383 dictus

204 2417 423 2450 Gauffredus
444 2428 563 2449 coram
586 2416 733 2449 domino
755 2416 897 2449 officiali
919 2417 1116 2450 Parisiensi
1138 2429 1176 2450 36
1192 2416 1391 2449 venerabili
1413 2417 1490 2449 viro
1513 2417 1686 2461 magistro
1709 2416 1866 2449 Roberto
1888 2417 2066 2458 Cardon³,

205 2490 288 2516 tunc
311 2495 374 2528 pro
397 2483 458 2515 illo
486 2490 648 2527 tempore
671 2489 823 2523 rectore,
846 2495 885 2516 ac
907 2483 1088 2528 deputatis
1110 2484 1334 2528 singularum
1358 2483 1563 2515 facultatum
1587 2490 1620 2515 et
1641 2483 1838 2519 nationum,
1863 2496 1934 2515 non
1955 2484 1989 2515 vi
2010 2491 2067 2516 aut

205 2557 301 2582 metu
402 2549 621 2582 ordinationi
643 2556 677 2582 et
698 2549 933 2594 dispositioni
955 2550 1107 2583 rectoris
1132 2557 1165 2583 et
1189 2550 1436 2583 universitatis
1456 2550 1566 2582 studii
1589 2550 1805 2582 parisiensis
1827 2550 1993 2582 submisit
2016 2562 2067 2582 56.

206 2616 345 2649 Deinde
378 2616 495 2648 dictus
530 2616 748 2649 Gauss'redus
778 2616 844 2649 suit
875 2617 1097 2649 examinatus
1128 2629 1238 2661 super
1268 2617 1376 2649 certis
1406 2616 1567 2649 articulis
1598 2623 1631 2648 et
1663 2616 1975 2661 propositionibus
2008 2629 2069 2661 per

206 2683 390 2716 dominum
409 2682 596 2714 officialem
614 2682 871 2720 parisiensem,
890 2690 1065 2716 rectorem
1085 2690 1119 2716 et
1135 2683 1326 2728 deputatos
1346 2683 1599 2715 Universitatis
1616 2683 1844 2715 Parisiensis.
1865 2684 1906 2715 Et
1924 2695 2069 2727 respon-

207 2749 373 2782 sionibus
403 2749 505 2781 sactis
530 2760 592 2792 per
617 2749 750 2781 dictum
779 2749 1027 2789 Gauffredum,
1050 2750 1176 2782 iterato
1199 2750 1316 2782 (lictus
1339 2749 1556 2782 Gausfredus
1583 2749 1751 2781 submisit
1779 2761 1817 2781 se
1850 2749 1942 2781 sicut
1968 2749 2068 2793 prius

207 2816 340 2848 dictum
360 2821 426 2847 est.
446 2815 606 2847 Ulterius
628 2815 745 2848 dictus
763 2816 982 2849 Gauffredus
1005 2828 1045 2848 ex
1067 2828 1250 2849 consensu
1273 2823 1306 2848 et
1328 2816 1569 2860 permissione
1592 2816 1743 2848 rectoris
1765 2823 1798 2848 et
1819 2816 2069 2848 Universitatis

208 2882 317 2915 studii
340 2882 557 2914 Parisiensis
579 2893 647 2913 una
669 2893 747 2913 cum
770 2882 920 2915 custode
942 2883 1223 2915 carcerariorum
1248 2883 1382 2914 domini
1406 2882 1567 2926 episcopi
1591 2882 1806 2914 parisiensis
1827 2893 1932 2920 anno,
1956 2881 2069 2914 indic—
