2488 3386
1028 367 1194 389 TABULA.
1977 357 2043 389 685

176 440 2040 452 ————-———-——-

178 634 239 657 1528

179 735 239 759 1529

179 838 240 861 1530

179 895 237 918 1531

179 1020 239 1043 1532

181 1122 241 1145 1533

182 1269 256 1292 1533ss

183 1416 243 1439 1534

183 1518 244 1542 1535

183 1576 244 1599 1536

186 1826 246 1849 1537

186 1884 247 1907 1538

186 1941 248 1964 1539

187 1999 248 2022 1540

188 2056 247 2079 1541

189 2136 249 2159 1542

190 2238 250 2261 1543

190 2340 201 2362 1
206 2340 251 2363 544

193 2487 252 2509 1545

193 2589 254 2612 1546

195 2692 254 2714 1547
300 2726 302 2728 Ι

195 2749 255 2772 1548

197 2852 208 2874 1
213 2852 257 2874 549

485 632 546 656 Maii
563 632 633 656 15-17

461 734 623 766 Septembris
643 735 656 757 5

466 836 636 860 Novembris1

455 894 609 918 Novembris
626 894 667 916 29-

469 925 620 949 Decembris
637 926 651 947 3

463 1019 612 1043 Decembris
629 1019 658 1041 16

504 1121 590 1145 Martii
607 1122 620 1144 2

494 1268 591 1299 Aprilis
607 1269 636 1291 28

513 1415 586 1438 Junii
601 1416 616 1437 4

536 1530 565 1535 —
588 1518 616 1540 13

511 1575 574 1599 Julii
591 1576 620 1598 30

464 1900 671 1907 .........

466 2015 674 2022 .........

467 2073 674 2080 .........

467 2136 627 2168 Septembris
644 2136 672 2158 12

470 2238 625 2262 Novembris
641 2239 669 2261 17

542 2355 573 2358 —
644 2340 670 2363 21

492 2487 612 2512 Januarii
627 2487 656 2509 13

527 2590 588 2613 Maii
603 2591 618 2612 9

543 2692 619 2715 —17

518 2750 589 2773 Junii
605 2751 634 2773 ‘32

504 2851 601 2883 Aprilis
623 2853 653 2875 30

725 507 805 532 Actio
818 507 974 532 Facultatis
986 508 1172 531 Decrecorum
1190 511 1289 531 contra
1307 514 1383 537 may.
1399 507 1542 531 Amelium
1556 509 1588 531 de
1600 507 1706 536 Brolio,
1720 508 1807 537 ejusd.
1823 508 1921 538 facult.

1168 561 1283 585 (Continet
1295 563 1328 579 n⁰¹
1342 561 1473 584 1528-1531.)

693 630 815 654 Facultas
840 631 1003 653 decretorum
1028 638 1116 653 coram
1141 630 1306 653 Parlamento
1332 633 1412 661 negat
1435 639 1505 661 mag.
1528 630 1654 653 Amelium
1679 631 1709 653 de
1728 631 1825 659 Brolio,
1843 634 1871 654 ut
1895 634 1954 654 actu

724 678 866 706 regentem,
882 683 960 706 posse
977 674 1119 697 matutinas
1132 674 1256 697 lectiones
1273 676 1356 698 facere
1360 692 1952 700 ........................
1998 676 2045 699 425

694 733 818 764 Tempus,
833 733 926 755 modus
937 736 962 755 et
978 734 1062 756 forma
1074 732 1231 763 prolationis
1243 732 1387 755 sententiae
1402 732 1586 756 Universitatis
1600 732 1756 755 Parisieusis
1772 741 1820 764 pro
1833 734 1954 756 facultate

726 778 889 800 decretorum
908 780 1000 800 contra
1017 777 1152 799 dominum
1171 777 1300 800 Amelium
1318 777 1349 799 de
1367 776 1455 800 Brolio
1460 794 1953 802 ....................
1998 778 2043 800 431

694 835 810 858 Amelius
828 835 859 858 de
874 834 962 857 Brolio
978 838 1002 857 et
1019 835 1130 857 facultas
1144 835 1308 857 decretorum
1323 834 1476 857 continuant
1490 834 1667 857 defensionem
1672 851 1952 857 ............
1999 836 2046 858 432

695 893 816 916 Facultas
833 893 997 915 decretorum
1012 895 1037 915 et
1053 892 1169 915 Amelius
1185 892 1216 915 de
1229 892 1317 915 Brolio
1333 892 1358 914 in
1372 892 1426 915 litis
1444 892 1627 923 prosecutione
1644 892 1759 915 rationes
1774 900 1835 915 suas
1851 895 1956 915 contra-

726 937 780 960 rias
798 937 883 968 magis
899 936 1020 968 explicite
1035 937 1172 959 declarant
1175 953 1955 960 ...............................
2000 938 2047 960 433

696 1022 842 1045 Matthaeus
858 1021 967 1045 Doliarii
982 1021 1082 1052 publici
1094 1021 1162 1052 juris
1179 1021 1240 1044 facit
1255 1021 1402 1052 epistolamv
1420 1029 1470 1052 qua
1485 1021 1649 1044 Universitas
1665 1021 1749 1044 Paris.
1764 1021 1787 1044 ei
1802 1021 1916 1052 injungit
1930 1024 1959 1044 ut

727 1074 797 1097 mag.
815 1066 961 1089 ,Iohannem
977 1065 1120 1088 Blanchart
1134 1073 1222 1088 coram
1242 1065 1419 1088 Universitate
1434 1065 1608 1096 personaliter
1630 1065 1700 1088 citet.
1714 1076 1718 1078 ·
1718 1082 1957 1090 ..........
2002 1063 2050 1085 439

697 1124 816 1148 Clemens
830 1124 876 1146 vn
903 1123 1060 1146 cancellario
1079 1124 1143 1146 eccl.
1162 1123 1246 1146 Paris.
1266 1122 1389 1154 injungit,
1405 1126 1434 1146 ut
1453 1123 1611 1154 Berengario
1631 1123 1662 1146 de
1682 1123 1797 1152 Gonicis,
1815 1123 1877 1147 Ord.
1898 1125 1958 1146 frat.

728 1168 799 1197 Min.,
812 1168 838 1191 in
852 1168 985 1198 theologia
997 1167 1064 1196 bac.⁷
1079 1168 1112 1190 ad
1127 1167 1267 1198 legendum
1280 1167 1378 1190 librum
1394 1167 1587 1190 Sententiarum
1599 1168 1685 1190 locum
1701 1167 1818 1198 assignet
1830 1171 1855 1190 et
1867 1167 1959 1190 deinde

729 1212 876 1243 magisterii
891 1212 1016 1235 honorem
1031 1215 1056 1235 et
1067 1212 1177 1235 docendi
1193 1212 1325 1234 licentiam
1342 1211 1472 1242 largiatur
1475 1228 1958 1236 ....................
2004 1208 2048 1231 441

699 1270 819 1294 Definitio
842 1270 958 1301 Capituli
985 1269 1150 1293 Cluniacens.
1175 1278 1222 1300 per
1245 1277 1323 1300 quam
1346 1273 1488 1292 renovatur
1512 1272 1639 1292 statutum
1663 1269 1728 1292 alias
1753 1270 1849 1292 factum
1871 1273 1961 1292 eontra

729 1315 841 1346 priores,
860 1314 904 1345 qui
922 1314 1018 1337 debent
1035 1314 1137 1337 mittere
1153 1314 1286 1337 scholares
1304 1313 1429 1343 Parisios,
1446 1314 1515 1344 quod
1529 1317 1650 1337 tenentur
1665 1314 1697 1336 ad
1712 1313 1842 1344 integram
1857 1313 1962 1344 pensio-

730 1368 789 1382 nem
805 1368 834 1382 ac
848 1359 870 1381 si
886 1358 1022 1382 misissent
1025 1375 1549 1382 .....................
1570 1378 1574 1382 .
1594 1375 1960 1382 ...............
2005 1358 2050 1381 441

701 1418 804 1440 Statuta
822 1417 955 1440 facultatis
971 1416 1118 1447 theologiae
1137 1416 1220 1439 Paris.
1241 1416 1272 1439 de
1294 1415 1463 1438 admittendis
1484 1416 1516 1438 ad
1536 1416 1664 1439 lecturam
1687 1416 1879 1439 Sententiarum
1895 1419 1919 1438 et
1932 1416 1962 1439 de

731 1461 936 1489 Quaestionibus
953 1461 1079 1484 faciendis
1084 1477 1960 1485 ...................................
2006 1460 2050 1483 441

700 1519 834 1544 Ordinatio
847 1519 980 1542 facultatis
996 1519 1160 1541 decretorum
1173 1518 1204 1541 de
1217 1518 1397 1541 emendatione
1409 1521 1433 1540 et
1443 1518 1603 1540 correctione
1613 1518 1787 1549 quorumdam
1800 1526 1962 1541 excessuum.
2007 1519 2054 1541 442

701 1577 813 1600 Litterae
831 1576 918 1600 Caroli
933 1577 975 1604 VI,
996 1576 1066 1607 regis
1088 1577 1257 1603 Francorum,
1277 1575 1372 1607 quibus
1385 1575 1536 1606 jurisdictio
1552 1575 1744 1598 conservatoris
1762 1575 1963 1606 privilegiorum

732 1621 918 1645 Universitatis
936 1621 962 1643 in
976 1620 1173 1652 perturbatores
1190 1620 1389 1651 suppositorum
1405 1620 1575 1643 confirmatur
1579 1636 1963 1645 ................
2008 1621 2054 1644 444

1069 1705 1192 1729 Botulus
1215 1704 1403 1728 Uoziversz'tatis
1421 1704 1601 1729 Parisiensis.
2009 1706 2056 1728 445

1189 1759 1302 1782 (Continet
1312 1761 1344 1778 no·
1356 1759 1486 1782 κεῖ-1541.)

703 1826 811 1849 Articuli
827 1834 978 1849 communes
993 1826 1026 1848 ad
1043 1825 1202 1848 Clementem
1219 1825 1264 1848 VII
1268 1841 1963 1850 ............................
2010 1826 2056 1848 445

703 1884 812 1908 Rotulus
824 1883 1012 1914 magistrorum
1027 1883 1173 1914 regentium
1188 1882 1320 1905 facultatis
1335 1881 1482 1913 theologiae
1495 1882 1528 1904 ad
1545 1881 1703 1905 Clementem
1716 1882 1761 1904 VII
1764 1898 1964 1905 .........
2010 1884 2056 1905 446

746 1955 774 1959 -
824 1941 956 1964 facultatis
970 1941 1133 1964 decretorum
1138 1957 1964 1964 .................................
2009 1941 2055 1963 447

749 2013 779 2017 -
828 1999 960 2023 facultatis
976 1999 1120 2022 medicinae
1137 2014 1964 2022 .................................
2010 1998 2056 2021 448

750 2071 780 2074 ——
829 2057 961 2080 facultatis
977 2057 1073 2079 artium
1082 2072 1680 2079 ........................
1701 2075 1705 2079 .
1726 2071 1964 2078 ..........
2010 2056 2056 2078 449

706 2137 842 2161 Ordinatio
864 2137 979 2168 Capituli
995 2136 1126 2167 generalis
1145 2136 1207 2159 Ord.
1224 2135 1389 2159 CistereienS.
1407 2135 1438 2158 dc
1458 2135 1592 2158 mittendis
1615 2135 1780 2157 scholaribus
1796 2135 1829 2157 ad
1849 2134 1964 2157 studium

736 2182 885 2205 Parisiense
900 2185 925 2204 et
940 2181 972 2204 ad
988 2181 1040 2204 alia
1056 2180 1143 2203 studia
1161 2195 1965 2205 ................................
2011 2180 2056 2202 463

707 2241 839 2263 Statutum
858 2239 971 2262 nationis
996 2239 1206 2261 Normannorum
1227 2238 1257 2260 de
1278 2238 1354 2260 modo
1370 2237 1483 2268 eligendi
1506 2236 1643 2259 officiarios
1661 2236 1786 2268 nationis,
1802 2240 1827 2259 et
1848 2237 1879 2259 de
1894 2237 1968 2267 jura-

739 2287 824 2307 mento
840 2284 989 2306 eorumdem
1002 2298 1605 2306 ........................
1626 2301 1631 2305 .
1651 2298 1812 2304 .......
1832 2301 1837 2305 ,
1857 2298 1965 2304 .....
2011 2283 2057 2304 465

707 2343 826 2365 Clemens
848 2342 894 2364 Vll
914 2340 1043 2372 permittit
1064 2340 1178 2363 Johanni
1201 2340 1231 2362 dc
1254 2339 1395 2367 Florentia,
1418 2339 1481 2362 Ord.
1498 2339 1639 2361 Servorum
1664 2339 1689 2361 h.
1710 2338 1816 2368 Mariae,
1834 2338 1921 2362 licent.
1942 2339 1967 2361 in

734 2386 824 2414 theol„
846 2389 874 2408 ut
889 2386 921 2408 ad
942 2385 1004 2408 Ord.
1022 2385 1048 2408 S.
1068 2384 1200 2407 Benedicti
1220 2386 1347 2413 transeat,
1368 2382 1428 2414 quia
1448 2383 1474 2405 in
1492 2382 1612 2413 partibus
1632 2382 1757 2405 Clementi
1779 2383 1823 2405 Vll
1844 2383 1967 2414 subjectis

739 2439 789 2453 non
805 2433 844 2453 est
857 2430 946 2461 aliqua
959 2429 1051 2452 domus
1067 2429 1129 2453 Ord.
1147 2429 1287 2451 Servorum
1291 2444 1968 2453 ...........................
2012 2429 2059 2451 466

708 2489 827 2512 Clemens
843 2488 889 2510 Vll
904 2488 979 2510 Petro
995 2486 1123 2509 cardinali
1135 2486 1250 2514 mandat,
1267 2488 1295 2508 ut
1307 2485 1399 2516 puniat
1415 2485 1479 2507 istos
1493 2485 1596 2513 fratres,
1610 2485 1654 2515 qui
1670 2492 1682 2507 e
1697 2488 1825 2507 conventu
1842 2485 1969 2507 Minorum

739 2533 822 2556 Paris.
841 2532 1008 2555 baccalareos
1025 2534 1049 2554 et
1065 2531 1208 2559 scholares,
1222 2533 1357 2553 extraneos
1371 2532 1486 2558 vocatos,
1500 2529 1631 2559 ejecerunt
1633 2545 1968 2553 ..............
2014 2531 2060 2552 467

1918 2565 1922 2573 .

710 2591 795 2614 Causa
808 2590 875 2613 inter
890 2589 1017 2612 Amelium
1035 2589 1065 2611 de
1082 2588 1169 2610 Brolio
1185 2591 1209 2610 et
1228 2588 1377 2610 facultatem
1393 2587 1490 2609 decret.
1504 2586 1585 2609 Paris.
1601 2594 1689 2608 coram
1706 2586 1870 2609 Parlamcnto
1886 2587 1969 2609 Paris.

741 2635 836 2659 iterum
849 2634 1006 2665 inquiritur:
1024 2641 1091 2655 nova
1107 2635 1262 2663 argumenta
1277 2632 1310 2654 ab
1326 2635 1437 2662 utraque
1452 2634 1526 2661 parte
1544 2631 1689 2653 afferuntur
1693 2647 1969 2654 ............
2015 2633 2060 2655 468

711 2692 909 2724 Assignationes
923 2691 1138 2714 baccalarcorum
1155 2690 1218 2713 Ord.
1234 2689 1326 2712 Praed.
1344 2689 1368 2711 in
1386 2689 1472 2711 studio
1485 2688 1637 2711 Parisicnsi.
1656 2705 1662 2710 .
1682 2705 1688 2711 .
1709 2705 1714 2710 .
1735 2708 1739 2712 ,
1760 2705 1969 2712 .........
2015 2691 2060 2712 477

712 2751 796 2774 Causa
818 2750 885 2773 inter
901 2749 1129 2780 archiepiscopum
1152 2748 1371 2777 Rotomagenscm
1394 2750 1419 2769 et
1438 2745 1638 2769 Universitatcm
1662 2745 1745 2768 Paris.
1768 2754 1855 2768 corani
1880 2746 1971 2768 Parla-

744 2798 830 2818 mento
846 2794 934 2825 agitur
950 2794 981 2816 de
999 2793 1112 2824 quodam
1133 2792 1252 2814 scholare
1271 2791 1345 2814 Paris
1349 2806 1970 2815 .........................
2015 2792 2060 2814 477

713 2852 872 2876 Deliberatio
889 2852 1012 2876 Univers.
1030 2851 1061 2873 de
1081 2850 1254 2873 observandis
1270 2849 1381 2872 decretis
1396 2848 1497 2872 Urbani
1514 2849 1534 2871 V
1550 2848 1636 2879 quoad
1658 2847 1824 2870 baccalareos
1841 2847 1866 2869 in
1882 2848 1970 2876 theol„

745 2898 789 2928 qui
805 2900 866 2928 post
879 2897 1007 2919 lecturam
1025 2895 1219 2919 Sententiarum
1233 2902 1281 2925 per
1296 2893 1503 2925 quinquennium
1517 2893 1542 2915 in
1558 2892 1644 2915 studio
1661 2891 1744 2915 Paris.
1761 2894 1831 2914 stare
1843 2895 1972 2915 tenentur.
2016 2894 2062 2916 479
