2488 3386
448 374 509 405 180
1013 380 1338 403 CHARTULARIUM
1377 379 1566 401 UNIVERS.
1604 379 1732 400 PARIS.
2126 372 2128 375 '
2208 366 2308 403 [1368

446 457 539 489 dicte
570 456 706 500 capelle
737 456 797 500 qui
828 467 922 488 nunc
953 461 1008 487 est
1034 461 1068 487 et
1096 464 1330 487 successores
1360 453 1416 485 sui
1447 452 1611 484 redditus
1642 458 1676 484 et
1704 458 1902 496 proventus
1933 451 1976 484 ad
2004 458 2180 484 rectorem
2212 452 2307 485 dicte

447 523 583 568 capelle
606 535 669 567 pro
691 529 852 566 tempore
878 522 1090 554 existentem
1120 520 1364 565 pertinentes²
1391 519 1533 563 integre
1563 518 1765 563 percipiant
1793 530 1832 551 ac
1862 518 2023 550 divinum
2055 518 2211 551 officium
2243 530 2307 563 per

447 601 510 622 eos
537 589 673 621 ratione
695 588 788 620 dicte
814 587 951 632 capelle
977 587 1054 620 fieri
1082 586 1241 619 debitum
1270 586 1304 618 in
1327 585 1480 617 ecclesia
1507 584 1592 617 dicti
1618 585 1827 617 monasterii
1853 591 1912 617 aut
1938 584 2007 616 alio
2035 584 2116 617 loco
2142 596 2306 630 congruo

448 662 482 688 et
508 655 674 694 honesto,
698 655 741 687 de
771 666 841 698 quo
864 654 927 686 tibi
954 653 1150 693 videbitur,
1172 658 1347 697 perpetuo
1376 652 1493 683 facere
1515 657 1717 685 teneantur.
1741 652 1867 684 Datum
1891 652 2002 684 Rome
2023 651 2117 695 apud
2138 651 2305 684 Sanctum

448 723 589 754 Petrum
612 722 667 765 xvj
691 720 758 753 kal.
784 719 1010 758 Decembris,
1031 731 1124 752 anno
1146 719 1312 763 septimo.

540 820 601 849 Reg.
619 819 675 841 Vnt.
694 819 772 841 Aven.
793 817 892 840 Urbani
911 817 939 842 V.
956 817 1007 840 vol.
1024 817 1074 844 XX,
1098 817 1141 839 sol.
1157 816 1231 839 4111’.
1247 830 1277 833 —
1295 816 1370 839 Arcli.
1387 819 1439 839 nat.
1458 815 1540 839 Paris.
1556 816 1588 839 M.
1605 817 1660 843 67¹³,
1677 820 1706 838 n⁰
1722 816 1759 843 37,
1779 816 1850 839 bulla
1867 815 1965 838 inserta
1980 815 2154 838 instrumento
2172 823 2214 838 an.
2237 815 2308 844 1369,

446 864 510 894 Aug.
528 865 542 885 6
558 863 689 892 (Bulaeus,
714 862 753 890 lv,
773 862 831 889 ΙιἫς
850 861 903 884 vid.
927 869 1008 892 supra
1032 861 1156 890 n⁰1345)‚
1178 869 1228 891 quo
1249 869 1317 883 anno
1337 863 1362 883 et
1382 860 1424 883 «He
1446 860 1564 883 officialis
1583 860 1677 887 Paris„
1695 860 1879 891 praesentibus
1905 860 2035 883 Richardo
2055 860 2151 882 abbate
2168 863 2194 883 et
2208 863 2308 883 rectore

447 907 589 930 Universit.
609 910 633 930 et
648 906 780 937 deputatis
803 905 996 933 Universitatis,
1017 904 1145 927 concessit
1162 904 1294 927 licentium
1311 904 1498 934 commutandi,
1520 908 1547 927 ut
1569 904 1593 927 in
1616 905 1689 927 bulla
1707 904 1872 936 exprimitur.
1890 913 1900 926 t(
1917 906 1979 927 Acta
1999 906 2105 927 fuerunt
2123 904 2170 927 hec
2190 904 2308 928 Parisios

446 960 528 982 prope
543 954 708 982 pnrquetum,
726 950 770 973 uhi
786 950 912 973 sententie
927 951 1098 980 proferuntur
1110 949 1185 980 juxta
1202 957 1332 972 cumeram
1349 952 1466 972 nostrum
1482 949 1508 971 in
1524 949 1601 972 domo
1616 949 1761 980 episcopali
1778 957 1846 972 anno
1864 957 1878 972 a
1894 948 2035 972 Nativitate
2051 948 2154 971 Domini
2168 949 2308 972 millesimo

446 996 626 1019 trecentesimo
642 995 803 1026 sexagesimo
816 1002 891 1022 nono,
910 994 998 1016 indict.
1019 993 1139 1024 septima,
1154 993 1195 1016 die
1211 996 1283 1016 sextu
1299 993 1396 1016 mensis
1412 993 1532 1024 Augusti,
1551 993 1718 1024 pontificatus
1735 993 1895 1016 sanctissimi
1911 993 1936 1016 in
1953 993 2057 1016 Christo
2070 992 2154 1024 patris
2170 996 2196 1016 et
2209 992 2307 1016 domini

447 1040 529 1063 nostri
555 1040 653 1062 domini
678 1039 776 1062 Urbani
805 1038 892 1061 divina
915 1038 1079 1069 providentia
1103 1046 1170 1068 pape
1198 1038 1233 1060 V'·i
1256 1046 1323 1060 anno
1343 1038 1463 1068 septimo,
1483 1038 1651 1069 presentibus
1674 1037 1868 1061 venerabilibus
1891 1041 1916 1060 et
1938 1037 2058 1060 discretis
2083 1037 2148 1060 viris
2173 1037 2308 1069 magistris

446 1085 563 1107 Johunne
578 1084 702 1107 Tonsoris
718 1087 743 1106 ct
760 1083 904 1107 Guillermo
922 1082 985 1106 Miee
1001 1082 1026 1105 in
1042 1082 1115 1105 curia
1131 1082 1273 1105 Purisiensi
1292 1082 1436 1111 advocatis,
1455 1082 1590 1113 magistris
1607 1082 1752 1106 Guillermo
1769 1081 1967 1113 Carpentntoris
1983 1084 2008 1104 et
2024 1082 2143 1105 ,Iohanne
2161 1081 2307 1113 Ghaperou,

447 1129 580 1159 magistris
596 1128 621 1150 in
639 1128 751 1152 artibus.
767 1128 848 1150 Alano
866 1127 942 1156 Nudi,
963 1126 1061 1149 Jueobo
1080 1126 1174 1149 Foretii
1191 1130 1215 1149 et
1230 1127 1286 1150 Juc.
1303 1127 1459 1149 anassoris
1478 1126 1588 1149 bedellis
1605 1126 1792 1150 Universitatis
1808 1126 1925 1157 predicte
1940 1126 2058 1149 Pan-isius
2074 1126 2307 1154 commorantibus,

446 1173 556 1196 testibus
572 1173 604 1195 ud
619 1172 748 1203 premissa
766 1171 863 1194 vocatis
877 1171 1028 1202 specialiter
1040 1174 1065 1194 et
1080 1171 1180 1202 rogatis
1195 1180 1206 1193 »
1226 1171 1289 1200 (vid.
1304 1171 1382 1194 etium
1400 1171 1467 1200 But,
1484 1171 1526 1200 lv,
1540 1172 1603 1200 421).
1621 1171 1746 1194 Chartam
1759 1170 1960 1201 permutationis
1977 1170 2044 1193 inter
2059 1170 2193 1193 abbatiam
2211 1174 2237 1194 et
2249 1170 2311 1194 Uni-

445 1217 595 1240 versitatem
612 1219 662 1245 (nu.
676 1216 744 1244 1369,
761 1216 892 1247 Septemb.
908 1216 940 1245 2),
957 1224 1023 1246 quae
1039 1215 1104 1238 nihil
1121 1215 1180 1238 novi
1196 1215 1272 1238 affert
1282 1219 1307 1238 et
1323 1224 1403 1246 supru
1420 1215 1505 1246 positu
1522 1215 1625 1246 repetit,
1644 1215 1696 1238 vid.
1715 1216 1785 1246 apud
1801 1215 1938 1243 Bulaeum,
1956 1215 2038 1238 Me‘m.
2056 1215 2119 1239 hist.
2134 1222 2186 1239 sur
2201 1215 2226 1239 le
2239 1215 2308 1239 Prd-

445 1262 623 1288 ‹cuae-Oleros,
639 1269 664 1291 p.
683 1261 736 1283 136.

541 1346 560 1368 1.
581 1346 702 1367 Summus
718 1343 835 1374 pontifex
850 1344 981 1367 lirentinm
1000 1344 1177 1367 commutandi
1194 1344 1320 1367 concedit.
1336 1358 1366 1361 —
1382 1345 1404 1367 2.
1423 1345 1483 1375 ch.
1498 1352 1502 1366 z
1520 1352 1530 1365 n
1550 1343 1742 1375 pertinentibus
1758 1352 1779 1366 )).

451 1525 585 1561 1348.
610 1535 711 1559 Rector-
726 1533 831 1559 electus
848 1534 1016 1558 Franciscus
1032 1533 1067 1558 de
1084 1535 1110 1559 S.
1129 1532 1278 1559 Michaele.
1297 1534 1338 1558 De
1354 1534 1423 1560 4000
1436 1534 1547 1567 francis
1564 1534 1649 1569 episc.
1670 1534 1814 1559 Gamerae.
1829 1533 1989 1569 Episcopus
2005 1531 2188 1558 Lexoviensis
2203 1531 2310 1558 veniam

531 1583 605 1618 petil
620 1582 656 1608 ab
677 1582 872 1608 Universitate.
891 1583 931 1607 De
946 1581 1037 1607 rotulo
1059 1582 1264 1607 Universitatis.
1700 1570 1704 1571 ⁷

1423 1641 1497 1670 1388,
1515 1640 1631 1666 Octobris
1648 1640 1841 1666 ro-oecembm
1857 1640 1896 1670 16,
1911 1639 2024 1666 Parisiis.

536 1724 640 1756 Anno
663 1723 806 1755 Domini
830 1723 925 1763 1368,
950 1723 1066 1767 primo
1094 1723 1152 1755 die
1180 1723 1320 1767 legibili
1349 1723 1545 1764 ordinarie,
1568 1724 1705 1756 scilicet
1735 1724 1771 1756 in
1793 1723 1972 1756 crastino¹
1995 1722 2110 1756 sancti
2132 1721 2310 1767 Dyonisii,

448 1790 584 1822 electus
614 1790 681 1822 suit
708 1789 938 1822 concorditer
959 1789 1013 1822 via
1044 1789 1200 1834 Spiritus
1231 1790 1348 1822 Sancti
1380 1802 1443 1834 per
1471 1791 1552 1835 iiijor
1578 1791 1754 1823 intrantes
1785 1791 1820 1823 in
1854 1796 2030 1823 rectorem
2053 1788 2311 1823 Universitatis

448 1856 664 1889 Parisiensis
687 1856 901 1888 Franciscus
922 1855 966 1887 de
989 1856 1117 1888 Sancto
1139 1855 1314 1889 Michaele
1342 1857 1378 1889 in
1401 1857 1649 1902 Lothoringia,
1666 1857 1912 1891 Virdunensis
1933 1856 2115 1901 dyocesis,
2138 1855 2311 1900 magister

447 1923 482 1954 in
503 1922 652 1955 artibus.
676 1924 715 1954 In
737 1923 841 1966 cujus
858 1922 1012 1954 rectoria
1033 1923 1196 1966 quamvis
1213 1923 1321 1955 multa
1344 1923 1414 1956 sint
1436 1930 1523 1964 acta,
1543 1931 1660 1957 tamen
1682 1925 1763 1969 quia
1786 1924 1972 1956 hominum
1994 1922 2170 1955 memoria
2187 1921 2310 1955 brevis

447 1985 505 2025 sit,
528 1984 592 2017 hec
615 1996 683 2028 que
706 1990 908 2028 sequnntur
929 1984 964 2016 in
986 1983 1117 2017 litteris
1138 1991 1222 2017 sunt
1244 1985 1397 2018 redacta.

535 2051 653 2083 Primo
686 2050 808 2083 multis
836 2050 1185 2095 congregationibus
1211 2051 1404 2085 celebratis
1430 2065 1540 2097 snper
1561 2053 1712 2098 quadam
1742 2065 1879 2086 summa
1907 2064 2011 2097 quam
2039 2051 2140 2084 dedit
2161 2051 2311 2084 Univer-

447 2117 541 2150 sitati
563 2117 730 2149 dominns
751 2109 1046 2150 Cameracensis²
1067 2117 1128 2161 qui
1149 2117 1236 2150 obiit
1259 2130 1352 2151 anno
1374 2131 1445 2163 quo
1474 2131 1595 2164 supra.v
1617 2120 1661 2152 ad
1689 2119 1912 2152 fundandum
1943 2118 2104 2151 scolares
2135 2117 2308 2158 Parisius,

447 2184 588 2216 tandem
610 2184 704 2216 idem
728 2190 846 2215 rector
867 2183 1004 2228 recepit
1024 2190 1178 2228 quatuor
1199 2184 1296 2217 mille
1317 2185 1481 2218 francos³
1499 2193 1533 2219 et
1554 2193 1664 2219 totum
1682 2186 1718 2219 in
1740 2186 1941 2219 formaliter
1961 2185 2095 2218 francis
2113 2184 2216 2226 (Sic),
2239 2183 2310 2216 nisi

447 2249 543 2293 quod
571 2249 619 2281 ibi
648 2250 714 2281 suit
743 2249 895 2293 quedam
924 2250 1026 2282 mitra
1056 2250 1091 2282 in
1111 2250 1216 2283 vadio
1247 2263 1311 2295 pro
1341 2253 1405 2285 660
1432 2252 1578 2293 francis,
1601 2259 1636 2285 et
1666 2259 1779 2285 totum
1810 2251 2065 2285 includebatur
2093 2250 2130 2283 in
2157 2248 2310 2294 quadam

447 2315 550 2348 archa
572 2315 711 2347 duabus
734 2316 867 2348 tirmata
885 2315 1047 2348 clavibus
1069 2316 1103 2348 iu
1127 2316 1346 2350 thesauraria
1364 2319 1494 2351 Nostre
1513 2319 1665 2351 Domine
1687 2319 1905 2352 Parisiensis
1926 2317 2112 2350 collocata.
2136 2317 2180 2349 Et.
2200 2326 2311 2360 super

447 2381 514 2413 hoc
536 2382 678 2413 suerunt
701 2382 863 2413 conl‘ecte
884 2381 1003 2414 littere
1028 2382 1126 2427 regis
1153 2389 1185 2415 et
1216 2384 1468 2417 Universitatis
1490 2385 1532 2417 ad
1559 2385 1744 2418 dominum
1771 2397 1895 2430 papam
1919 2391 1954 2417 et
1973 2382 2179 2416 cardinales
2202 2381 2308 2414 duos.

536 2449 621 2480 Item
648 2448 683 2479 in
710 2448 775 2479 ista
802 2448 953 2480 rectoria
975 2449 1156 2481 concessit
1177 2449 1282 2482 nobis
1304 2450 1575 2484 illustrissimus
1601 2452 1754 2485 Carolus
1786 2453 2004 2484 Francorum
2036 2461 2099 2482 rex
2127 2447 2311 2494 quoddam

446 2513 633 2558 pulchrum
662 2513 781 2558 regale
810 2514 1054 2559 privilegium,
1076 2515 1213 2548 scilicet
1241 2517 1336 2560 quod
1367 2517 1399 2549 lx
1423 2517 1602 2558 homiues,
1626 2525 1709 2563 puta
1737 2518 1850 2551 nostri
1882 2517 2080 2550 servitores
2117 2527 2124 2548 ε
2155 2513 2310 2555 librarii,

447 2581 655 2625 scriptores,
680 2580 957 2621 illuminatores,
980 2583 1256 2626 pergamenarii,
1279 2584 1490 2625 stationarii,
1514 2586 1591 2618 suis
1612 2585 1822 2618 nominibus
1843 2584 2029 2624 nominati,
2052 2587 2082 2624 [a
2103 2587 2214 2628 gueto
2240 2580 2314 2614 sint

447 2647 601 2686 exemti],
630 2653 665 2678 ut
696 2646 731 2677 in
759 2646 888 2678 litteris
918 2647 1029 2691 regiis
1051 2659 1130 2680 cera
1158 2648 1235 2681 alba
1264 2650 1433 2694 sigillatis
1461 2662 1571 2695 super
1601 2651 1668 2684 hoc
1694 2651 1869 2684 consectis
1895 2649 2134 2683 continetur‘.
2159 2647 2313 2680 Nomina

446 2715 562 2746 suntss.
586 2714 663 2755 Que
691 2712 835 2756 quidem
859 2712 975 2744 littere
1007 2713 1041 2744 in
1070 2714 1174 2746 archa
1198 2716 1450 2749 Universitatis
1477 2724 1561 2750 sunt
1588 2717 1742 2759 recluse,
1766 2724 1801 2750 et
1827 2718 2056 2750 retinuerunt
2080 2726 2190 2748 unum
2211 2712 2314 2747 Vidi-

447 2781 554 2813 muss’.

535 2847 620 2878 Item
644 2857 722 2877 cum
752 2844 796 2877 lis
825 2845 1034 2877 movebatur·
1060 2846 1152 2878 inter
1173 2848 1351 2881 nationem
1376 2851 1663 2884 Normannorum
1686 2863 1750 2897 pro
1772 2863 1814 2884 eo
1837 2851 1933 2896 quod
1954 2861 2047 2894 equo
2069 2843 2191 2882 amo'to
2213 2851 2311 2888 [ver—

700 2919 703 2927 l

445 2912 589 2944 beratus
610 2911 686 2951 suit]
730 2911 904 2943 nuncius⁸
933 2912 1095 2955 ejusdem
1129 2914 1298 2956 nationis,
1331 2923 1368 2948 ut
1396 2918 1593 2960 asserebat,
1627 2930 1691 2963 per
1721 2918 1900 2963 quendam
1929 2916 2142 2950 familiarem
2171 2911 2311 2946 domini
