2488 3386
228 337 324 372 1387]
647 349 693 371 ΑΒ
728 349 834 370 ANNO
869 348 1000 370 MCCCL
1029 348 1160 376 USQUE
1197 348 1244 369 An
1281 347 1544 369 ssENEDic'rUM
1580 348 1670 369 xi11.
2026 338 2091 371 445

226 424 355 456 Donne
377 425 394 456 a
410 424 559 456 Vernon
580 434 643 455 sur
665 423 779 467 Sayne
800 421 834 454 le
854 425 935 454 xxxe
951 422 1038 466 jour
1058 421 1102 453 de
1118 420 1244 454 Juillet
1263 421 1332 453 l'an
1349 421 1393 453 de
1415 432 1521 465 grace
1544 420 1604 453 mil
1626 421 1804 454 troiscens
1827 423 1925 454 IIll¹x
1942 428 1976 455 et
1996 428 2087 467 sept,

227 496 262 523 et
282 489 326 522 de
348 496 473 522 nostre
494 492 606 534 regne
628 488 661 521 le
682 488 891 533 septiesme.
915 489 992 521 Par
1007 487 1037 520 le
1060 498 1128 532 roy
1143 499 1182 520 en
1201 498 1263 520 son
1281 492 1395 531 grant
1415 487 1557 526 conseil,

1667 544 1710 577 G.
1739 545 1910 578 CHANGls.

321 644 510 675 Apographum
530 643 640 666 membr.
660 651 785 666 coaevum
805 642 830 665 in
851 642 926 665 Arch.
943 644 996 665 nat.
1012 641 1094 664 Paris.
1114 641 1146 664 M.
1159 642 1188 664 66
1197 645 1216 665 ¹¹.
1237 645 1265 663 11ο
1281 641 1319 669 26,
1336 640 1385 663 sub
1405 641 1510 664 rubrica
1530 650 1533 652 ·
1554 650 1564 662 ‘‹
1582 641 1663 672 Copia
1678 641 1764 665 littere
1784 642 1855 672 regie
1873 649 1995 665 concesse
2012 642 2089 665 modo

226 689 378 720 subscripto
396 688 422 711 in
441 689 568 717 Vernone,
584 695 663 718 quam
679 686 844 710 Universitns
858 686 942 710 Paris.
954 685 1064 717 requirit
1079 685 1192 717 sigillari
1211 697 1230 707 1.

795 853 961 884 Rorutus
988 853 1265 885 U-vasasrrssls
1291 852 1527 883 Pamsmssns.

1675 905 1749 933 1387,
1765 904 1826 930 dulit·
1839 905 1879 930 37.

320 990 347 1012 In
363 990 420 1013 Lib.
435 996 516 1020 proc.
534 994 594 1014 nat.
613 990 726 1014 Picard.
743 989 806 1012 olim
825 989 972 1020 legebatur,
988 997 1030 1013 an.
1050 989 1110 1012 1386
1126 990 1214 1019 (1387),
1233 988 1320 1012 Martii
1339 989 1362 1016 9,
1384 987 1516 1010 nationem
1532 987 1702 1010 Picardorum
1723 987 1804 1010 fuisse
1825 988 1896 1018 apud
1917 988 1942 1010 S.
1960 988 2094 1011 Julianum

225 1035 371 1065 pauperem
394 1037 564 1058 convocatam
579 1038 605 1057 et
626 1037 814 1065 congregatam
834 1034 866 1056 ad
883 1034 1017 1065 eligendos
1038 1034 1222 1056 inrotulatorcs
1239 1032 1353 1056 nationis
1369 1041 1417 1063 pro
1435 1033 1521 1055 rotulo
1538 1032 1732 1060 Universitatis,
1752 1032 1785 1055 ad
1804 1032 1947 1055 taxandum
1968 1033 2093 1055 salarium

225 1078 345 1110 ipsorum
361 1082 385 1101 et
401 1078 484 1102 nuntii
502 1087 572 1110 mag.
592 1078 703 1102 Gerardi
723 1078 754 1102 de
776 1078 956 1109 Versigniaco,
973 1078 1038 1101 alias
1054 1086 1101 1109 per
1117 1078 1322 1101 Universitatcm
1342 1076 1459 1099 conclusi
1474 1076 1500 1099 in
1516 1076 1640 1099 nuncium
1656 1079 1680 1099 et
1695 1077 1856 1107 praesentati
1876 1077 2047 1100 Universitati
2069 1077 2093 1099 in

225 1123 429 1154 congregatione
444 1123 562 1155 generali
578 1123 649 1154 apud
665 1124 691 1148 S.
705 1123 865 1146 Maturinum
878 1131 925 1154 per
940 1126 1139 1153 procuratorem
1154 1122 1278 1145 nationis.
1296 1122 1484 1144 Inrotulatores
1503 1121 1615 1144 nationis
1636 1122 1740 1144 suerunt
1759 1124 1872 1152 quatuor
1889 1122 2010 1152 magistri
2026 1122 2095 1144 inst-a

224 1167 252 1190 in
267 1168 353 1190 rotulo
378 1167 549 1191 Picardorum
570 1171 631 1199 post.
648 1167 794 1191 Germ-dum
810 1168 841 1190 de
860 1167 1029 1198 Vox-signiaco
1051 1167 1205 1195 enumerati,
1226 1174 1338 1197 quorum
1360 1165 1486 1188 salarium
1508 1165 1556 1188 suit
1577 1167 1591 1188 4
1613 1165 1666 1189 alb.
1688 1174 1737 1196 pro
1755 1166 1948 1196 praesentibus,
1969 1169 1994 1189 et
2013 1167 2027 1188 8
2046 1174 2095 1196 pro

225 1212 390 1235 absentibus.
408 1212 540 1235 Salarium
558 1212 641 1235 nuntii
664 1212 712 1235 suit
728 1212 756 1234 16
773 1212 820 1235 sol.
837 1220 885 1243 pro
904 1211 1098 1242 praesentibus,
1116 1212 1144 1234 32
1164 1219 1212 1242 pro
1229 1210 1383 1233 absentibus
1405 1210 1472 1239 (Bul.
1493 1210 1535 1239 IV,
1557 1210 1621 1239 Glsi).
1646 1210 1731 1233 Simili
1752 1210 1829 1232 modo
1850 1210 1978 1241 agebatur
1993 1210 2019 1232 in
2035 1210 2094 1233 aliis

224 1256 376 1279 nationibus
390 1259 415 1279 et
431 1257 611 1280 facultatibus.
629 1256 726 1284 Quanti
745 1256 868 1279 momenti
885 1256 919 1279 sit
936 1256 985 1279 iste
1000 1256 1102 1279 rotulus
1118 1256 1151 1278 ad
1166 1255 1368 1286 distinguendos
1386 1255 1451 1278 duos
1467 1255 1567 1277 rotulos
1583 1263 1643 1277 ann.
1662 1255 1721 1277 1379
1739 1258 1764 1278 ct.
1781 1255 1850 1284 1383,
1864 1255 1919 1286 jam
1934 1255 1959 1277 in
1974 1255 2095 1286 superio-

224 1300 308 1329 ribus,
321 1299 482 1325 Introduct.
499 1301 532 1324 ad
549 1305 599 1323 num
616 1301 685 1330 1428,
700 1304 724 1324 et
737 1304 790 1324 not.
803 1301 836 1323 ad
854 1304 904 1323 num
919 1301 988 1328 1474,
1005 1300 1190 1323 indicavimus.

229 1386 371 1423 1537.
393 1395 538 1430 [Articuli
558 1405 726 1422 communes.
731 1396 750 1431 J

315 1490 610 1524 Clementissime
632 1492 812 1524 sanctitati
833 1498 953 1525 vestre
1060 1490 1241 1536 supplicat
1268 1489 1454 1522 humiliter
1475 1490 1604 1523 devota
1631 1489 1703 1522 filia
1729 1496 1847 1522 vestra
1870 1489 2096 1522 Universitas

225 1558 482 1603 magistrorum
509 1564 544 1591 et
571 1558 765 1591 scolarium
793 1558 953 1591 Parisius
981 1558 1206 1590 studentium
1233 1557 1403 1602 quatinus
1429 1556 1546 1589 eidem
1574 1556 1609 1588 in
1638 1568 1812 1601 personas
1840 1556 2094 1601 magistrorum

225 1623 540 1669 infrascriptorum
568 1624 746 1669 speciales
770 1625 904 1669 gratias
925 1624 1099 1657 facientes
1125 1623 1263 1656 eisdem
1292 1623 1476 1668 magistris
1583 1622 1785 1667 dignemini
1813 1622 2097 1655 misericorditer

225 1691 475 1735 providere...

314 1758 433 1790 Primo
462 1758 634 1803 dignetur
664 1758 835 1791 sanctitas
865 1765 997 1799 vestra,
1030 1764 1130 1803 pater
1160 1757 1384 1798 beatissime,
1413 1756 1615 1789 concedere
1645 1756 1742 1800 quod
1775 1768 1901 1788 omnes
1932 1755 2094 1800 magistri

225 1825 476 1869 cujuscunque
504 1824 684 1859 facultatis
712 1825 877 1869 ejusdem
900 1825 1157 1858 Universitatis
1179 1824 1346 1865 existant,
1369 1835 1470 1856 sacre
1498 1822 1694 1868 theologie,
1716 1822 1958 1863 decretorum,
1983 1822 2095 1855 medi-

224 1891 304 1923 cine
326 1897 361 1924 et
382 1891 524 1933 artium,
547 1891 624 1925 sive
650 1891 686 1924 in
709 1892 884 1936 presenti,
912 1892 988 1925 sive
1017 1892 1054 1924 in
1080 1891 1225 1924 duobus
1247 1892 1320 1935 jam
1343 1890 1460 1923 eidem
1487 1890 1665 1923 sanctitati
1687 1889 1895 1922 successive
1918 1890 2094 1933 porrectis

224 1957 354 1990 rotulis
382 1969 448 2002 pro
470 1957 595 1990 eadem
617 1958 861 1991 Universitate
887 1958 1048 1991 contenti
1069 1958 1213 2003 possint
1239 1958 1290 1990 uti
1317 1956 1458 1989 duabus
1485 1956 1619 2002 graciis
1640 1968 1710 1988 una
1735 1968 1814 1988 cum
1842 1955 2093 1988 nominacione

224 2024 324 2069 regia
345 2023 403 2057 vel
429 2024 587 2068 alterius}
607 2025 798 2069 regalium,
820 2025 932 2058 eciam
959 2025 1078 2070 quoad
1106 2023 1404 2069 incompatibilia,
1426 2023 1530 2056 etiam
1559 2023 1589 2056 si
1619 2023 1654 2055 in
1676 2035 1744 2055 una
1772 2022 1929 2067 ipsarum
1957 2022 2091 2054 mentio

224 2090 268 2123 de
290 2090 358 2123 alia
380 2103 453 2123 non
473 2090 704 2124 habeatur....

312 2158 401 2189 Item
424 2158 521 2202 quod
542 2158 578 2190 in
596 2157 909 2203 expectationibus
926 2165 961 2191 et
981 2157 1302 2190 reformationibus
1322 2157 1517 2202 gratiarum
1536 2168 1623 2201 quas
1645 2156 1681 2188 in
1698 2155 1804 2188 dictis
1827 2155 1954 2188 rotulis
1976 2155 2090 2200 pecie-

223 2230 320 2265 runt,
341 2223 496 2257 habeant
516 2225 559 2257 ad
582 2236 835 2269 quamcunque
858 2225 1073 2257 taxationem
1095 2224 1171 2257 sive
1193 2236 1425 2257 summam....

313 2291 402 2323 Item
425 2290 597 2335 dignetur
624 2291 795 2324 sanctitas
817 2298 935 2324 vestra
956 2291 1158 2324 concedere
1186 2297 1221 2323 et
1250 2290 1447 2331 declarare,
1470 2289 1683 2322 intentionis
1704 2295 1824 2322 vestre
1853 2288 1967 2321 fuisse
1993 2288 2089 2333 quod

222 2355 275 2388 illi
296 2356 357 2400 qui
374 2363 537 2402 tempore
559 2357 777 2402 signationis
794 2357 903 2402 hujus
921 2357 1029 2390 rotuli
1051 2364 1136 2390 sunt
1151 2357 1270 2398 etatis,
1288 2357 1431 2401 possint
1452 2363 1575 2389 tenere
1592 2367 1726 2396 curam,
1745 2355 1907 2399 quamvis
1930 2366 1993 2399 pro
2011 2355 2089 2387 data

221 2434 396 2456 concessa
417 2423 453 2455 in
467 2424 592 2468 primo
614 2424 733 2457 rotulo
756 2436 828 2457 non
850 2431 952 2457 erant
972 2424 1076 2456 etatis
1097 2423 1350 2468 competentis.

311 2490 399 2521 Item
421 2496 556 2523 attento
578 2491 676 2535 quod
696 2491 733 2523 in
754 2490 922 2523 facultate
943 2490 1085 2530 artium,
1109 2502 1178 2534 que
1204 2490 1478 2522 fundamentum
1500 2495 1535 2522 et
1554 2489 1655 2521 radix
1676 2490 1757 2531 e[s]t
1781 2488 1942 2529 aliarum,
1967 2488 2089 2532 plures

222 2561 291 2587 tam
310 2555 452 2588 nobiles
469 2569 574 2601 quam
592 2557 651 2589 alii
673 2557 794 2602 magni
816 2557 981 2602 religiosi
999 2563 1033 2590 et
1053 2556 1198 2589 honesti
1216 2556 1283 2589 viri
1300 2568 1343 2588 ex
1359 2555 1577 2589 verecundia
1594 2555 1694 2596 moti,
1713 2555 1794 2599 quia
1812 2554 1940 2587 sedere
1957 2554 2089 2587 habent

221 2621 265 2654 ad
287 2627 431 2663 terram,
458 2623 643 2656 dimittunt
662 2624 788 2656 audire
815 2630 964 2668 propter
985 2623 1164 2656 defectum
1186 2634 1404 2655 scannornm
1433 2628 1467 2654 et
1493 2621 1701 2661 hancarum,
1731 2621 1791 2666 qui
1820 2621 1978 2653 nondum
2007 2627 2091 2652 sunt

223 2687 446 2721 sufficienter
461 2689 600 2722 fundati
622 2697 659 2723 ut
680 2690 870 2735 proficiant
890 2691 927 2722 in
948 2690 1029 2723 aliis
1049 2689 1292 2730 facultatibus,
1311 2688 1410 2733 quod
1431 2688 1647 2721 redundavit
1666 2688 1840 2720 hactenus
1858 2694 1892 2719 et
1913 2686 2090 2719 redundat

221 2754 259 2786 in
280 2755 521 2799 prejudicium
544 2756 739 2789 multorum
761 2763 795 2790 et
817 2757 927 2790 totius
949 2756 1204 2790 Universitatis
1223 2767 1230 2788 t
1256 2755 1350 2788 unde
1373 2755 1489 2787 eidem
1511 2754 1690 2787 sanctitati
1716 2753 1893 2798 supplicat
1919 2753 2086 2797 quatinus

221 2820 258 2853 in
278 2821 390 2854 scolis
412 2821 506 2855 dicte
533 2823 712 2856 facultatis
740 2830 917 2868 perpetuo
947 2829 1127 2868 ponantur
1155 2834 1288 2855 scanna
1315 2828 1350 2854 et
1376 2821 1503 2862 bance,
1531 2833 1603 2853 non
1632 2820 1797 2853 obstante
1825 2819 1921 2851 bulla
1949 2819 2085 2850 domini

222 2886 359 2920 Urbani
381 2888 519 2932 quinti,
534 2889 570 2921 in
592 2901 660 2933 qua
681 2889 922 2934 prohibentur
942 2889 1154 2934 hujusmodi
1175 2900 1306 2923 scanna
1329 2900 1394 2921 seu
1415 2887 1562 2925 bance¹.
