2488 3386
428 316 471 348 28
1001 325 1318 347 CHARTULARIUM
1354 323 1544 346 UNIVERS.
1582 322 1711 345 rmus.
2194 307 2293 344 [1354

430 409 594 431 occasum
618 398 772 431 citarunt
798 398 841 431 ad
872 398 1151 443 comparendum
1180 397 1422 442 peremptorie
1451 403 1486 429 et
1515 395 1756 440 personaliter
1776 405 1895 426 coram
1917 393 1970 426 eis
1997 393 2040 426 ad
2070 392 2161 426 hanc
2182 393 2290 434 diem,

429 463 516 497 hora
537 476 632 497 none
654 466 761 497 Beate
783 465 906 497 Mar-ie.
931 466 1017 497 Item
1040 464 1120 497 dico
1142 470 1177 496 et
1196 475 1374 508 proponO,
1398 463 1494 507 quod
1516 462 1651 507 prefata
1673 460 1799 494 citacio
1820 466 1875 492 est
1896 459 2004 492 nimis
2029 466 2102 492 arta
2124 466 2159 492 et
2183 459 2291 492 nimis

430 530 529 563 tarde
551 537 586 563 et
605 537 679 563 arte
700 537 859 570 executa,
882 536 1013 563 attenta
1034 530 1202 574 qualitate
1224 541 1379 574 persone
1401 540 1492 569 mee,
1516 528 1576 572 qui
1598 533 1746 572 propter
1771 526 1878 559 officii
1903 526 1973 558 mei
2001 524 2137 570 publici
2166 537 2294 558 neces-

431 596 570 628 sitatem
591 603 626 629 et
651 596 916 629 multitudinem
940 596 1176 640 negociorum
1198 595 1391 628 arduorum
1414 606 1493 627 sum
1516 593 1665 626 multum
1689 599 1898 637 occupatus,
1921 592 2073 636 dataque
2094 591 2238 625 decreta
2259 598 2294 625 et

431 668 577 695 executa
595 662 687 695 dicta
705 662 763 695 die
781 662 902 695 ultima
920 662 1055 695 mensis
1072 662 1228 706 Augusti
1250 661 1390 694 notorie
1407 661 1531 693 seriata
1552 666 1700 704 propter
1717 659 1810 691 diem
1829 658 2059 699 dominicam,
2077 670 2147 703 que
2167 658 2294 691 incidit

430 728 466 760 in
488 728 625 769 eadem,
649 735 682 761 et
702 728 789 761 alias
812 728 996 760 temeraria
1019 734 1053 760 et
1078 728 1222 772 injusta,
1245 733 1351 772 prout
1372 739 1415 759 ex
1442 726 1558 771 ipsius
1586 732 1724 765 tenore,
1748 736 1854 769 quem
1882 724 1940 757 hic
1960 724 2043 757 volo
2072 724 2195 757 haberi
2227 736 2292 769 pro

430 794 566 827 inserto
588 794 624 826 in
646 801 815 839 quantum
838 806 901 839 pro
923 806 978 826 me
1000 794 1082 826 facit
1103 801 1137 826 et
1158 793 1425 837 justificacione
1447 792 1628 837 presentis
1655 791 1909 836 appellationis
1931 802 1995 823 seu
2017 790 2292 836 provocacionis

430 866 546 904 potest
568 860 705 904 liquide
726 872 910 905 apparere,
932 861 1035 904 cujus
1056 860 1242 892 citacionis
1264 866 1368 891 tenor
1389 858 1541 891 inferius
1571 865 1626 891 est
1655 858 1828 890 insertus.
1857 858 1908 889 Ex
1932 857 2065 901 quibus
2092 869 2161 902 ego
2183 857 2292 902 Regi-

430 925 558 958 naldus
588 926 759 970 prefatus,
792 926 953 959 sentiens
986 938 1041 958 me
1071 932 1253 970 gravatum
1285 937 1323 957 ac
1354 925 1485 957 timens
1515 925 1751 969 imposterum
1783 923 1909 956 saltem
1940 923 1984 955 de
2016 923 2108 956 sacto
2137 923 2292 968 amplius

429 992 628 1036 aggravari,
652 992 884 1037 protestando
906 992 1003 1037 quod
1024 992 1067 1025 ab
1088 991 1334 1037 appellaeione
1355 1003 1420 1024 seu
1442 990 1717 1036 provocacione,
1741 989 2067 1035 provocacionibus
2088 1001 2153 1022 seu
2174 989 2292 1035 appel—

429 1057 631 1091 lacionibus
651 1058 739 1091 alias
766 1070 830 1103 per
850 1070 906 1091 me
933 1058 1047 1099 factis,
1071 1065 1106 1091 et
1136 1057 1432 1091 recusacionibus
1460 1057 1658 1102 propositis
1680 1056 1852 1089 recedere
1874 1068 1947 1089 non
1966 1056 2129 1096 intendo,
2152 1056 2217 1089 sed
2238 1056 2292 1090 eis

429 1123 579 1156 firmiter
599 1123 786 1165 adherere,
809 1136 827 1156 a
848 1124 1021 1169 predictis
1043 1131 1195 1165 rectore,
1219 1124 1379 1164 decanis,
1403 1123 1586 1168 magistris
1613 1130 1647 1156 et
1668 1122 1926 1163 Universitate,
1948 1134 1987 1155 ac
2014 1127 2138 1155 contra
2163 1133 2291 1155 omnes

429 1189 519 1222 alios
540 1201 632 1234 quos
658 1190 772 1235 tangit
798 1202 862 1223 seu
893 1197 1042 1235 tangere
1072 1197 1191 1235 potest
1211 1202 1364 1235 presens
1386 1190 1591 1234 negocium,
1615 1196 1682 1222 tam
1706 1189 1926 1233 conjunctim
1948 1200 2052 1233 quam
2074 1188 2232 1230 divisim,
2254 1188 2291 1221 in

428 1255 498 1288 hiis
520 1255 664 1300 scriptis
685 1256 728 1288 ad
754 1256 878 1288 sedem
899 1256 1131 1300 apostolicam
1154 1268 1311 1301 provoco
1333 1263 1365 1289 et
1393 1255 1535 1301 appello
1557 1262 1591 1288 et
1619 1255 1804 1300 apostolos
1825 1255 2014 1296 instanter,
2036 1254 2237 1288 instancius
2257 1261 2293 1288 et

428 1322 688 1355 instantissime
704 1321 812 1354 michi
834 1322 910 1355 dari
930 1329 1025 1367 peto,
1045 1329 1080 1355 et
1099 1329 1282 1367 protestor
1299 1323 1342 1355 de
1364 1322 1433 1355 hiis
1456 1322 1622 1367 petendis
1643 1334 1660 1354 a
1683 1321 1816 1366 quibus
1838 1321 1985 1366 petendi
2005 1321 2140 1354 fuerint
2160 1321 2240 1354 loco
2257 1328 2293 1354 et

429 1394 589 1432 tempore
611 1388 838 1433 opportunis,
861 1401 1072 1434 supponens
1099 1401 1155 1421 me
1184 1396 1218 1421 et
1245 1401 1327 1421 mea·
1350 1396 1384 1421 et
1413 1395 1542 1421 statum
1571 1401 1688 1421 meum
1718 1388 1935 1433 protectioni
1957 1394 1992 1421 et
2020 1388 2171 1421 tuicioni
2197 1387 2291 1421 dicte

429 1454 540 1495 sedis,
562 1461 765 1498 protestans
788 1455 831 1487 de
853 1455 1093 1500 appellatione
1116 1467 1180 1488 seu
1202 1455 1464 1500 provocacione
1489 1455 1699 1499 hujusmodi
1726 1454 1943 1487 insinuanda
1969 1461 2004 1487 et
2032 1454 2293 1487 innovanda-et

429 1520 472 1552 de
501 1520 674 1564 apostolis
699 1520 779 1553 loco
808 1527 842 1554 et
869 1528 1030 1566 tempore
1059 1521 1238 1566 petendis,
1262 1533 1354 1566 quos
1383 1533 1425 1554 ex
1456 1533 1550 1554 nunc
1577 1521 1765 1562 instanter,
1793 1521 2007 1562 instancius,
2029 1520 2292 1554 instantissime

428 1585 537 1619 michi
559 1586 634 1618 dari
656 1593 750 1631 peto,
773 1593 979 1631 protestans
1002 1587 1125 1627 eciam,
1149 1587 1247 1631 quod
1273 1600 1345 1620 non
1373 1588 1535 1633 astringo
1556 1599 1612 1620 me
1634 1587 1677 1620 ad
1706 1586 1931 1632 probandum
1954 1587 2073 1620 omnia
2100 1587 2290 1632 premissa,

430 1652 493 1684 sed
515 1652 631 1685 solum
649 1652 693 1685 ad
713 1652 749 1685 id
771 1653 867 1697 quod
888 1653 995 1686 michi
1018 1653 1171 1686 sufficiet
1192 1654 1235 1686 de
1256 1654 1407 1695 eisdem,
1426 1661 1459 1686 et
1480 1666 1590 1698 super
1611 1653 1682 1686 hiis
1703 1653 1873 1686 omnibus
1895 1660 1977 1698 peto
1999 1653 2108 1686 michi
2128 1653 2207 1686 fieri
2227 1665 2292 1698 per

431 1725 463 1751 te
493 1718 670 1751 notarium
701 1718 885 1763 publicum
916 1719 1195 1752 instrumentum
1236 1732 1344 1752 unum
1380 1720 1436 1753 vel
1470 1720 1571 1764 plura
1598 1720 1774 1765 quociens
1802 1732 1913 1765 super
1938 1719 2005 1769 hoc
2031 1720 2144 1753 fueris
2170 1719 2291 1765 requi—

430 1784 533 1817 situs.
554 1798 569 1814 ))

518 1852 638 1883 Tenor
658 1863 743 1884 vero
764 1851 891 1884 cedule
913 1852 956 1884 de
978 1864 1045 1896 qua
1067 1864 1173 1897 supra
1194 1852 1233 1885 fit
1253 1852 1393 1885 mencio
1415 1853 1580 1897 sequitur
1600 1853 1636 1885 in
1658 1852 1723 1885 hec
1744 1853 1853 1886 verba
1873 1865 1879 1885 :

520 1931 535 1947 κ
558 1918 631 1949 Nos
652 1923 770 1949 rector
791 1924 823 1950 et
845 1918 1070 1950 Universitas
1092 1918 1309 1951 Parisiensis
1329 1918 1447 1959 vobis,
1469 1918 1603 1951 Jacobo
1628 1919 1672 1951 de
1693 1919 1907 1960 Pavillione,
1929 1919 2075 1952 bedello
2097 1925 2236 1961 nostro,
2257 1925 2293 1952 et

430 1982 599 2015 omnibus
620 1989 655 2015 et
682 1983 837 2028 singulis
859 1984 1040 2017 consociis
1068 1991 1102 2017 et
1131 1984 1286 2017 bedellis
1308 1985 1456 2026 nostris,
1479 1985 1522 2017 ad
1553 1997 1658 2030 quem
1688 1997 1753 2018 seu
1781 1998 1873 2030 quos
1903 1997 2056 2030 presens
2086 1986 2291 2019 mandatum

431 2055 591 2081 nostrum
615 2050 832 2093 pervenerit,
856 2050 1075 2094 precipimus
1098 2057 1132 2083 et
1157 2051 1366 2084 mandamus
1387 2058 1564 2095 quatenus
1591 2051 1831 2096 Reginaldum
1853 2052 1897 2084 de
1918 2052 2049 2084 Aciaco
2070 2052 2189 2085 citetis
2211 2063 2293 2097 per-

431 2115 605 2160 emptorie
633 2122 667 2148 et
696 2116 935 2160 personaliter
956 2116 1013 2148 die
1041 2117 1194 2149 crastina
1221 2117 1264 2149 ad
1294 2118 1615 2162 congregationem
1646 2125 1805 2151 nostram
1835 2118 2057 2163 generalem,
2084 2118 2171 2151 hora
2197 2130 2292 2151 none

432 2183 538 2214 Beate
560 2181 684 2222 Marie,
702 2182 795 2226 apud
817 2183 982 2215 Sanctum
1005 2183 1221 2215 Maturinum
1244 2195 1354 2228 super
1370 2184 1479 2216 certis
1501 2184 1712 2217 excessibus
1730 2191 1765 2217 et
1784 2184 1927 2217 delictis
1948 2185 2124 2218 adversus
2140 2184 2291 2217 eandem

432 2247 709 2280 Universitatem
740 2260 804 2293 per
824 2260 904 2280 eum
926 2249 1131 2282 commissis
1159 2256 1193 2282 et
1221 2261 1331 2294 super
1351 2250 1431 2283 aliis
1452 2250 1496 2282 ad
1526 2262 1592 2283 nos
1621 2250 1869 2295 spectantibus
1899 2257 2022 2284 contra
2048 2262 2128 2283 eum
2158 2263 2291 2296 propo-

432 2313 576 2355 nendis,
598 2314 694 2358 quod
710 2315 847 2358 justum
874 2315 981 2347 fuerit
1002 2327 1277 2359 responsurum,
1299 2328 1379 2348 cum
1406 2316 1499 2349 idem
1524 2316 1629 2349 nobis
1651 2317 1756 2350 liceat
1781 2317 1825 2349 de
1846 2318 1943 2361 jure,
1965 2317 2230 2350 consuetudine
2257 2324 2293 2350 et

432 2379 634 2424 privilegiis
661 2380 810 2422 nostris,
837 2393 951 2425 eoque
973 2382 1055 2425 jure
1081 2382 1254 2414 acthenus
1281 2383 1337 2414 usi
1364 2383 1540 2415 fuerimus
1568 2395 1713 2428 semper
1738 2390 1773 2416 et
1804 2383 2034 2416 inconcusse.
2068 2384 2195 2416 Datum
2222 2383 2291 2417 sub

432 2446 554 2491 sigillo
576 2447 729 2479 rectorie
750 2454 872 2479 nostre
893 2459 986 2480 anno
1007 2448 1308 2493 quinquagesimo
1331 2455 1470 2493 quarto,
1494 2449 1552 2481 die
1573 2449 1697 2482 ultima
1717 2450 1887 2494 Augusti.
1912 2463 1928 2480 »

522 2513 597 2555 Qua
618 2512 863 2557 appellacione
885 2525 948 2545 seu
970 2514 1230 2558 provocacione
1253 2514 1304 2547 sic
1325 2515 1413 2547 facta
1435 2521 1470 2547 et
1490 2515 1634 2556 emissa,
1656 2516 1764 2548 modo
1785 2522 1820 2548 et
1846 2516 1959 2548 forma
1984 2516 2154 2560 superius
2181 2517 2290 2562 preli-

432 2578 524 2611 batis
552 2579 712 2623 presatis,
733 2579 904 2623 magister
925 2579 1146 2623 Reginaldus
1168 2580 1270 2624 petiit
1294 2592 1313 2612 a
1333 2592 1389 2613 me
1416 2581 1554 2613 notario
1581 2581 1727 2626 publico
1748 2582 1978 2626 infrascripto
2005 2581 2075 2615 sibi
2106 2582 2289 2627 publicum

434 2644 511 2677 fieri
532 2645 824 2684 instrumentum,
846 2652 1002 2677 astantes
1024 2645 1156 2678 ibidem
1179 2646 1215 2678 in
1237 2652 1348 2679 testes
1368 2647 1582 2679 invocando.
1605 2648 1691 2680 Aeta
1711 2648 1858 2680 fuerunt
1877 2648 1943 2680 hec
1964 2648 2000 2680 in
2021 2648 2127 2681 domo
2152 2648 2292 2682 inhabi-

435 2711 585 2743 tacionis
620 2710 783 2755 ejusdem
819 2711 980 2755 magistri
1011 2712 1214 2756 Reginaldi,
1247 2712 1313 2744 sita
1343 2713 1379 2744 in
1409 2713 1551 2745 civitate
1580 2713 1753 2755 Parisius,
1782 2726 1889 2755 anno,
1912 2714 2125 2756 indictione,
2151 2726 2290 2756 mense,

433 2777 505 2818 die,
535 2776 622 2809 hora
652 2783 687 2809 et
715 2776 923 2821 pontificatu
954 2777 1140 2821 predictis,
1171 2778 1402 2822 presentibus
1432 2779 1702 2812 venerabilibus
1732 2787 1767 2812 et
1795 2780 1964 2813 discretis
1989 2781 2077 2814 viris
2107 2782 2291 2826 magistris

434 2843 563 2888 Egidio
586 2843 629 2875 de
650 2844 775 2884 Ponte,
798 2843 934 2875 domini
956 2844 1070 2876 nostri
1092 2844 1190 2888 regis
1212 2845 1360 2877 Francie
1381 2845 1604 2887 consiliario,
1628 2846 1799 2879 Oudardo
1821 2846 1865 2879 de
1886 2847 2087 2892 Paignyaco
2105 2855 2140 2880 et
2160 2848 2291 2893 Egidio
