2488 3386
495 336 556 368 122
1064 338 1383 363 CHARTULAMUM
1419 335 1608 358 UNIVERS.
1647 333 1773 355 rmus.
2253 318 2353 355 [1364

492 426 615 452 contra
637 431 732 459 eum,
754 418 844 450 istos
866 427 1010 449 errores
1032 413 1273 459 reprobando,
1295 417 1475 456 arguerat,
1503 409 1599 454 quod
1630 408 1707 453 ipse
1738 407 1831 439 bene
1853 406 2093 451 responderet
2118 405 2162 438 ad
2192 405 2351 438 rationes

492 498 588 519 suas.
606 487 647 518 Et
668 485 783 518 adhuc
804 484 840 516 in
861 483 1030 526 majorem
1054 486 1297 524 contemptum
1320 484 1442 510 contra
1466 475 1745 521 prohibitionem
1768 479 1926 506 nostram
1950 479 1984 505 et
2005 472 2223 517 promissum
2246 483 2350 504 suum

490 553 654 592 veniens,
681 552 718 584 in
746 550 939 583 crastinum
966 548 1068 593 legit,
1092 553 1126 579 et
1152 547 1188 578 in
1214 544 1395 590 presentia
1422 542 1614 576 scolarium
1636 540 1883 574 assistentium
1911 539 2038 572 dictam
2066 538 2349 584 appellacionem

491 619 685 659 roboravit,
704 625 737 650 et
758 618 794 649 in
815 622 983 661 quantum
1007 614 1123 659 potuit
1142 611 1365 657 approbavit,
1387 610 1498 655 petito
1519 620 1583 653 per
1604 620 1683 640 eum
1706 619 1724 639 a
1745 606 1940 639 tabellione
1962 612 2132 651 presente
2153 617 2263 650 super
2282 604 2350 639 hoc

491 685 636 730 publico
657 686 910 717 instrumento.

578 752 656 793 Que
678 750 795 783 omnia
823 747 1108 794 significavimus
1129 745 1275 778 domino
1303 743 1475 788 episcopo
1503 740 1720 774 Parisiensi⁸
1747 746 1782 772 et
1810 739 2019 784 inquisitori
2047 738 2207 772 heretice
2233 739 2351 784 pravi-

489 819 603 859 tatis⁵,
633 824 672 850 ut
702 828 812 861 super
839 815 910 848 hiis
940 813 1173 859 providerent
1205 811 1249 843 de
1279 810 1441 843 remedio
1471 814 1689 853 opportuno.
1721 808 1772 839 Ne
1802 806 1915 851 igitur
1941 805 2072 851 aliquis
2101 806 2252 839 forsitan
2282 817 2350 839 nos

490 891 628 929 putaret
656 884 692 916 in
719 881 927 927 hujusmodi
956 879 1109 925 negocio
1135 878 1219 911 fidei
1249 877 1364 909 fuisse
1384 875 1441 909 vel
1467 887 1549 908 esse
1580 874 1770 914 remissos,
1792 873 1969 918 premissa
1989 872 2159 906 volumus
2180 872 2350 907 omnibus

489 963 570 984 esse
591 957 686 991 nota,
713 956 748 982 et
774 961 813 981 ea
835 947 1062 981 decrevimus
1083 944 1199 989 redigi
1226 944 1262 976 in
1288 943 1358 975 hiis
1380 942 1539 987 scriptis,
1566 947 1601 974 et
1625 946 1833 973 nostrorum
1862 939 2082 984 sigillorum,
2109 938 2247 972 scilicet
2269 951 2349 985 pre-

488 1017 573 1050 dicti
594 1015 797 1049 cancellarii
819 1021 853 1047 et
873 1013 990 1058 ipsius
1010 1011 1194 1056 theologie
1215 1009 1408 1049 facultatis,
1429 1007 1654 1053 appensione
1674 1006 1820 1039 muniri.

573 1082 723 1115 Nomina
743 1093 828 1114 vero
850 1080 1104 1125 magistrorum
1132 1077 1192 1121 qui
1218 1075 1436 1109 correctioni
1457 1074 1635 1107 dictorum
1657 1073 1828 1106 antedicti
1855 1072 1977 1106 fratris
1998 1072 2163 1117 Dyonisii
2189 1079 2224 1106 et
2250 1072 2348 1106 ordi-

486 1149 621 1182 nationi
642 1148 803 1193 predicte
825 1145 952 1179 cedule
980 1150 1171 1190 presentes
1192 1143 1350 1183 suerunt,
1373 1148 1458 1175 sunt
1484 1141 1550 1174 hec
1573 1152 1579 1173 :
1608 1140 1813 1174 Grimerius
1841 1139 2030 1180 Bonifacii,
2057 1139 2146 1172 eccl.
2169 1140 2209 1172 B.
2236 1139 2348 1173 Mat-ie

485 1216 596 1248 Paris.
620 1213 870 1253 cancellarius,
887 1211 1070 1245 Johannes
1091 1210 1135 1243 de
1157 1209 1376 1254 Hesdynio⁵,
1395 1207 1565 1241 Nicolaus
1586 1207 1631 1240 de
1653 1205 1829 1247 Danvilla,
1847 1205 2080 1247 Guillelmus,
2098 1205 2208 1239 abbas
2229 1217 2348 1239 mona-

483 1281 583 1314 sterii
606 1281 649 1313 de
670 1281 759 1314 Casa
781 1279 881 1319 Dei⁷,
903 1278 991 1311 Ord.
1010 1278 1044 1310 S.
1064 1276 1264 1315 Benedicti,
1286 1274 1466 1308 Rohertus
1488 1274 1532 1307 de
1552 1273 1729 1318 Corbeya,
1752 1272 1905 1318 Egidius
1926 1272 1970 1305 de
1991 1272 2175 1314 Medonta,
2192 1272 2237 1306 de
2257 1272 2345 1306 Ord.

482 1349 560 1380 srat.
584 1347 756 1379 Heremit.
780 1347 814 1379 S.
837 1344 1048 1390 Augustini,
1064 1342 1248 1377 Johannes
1269 1341 1313 1374 de
1335 1342 1369 1375 S.
1393 1340 1580 1382 Medardo,
1599 1339 1820 1374 Guillelmus
1841 1339 1886 1372 de
1908 1339 1943 1372 S.
1967 1339 2146 1384 Remigio,
2162 1338 2347 1373 Johannes

481 1413 734 1454 Va[v]assoris,
754 1413 886 1456 Symon
904 1412 1054 1451 Freron,
1072 1409 1276 1454 Stephanus
1298 1408 1342 1441 d'e
1363 1409 1558 1452 NemosyO,
1580 1406 1751 1439 Nicolaus
1767 1405 1933 1446 Oresme,
1949 1405 2134 1439 Johannes
2155 1405 2200 1438 de
2220 1406 2348 1439 Ponte—

482 1480 615 1520 crucis,
639 1479 768 1523 Guydo
790 1478 833 1510 de
861 1478 895 1511 S.
924 1477 1103 1517 Andrea⁸,
1130 1475 1175 1508 de
1196 1475 1303 1508 domo
1332 1475 1366 1508 S.
1390 1473 1580 1515 Bernardi,
1603 1472 1691 1506 Ord.
1719 1473 1896 1517 Cysterc.,
1922 1471 2106 1506 Johannes
2134 1471 2278 1514 Golain,
2300 1472 2345 1506 de

482 1546 569 1579 Ord.
591 1546 670 1578 frat.
694 1546 732 1577 B.
756 1545 867 1577 Marie
885 1544 928 1576 de
950 1542 1130 1584 Carmelo⁷
1147 1541 1330 1575 Johannes
1352 1540 1591 1581 Fourbitoris,
1610 1540 1655 1572 de
1671 1539 1759 1573 Ord.
1780 1539 1859 1572 frat.
1883 1539 2074 1580 Predicat.‚
2095 1538 2279 1572 Johannes
2299 1538 2344 1572 de

483 1612 625 1653 Calore,
653 1611 837 1644 Johannes
864 1610 909 1643 de
936 1609 1158 1654 Cystercio⁹,
1191 1608 1235 1641 de
1266 1608 1373 1640 domo
1405 1607 1439 1640 S.
1472 1606 1647 1639 Bernardi
1676 1605 1850 1651 predicta,
1879 1605 1978 1651 prior
2005 1605 2168 1650 ejusdem
2199 1605 2343 1648 domus,

481 1678 665 1712 Johannes
696 1677 739 1710 de
769 1677 911 1717 Falista,
942 1676 1125 1709 Johannes
1156 1675 1200 1708 de
1230 1673 1416 1714 Corbolio,
1448 1674 1492 1706 de
1523 1673 1619 1706 dicto
1649 1672 1737 1706 Ord.
1768 1673 1847 1705 frat.
1880 1673 1919 1705 B.
1951 1672 2063 1705 Marie
2090 1671 2135 1705 de
2162 1671 2343 1713 Carmelo,

483 1744 696 1789 Bodulphus
718 1743 853 1783 Bloc¹⁰,
877 1743 921 1776 de
942 1742 1030 1776 Ord.
1052 1743 1130 1775 frat.
1156 1741 1326 1774 Heremit.
1345 1740 1432 1774 Ord.
1456 1741 1490 1773 S.
1514 1739 1711 1784 Augustini
1732 1739 1834 1784 prius
1855 1739 1964 1772 dicto.

571 1812 697 1843 Datum
719 1810 892 1850 parisius,
915 1810 951 1842 in
972 1808 1256 1854 congregatione
1278 1814 1413 1847 nostra,
1438 1807 1474 1839 in
1495 1806 1654 1839 claustro
1680 1805 1836 1839 ecclesie
1858 1806 1966 1838 Beate
1992 1805 2104 1838 Marie
2125 1804 2343 1839 Parisiensis

481 1877 671 1918 celebrata,
690 1876 748 1908 die
769 1876 939 1909 vicesima
960 1875 1069 1908 tercia
1090 1874 1228 1907 mensis
1249 1873 1463 1907 Novembris
1485 1872 1695 1918 supradicti.

574 1974 709 2005 Originole
724 1973 750 1996 in
761 1973 837 1996 Arch.
852 1976 906 1996 nat.
922 1972 1006 1996 Paris.
1022 1972 1054 1995 M.
1073 1973 1109 1999 75,
1124 1976 1153 1994 n⁰
1169 1972 1226 1995 127¹
1245 1974 1330 2001 (antea
1343 1972 1377 1994 M.
1393 1972 1461 1999 2570,
1476 1975 1504 1993 n⁰
1517 1971 1564 1999 10).
1580 1984 1611 1988 -
1624 1969 1761 1998 Jourdain,
1776 1974 1805 1993 n⁰
1818 1971 1874 1994 699.

575 2058 596 2081 1.
613 2057 670 2080 Vid.
686 2065 767 2088 supra
782 2065 807 2088 p.
823 2057 876 2080 117.
894 2057 928 2079 Ex
944 2056 992 2079 hoc
1009 2059 1035 2079 et
1054 2055 1223 2087 sequentibus
1243 2058 1362 2086 apparet,
1380 2054 1533 2086 Dionysium
1551 2054 1677 2078 Novemb.
1697 2054 1727 2077 16
1741 2054 1838 2085 legisse
1856 2054 1976 2077 cedulam
1994 2054 2168 2077 revocationis
2184 2054 2210 2078 in
2229 2062 2342 2086 congre-

482 2102 585 2133 gatione
602 2101 733 2125 facultatis
749 2104 859 2128 tantum,
875 2109 924 2123 non
941 2104 1028 2123 tamen
1046 2100 1159 2131 publice.
1176 2114 1205 2117 —
1218 2100 1241 2122 2.
1261 2099 1368 2123 Memhr.
1385 2107 1391 2122 z
1407 2108 1419 2122 «
1435 2099 1641 2130 disputationem
1657 2107 1680 2123 n.
1702 2113 1730 2117 —
1746 2100 1768 2122 3.
1786 2099 1821 2122 De
1837 2098 1995 2127 Monterorti,
2012 2098 2044 2122 de
2059 2107 2110 2130 quo
2125 2107 2207 2130 supra
2226 2103 2256 2122 n⁰
2271 2099 2340 2123 1286.

481 2161 509 2163 —
521 2147 545 2169 4.
558 2146 689 2177 Stephano
705 2145 788 2169 Paris.
804 2159 835 2162 —
852 2147 874 2168 5.
891 2145 1030 2169 Guillelmo
1046 2144 1163 2172 Rochini,
1181 2144 1244 2167 Ord.
1259 2144 1360 2171 Praed.,
1377 2143 1527 2175 inquisitori
1541 2143 1566 2166 in
1583 2143 1665 2167 dioec.
1680 2144 1764 2167 Paris.
1777 2157 1807 2161 —
1821 2144 1845 2167 6.
1861 2143 1896 2166 De
1909 2143 1967 2174 ipso
1982 2143 2036 2166 vid.
2052 2143 2122 2166 infra
2135 2148 2164 2166 n⁰
2175 2144 2245 2167 1306.
2262 2143 2305 2167 Sic
2317 2146 2343 2167 et

481 2191 512 2213 de
527 2190 659 2221 plerisque
679 2190 738 2212 aliis
762 2190 787 2212 in
809 2190 857 2212 hoc
878 2189 1005 2214 Ghartul.
1024 2202 1049 2206 —
1071 2190 1093 2212 7.
1108 2189 1173 2212 Cum
1190 2192 1260 2212 esset
1279 2188 1352 2219 prior
1369 2188 1503 2219 prioratus
1519 2188 1550 2211 de
1566 2188 1741 2211 Columbcriis
1759 2191 1784 2211 et.
1799 2196 1869 2219 mag.
1886 2188 1966 2211 theol.
1982 2195 2024 2211 an.
2041 2188 2111 2217 1348,
2127 2188 2204 2212 Febr.
2223 2188 2261 2216 11,
2281 2191 2343 2220 post

481 2235 579 2257 obitum
596 2234 699 2257 abbatis
714 2234 881 2265 lngueranni,
896 2235 979 2256 sactus
997 2237 1036 2256 est
1048 2233 1130 2256 abhas
1144 2233 1285 2258 Resbacen.
1305 2233 1416 2256 Melden.
1427 2232 1510 2256 dioec.
1529 2233 1601 2263 (Reg.
1619 2233 1700 2256 Clem.
1717 2233 1758 2260 VI,
1776 2236 1804 2255 n⁰
1817 2232 1869 2260 181,
1886 2233 1903 2256 s.
1919 2233 1972 2261 66);
1988 2240 2030 2255 an.
2045 2232 2113 2260 1361,
2132 2232 2203 2264 Sept.
2217 2233 2238 2261 1,
2252 2237 2342 2256 trans-

482 2280 549 2302 latus
561 2279 593 2301 ud
604 2278 739 2301 abbatiam
752 2278 834 2301 Casae
850 2278 894 2301 Dei
910 2278 983 2309 (Reg.
998 2279 1077 2301 Aven.
1089 2278 1177 2301 Innoc.
1189 2278 1230 2305 Vl,
1244 2277 1295 2301 vol.
1307 2277 1393 2304 XXVI,
1407 2278 1424 2300 t'.
1440 2278 1489 2307 64),
1502 2285 1543 2300 an.
1559 2277 1629 2305 1365,
1642 2276 1728 2300 Martii
1743 2277 1782 2306 10,
1796 2277 1828 2300 ad
1845 2277 1872 2300 S.
1884 2277 2037 2300 Medardum
2053 2277 2126 2308 (Reg.
2137 2277 2217 2301 Aven.
2231 2277 2297 2301 Urb.
2310 2277 2340 2306 V,

482 2324 532 2346 vol.
545 2323 573 2350 X,
590 2323 633 2345 sol.
646 2324 708 2351 583).
723 2323 782 2353 lpse
795 2326 835 2345 est
847 2322 890 2345 illc
903 2322 1059 2346 Guillelmus
1072 2322 1198 2350 Gauterii,
1213 2322 1243 2344 de
1257 2321 1345 2353 quoin
1358 2321 1497 2350 Chartul„
1511 2322 1543 2348 ΙΙ,
1558 2325 1587 2344 n⁰
1602 2321 1671 2344 1144.
1682 2321 1780 2345 Notitia
1791 2329 1884 2344 muncu
1895 2321 1921 2344 in
1934 2321 2010 2345 Gall.
2023 2322 2131 2350 christ„
2145 2321 2213 2351 vnl,
2227 2322 2296 2345 1685.
2311 2335 2342 2340 --

481 2369 503 2390 8.
522 2368 591 2390 idom
607 2375 636 2389 ac
656 2367 740 2390 Guido
762 2367 792 2389 de
816 2366 925 2394 Nivella,
943 2374 1024 2397 supra
1045 2371 1073 2389 n⁰
1095 2367 1164 2390 12⁶2.
1180 2366 1239 2390 Vid.
1255 2366 1333 2389 etiam
1352 2369 1380 2388 n⁰
1395 2366 1465 2390 1279.
1481 2379 1507 2383 —
1524 2367 1547 2389 9.
1562 2366 1582 2389 1.
1597 2374 1620 2389 e.
1634 2366 1666 2389 de
1682 2369 1794 2389 monast.
1817 2365 1945 2389 tlistercii.
1961 2379 1989 2383 —-
2005 2366 2043 2389 10.
2060 2366 2080 2388 1.
2096 2373 2117 2388 e.
2133 2365 2222 2391 Bloch.
2236 2366 2268 2389 de
2289 2374 2341 2397 quo

482 2420 563 2442 supra
578 2415 607 2433 n⁰
622 2411 690 2434 1284.

484 2554 624 2591 1300.
650 2565 865 2589 Instrumentum
880 2563 1065 2589 revocationis
1079 2564 1177 2596 factae
1192 2563 1332 2589 Avenione
1346 2572 1398 2599 per
1411 2565 1531 2598 fratrem
1548 2564 1714 2598 Dionysium
1731 2563 1905 2590 Foullechat.

1617 2651 1690 2680 1366,
1706 2651 1824 2677 danuvii
1834 2652 1874 2680 31.
1890 2651 2018 2677 Arenlone.

567 2739 607 2769 In
634 2738 778 2769 nomine
800 2737 956 2777 Domini,
983 2748 1098 2769 amen.
1121 2738 1295 2770 Noverint
1319 2738 1481 2771 universi
1503 2750 1656 2782 presens
1678 2738 1957 2771 instrumentum
1986 2738 2169 2783 publicum
2192 2738 2336 2783 inspec-

480 2804 561 2844 turi,
587 2803 683 2848 quod
704 2815 797 2835 anno
818 2803 1018 2836 Nativitatis
1044 2803 1188 2835 Domini
1214 2803 1407 2836 millesimo
1428 2804 1684 2837 trecentesimo
1711 2805 1938 2849 sexagesimo
1960 2805 2099 2849 quinto,
2126 2804 2184 2837 die
2213 2803 2335 2837 ultima

481 2870 615 2903 mensis
644 2870 816 2910 Januarii,
847 2869 1046 2901 indictione
1077 2869 1193 2910 tertia,
1228 2870 1457 2914 pontificatus
1495 2871 1715 2903 sanctissimi
1745 2871 1781 2903 in
1812 2871 1959 2905 Christo
1989 2871 2101 2916 patris
2130 2877 2166 2904 et
2200 2870 2338 2903 domini

600 2928 638 2952 16.
