2488 3386
197 316 293 352 1394]
963 329 1009 349 DE
1046 328 1286 350 SCHISMATE.
1994 320 2058 353 607

196 409 274 447 pter
295 402 478 434 materiam
500 402 594 434 inter
615 401 698 434 illos
720 401 802 446 plus
822 401 1041 434 ventillatam
1065 408 1099 434 et
1119 401 1234 446 magis
1256 408 1375 434 notam
1398 403 1616 446 [pertineam
1638 409 1673 436 et
1694 409 1731 435 ut
1758 414 1821 447 per
1842 414 1905 435 eos
1925 403 2057 436 avisata

195 468 362 513 pluribus
383 468 560 513 placentia
581 474 892 512 attemptarentur,
918 468 1053 500 vellent
1080 468 1178 508 dare,
1204 468 1345 512 aperire
1367 475 1400 501 et
1421 468 1621 509 notificare,
1648 476 1686 502 ut
1713 469 1858 502 materia
1880 468 2059 502 delibera-

195 535 305 568 tionis
336 541 371 568 et
399 534 604 568 collationis
635 533 841 574 haberetur,
870 534 1045 578 alioquin,
1072 546 1116 566 ne
1147 535 1234 566 tanti
1267 534 1367 575 boni,
1396 535 1490 567 sicut
1519 542 1618 568 esset
1646 536 1731 568 unio
1762 535 2055 577 Christianitatis,

196 601 325 634 dilacio
356 601 473 634 eidem
507 600 741 634 Universitati
775 600 1028 645 imputaretur3
1058 600 1225 645 illaque³¹
1258 612 1322 645 per
1349 601 1497 634 cedulas
1525 601 1561 633 in
1591 602 1741 646 quadam
1772 601 1877 634 archa
1912 602 1954 635 ad
1989 601 2057 635 hoc

195 667 358 700 ordinata
382 667 623 712 reperientur,
647 666 749 699 etiam
774 679 843 711 que
860 668 961 711 juxta
983 667 1233 712 deputatorum
1263 667 1548 700 deliberationes
1575 668 1826 701 advisarentur
1851 680 1916 713 pro
1949 668 2058 701 colla·

195 734 292 766 tione
310 746 388 766 cmn
408 733 514 766 dictis
537 733 693 766 dominis
714 733 895 778 deputatis
916 733 1029 778 regiis
1050 733 1214 766 habenda
1239 734 1468 775 refferentur,
1484 754 1528 758 —
1545 734 1854 779 respondentibus
1876 735 2056 779 siquidem

194 800 342 845 prefatis
363 800 533 839 dominis,
562 800 664 844 ipsos
694 799 811 832 solum
843 800 886 832 ad
914 800 1134 833 audiendum
1163 807 1197 832 et
1226 801 1468 833 refferendum
1491 801 1606 834 fuisse
1631 801 1884 833 commissos³²
1907 812 1913 833 ι
1937 808 2057 845 aperta

194 873 279 899 sunt
299 867 459 911 postea³³
481 878 546 911 per
566 866 778 911 magistrum
800 867 1094 899 refferendarium
1118 867 1154 899 in
1175 867 1358 912 presentia
1381 867 1669 912 deputatorum³⁴

1694 879 1736 900 ex
1760 867 1868 899 modo
1895 867 2057 912 predicto

194 945 258 978 per
278 933 425 966 cedulas
452 939 487 966 et
508 933 734 978 deputatos&
757 933 941 978 predictos
968 933 1084 978 aliqua
1107 933 1348 978 infrascripta.
1372 935 1423 966 De
1446 933 1592 979 quibus,
1615 934 1734 967 audita
1755 934 1791 966 in
1814 934 2057 967 Universitate

194 999 368 1033 relatione
406 1006 441 1033 et
479 1000 810 1033 commissariorum
854 1000 1037 1045 regiorum
1083 1001 1325 1045 responsione
1367 1007 1573 1045 attentaque
1614 1001 1834 1033 comissione
1879 1000 2055 1033 dictorum

194 1066 378 1111 regiorum
412 1066 682 1111 deputatorum,
715 1067 836 1111 posuit
866 1067 984 1099 dictus
1012 1067 1181 1100 dominus
1212 1074 1331 1100 rector
1359 1067 1396 1099 in
1424 1067 1687 1100 deliberatione
1718 1067 1990 1107 Universitatis,
2021 1073 2058 1099 ut

194 1133 425 1178 premittitur,
444 1134 764 1178 perjuramentum
786 1140 995 1175 convocate,
1012 1146 1056 1166 an
1078 1134 1219 1167 scilicet
1242 1134 1467 1167 Universitas
1488 1134 1598 1167 vellet
1618 1134 1810 1179 deputatos
1831 1145 1918 1166 suos
1939 1133 1983 1166 de
2005 1133 2057 1166 sic

192 1200 326 1244 apertis
343 1212 462 1232 coram
481 1199 661 1247 deputatis
684 1200 796 1245 regiis
818 1200 985 1241 advoare,
1003 1200 1060 1233 vel
1082 1200 1236 1245 qualiter
1251 1200 1361 1234 vellet
1382 1200 1535 1233 ulterius
1557 1201 1768 1245 procedere.
1793 1201 1908 1245 Super
1924 1199 2057 1245 quibus

192 1267 287 1299 inter
307 1266 374 1299 alia
395 1266 511 1311 posita
533 1267 569 1298 in
591 1266 854 1299 deliberatione
876 1279 940 1312 per
961 1267 1241 1300 Universitatem
1263 1268 1380 1300 extitit
1407 1267 1539 1300 dictum
1568 1274 1602 1300 et
1629 1267 1880 1307 deliberatum,
1904 1267 2057 1300 Univer—

192 1333 332 1366 sitatem
355 1345 427 1365 non
452 1333 546 1366 velle
571 1333 714 1377 aliquos
743 1333 898 1366 advoare
926 1334 970 1366 de
1000 1334 1106 1366 dictis
1137 1333 1223 1374 illis,
1246 1334 1317 1366 nisi
1347 1334 1446 1378 prius
1478 1334 1552 1366 illis
1582 1333 1714 1366 auditis
1742 1334 1778 1366 in
1800 1333 2055 1367 Universitate.

192 1399 282 1432 Hinc
304 1406 360 1432 est
386 1399 484 1443 quod
505 1411 616 1444 super
636 1400 801 1432 ulteriori
831 1400 939 1433 modo
968 1401 1191 1445 procedendi
1223 1401 1311 1433 dixit
1338 1407 1373 1433 et
1403 1400 1619 1434 deliberavit
1648 1401 1745 1445 quod
1773 1400 1999 1433 Universitas
2020 1400 2056 1432 in

192 1466 387 1498 crastinum
405 1465 555 1498 deberet
572 1466 608 1498 in
631 1467 760 1499 Sancto
778 1467 963 1499 Bernardo
981 1474 1129 1512 propter
1146 1467 1358 1500 arduitatem
1376 1467 1471 1508 facti,
1490 1474 1528 1499 ut
1544 1467 1656 1499 moris
1674 1474 1741 1508 est,
1759 1467 1975 1511 congregari
1994 1478 2057 1511 per

186 1533 446 1577 juramentum,
470 1541 504 1565 et
531 1532 599 1565 sub
621 1533 718 1565 omni
750 1545 852 1578 pena,
877 1540 911 1566 et
941 1533 990 1565 ibi
1018 1534 1062 1566 de
1084 1534 1218 1578 apertis
1246 1545 1364 1566 coram
1394 1534 1574 1578 deputatis
1605 1533 1718 1578 regiis
1746 1533 1956 1566 relationem
1978 1533 2056 1565 fieri

192 1611 271 1632 cum
294 1599 480 1632 coloribus
502 1606 537 1632 et
556 1600 716 1640 motivis,
734 1600 905 1644 quodque
926 1600 1003 1644 ipsa
1026 1600 1252 1633 Universitas
1274 1600 1426 1633 deberet
1447 1600 1649 1633 deliberare
1671 1612 1781 1644 super
1801 1599 1886 1632 illis.

281 1666 510 1711 Quapropter
531 1666 740 1711 sepedictus
762 1667 932 1699 dominus
954 1673 1085 1707 rector,
1109 1673 1147 1699 ut
1168 1667 1322 1708 dicebat,
1346 1666 1482 1699 sciebat
1503 1679 1545 1699 ex
1566 1667 1659 1699 dicta
1686 1666 1941 1700 Universitatis
1967 1666 2057 1698 deli-

192 1732 392 1773 beratione,
409 1732 635 1777 faciebatque
656 1732 746 1766 hanc
766 1740 970 1778 presentem
988 1736 1309 1778 congregationem
1333 1734 1369 1766 in
1386 1734 1515 1767 Sancto
1533 1733 1719 1766 Bernardo
1738 1734 2055 1778 perjuramentum

193 1799 260 1832 sub
283 1811 374 1844 pena
396 1799 462 1832 ista
486 1799 607 1832 dicere
629 1811 740 1844 super
761 1800 783 1844 ij
806 1800 982 1840 articulis,
1004 1801 1172 1845 primitus
1199 1807 1316 1833 tamen
1343 1801 1531 1845 requisitis
1556 1800 1726 1833 omnibus
1752 1806 1786 1832 et
1807 1799 1963 1845 singulis
1989 1799 2057 1832 sub

193 1865 314 1898 debito
332 1867 551 1910 juramento,
570 1866 739 1910 quatinus
762 1873 844 1899 tunc
866 1867 981 1899 danda
1002 1866 1224 1899 haberentur
1241 1874 1391 1908 secreta,
1418 1879 1483 1900 nec
1505 1874 1601 1900 extra
1619 1867 1897 1900 Universitatem
1922 1866 2057 1899 revela-

193 1939 330 1973 rentur,
354 1944 546 1976 quousque
576 1944 694 1965 coram
723 1944 821 1977 rege,
846 1933 877 1965 si
900 1934 1133 1966 Universitati
1155 1933 1352 1978 placerent,
1378 1940 1413 1966 et
1443 1946 1482 1966 ea
1508 1933 1618 1967 vellet
1643 1945 1761 1966 coram
1784 1934 1864 1977 ipso
1887 1933 2055 1977 proponi,

193 1999 349 2031 fuissent
371 1998 476 2031 dicta.

282 2066 397 2108 Quo³⁶
420 2066 624 2110 supposito,
639 2066 785 2110 primus
809 2066 985 2099 articulus
1008 2073 1083 2099 erat
1110 2078 1116 2098 :
1139 2067 1195 2099 Ad
1215 2067 1432 2099 audiendum
1461 2067 1588 2099 modos
1610 2073 1645 2098 et
1663 2067 1738 2099 vias
1767 2073 1911 2110 apertos
1937 2078 2055 2098 coram

193 2132 351 2164 dominis
373 2132 553 2176 deputatis
576 2132 687 2177 regiis
705 2144 815 2176 super
832 2133 968 2177 prefato
987 2133 1101 2173 [sacto]
1119 2133 1287 2172 ecclesie,
1307 2140 1341 2165 et
1357 2133 1632 2165 deliberandum
1648 2144 1758 2177 super
1776 2132 1849 2165 illis
1861 2134 1962 2176 juxta
1978 2144 2058 2176 pre-

193 2199 345 2231 cedente
368 2199 426 2231 die
448 2198 658 2231 deliberata⁴

282 2266 382 2308 Quos
404 2265 532 2298 modos
555 2272 589 2298 et
608 2266 684 2298 vias
707 2265 829 2298 retulit
849 2266 1052 2298 antedictus
1074 2266 1246 2310 magister
1268 2265 1472 2310 Stephanus
1494 2266 1537 2298 de
1559 2265 1795 2299 Calvomonte
1822 2277 1885 2310 per
1911 2265 2055 2298 modum

194 2332 255 2376 qui
276 2331 452 2376 sequitur.
476 2331 567 2374 Quia
589 2331 706 2376 aliqua
727 2338 848 2376 aperta
869 2338 970 2364 erant
1000 2344 1064 2376 per
1088 2332 1233 2364 modum
1264 2331 1570 2376 preambulorum,
1596 2338 1630 2364 et
1656 2331 1774 2376 aliqua
1795 2331 1889 2364 sicut
1908 2331 2055 2364 conclu-

194 2398 331 2438 siones,
363 2398 407 2430 ad
439 2410 527 2442 quas
558 2405 657 2430 esset
692 2398 846 2430 finaliter
876 2398 1149 2434 recurrendum,
1175 2399 1335 2442 primum
1366 2398 1615 2443 preambulum
1647 2405 1722 2430 erat
1756 2398 1852 2442 quod
1887 2398 2055 2430 dominus

195 2472 318 2497 noster
340 2477 413 2505 rex,
441 2465 502 2509 qui
530 2464 856 2497 christianissimus
879 2465 1023 2505 dicitur⁷
1048 2465 1190 2497 mandet
1217 2464 1413 2497 exortando
1436 2476 1499 2509 per
1521 2471 1632 2497 totum
1662 2476 1827 2509 reguum,
1850 2465 1946 2509 quod
1973 2464 2057 2497 fiant

195 2532 452 2575 processiones
474 2531 721 2576 sole[m]pnes,
748 2531 960 2563 afflictiones
983 2538 1017 2563 et
1045 2532 1228 2564 orationes
1259 2543 1323 2575 pro
1346 2531 1480 2563 unione
1502 2538 1536 2563 et
1561 2543 1647 2575 pace
1675 2531 1829 2564 ecclesie
1857 2544 1874 2564 a
1901 2532 2054 2563 Domino

195 2598 436 2642 impetranda3
467 2597 665 2638 secundum,
698 2598 795 2642 quod
824 2598 901 2643 ipse
933 2598 1102 2631 dominus
1128 2598 1455 2631 christianissimus
1482 2609 1543 2630 rex
1563 2597 1692 2630 habeat
1721 2598 1764 2630 de
1787 2597 1984 2630 laborando
2012 2598 2055 2630 ad

194 2663 402 2708 hujusmodi
431 2676 552 2709 pacem
576 2665 839 2709 procurandam
862 2664 953 2697 alios
982 2664 1193 2704 sollicitare,
1216 2676 1364 2696 monere
1386 2671 1421 2696 et
1441 2676 1584 2708 rogare,
1609 2664 1713 2696 etiam
1735 2664 1818 2696 illos
1840 2665 1884 2696 de
1905 2665 2055 2696 adverse

195 2731 305 2775 partis
323 2730 542 2772 obedientia,
560 2737 598 2763 ut
614 2731 744 2763 faciant
761 2738 796 2763 ut
815 2743 940 2776 supra;
960 2731 1084 2771 tertio,
1103 2731 1199 2775 quod
1221 2731 1313 2763 idem
1334 2730 1503 2763 dominus
1526 2742 1587 2763 rex
1609 2731 1742 2763 scribat
1762 2731 1908 2762 domino
1930 2737 2055 2762 nostro

196 2809 299 2842 pape,
325 2804 362 2829 ut
383 2797 549 2830 similiter
570 2797 613 2829 ad
643 2797 710 2830 hoe
738 2798 877 2830 laboret
899 2810 977 2830 cum
1001 2798 1143 2838 effectu,
1171 2801 1275 2838 [cum]
1300 2798 1372 2841 jam
1396 2797 1529 2829 tamdiu
1556 2797 1623 2829 hoc
1645 2797 1896 2841 da[m]pnatum
1926 2797 2054 2828 scisma

196 2863 391 2904 duraverit,
416 2875 482 2896 nec
502 2863 618 2896 adhuc
641 2864 875 2896 remediatum
906 2865 962 2904 sit,
987 2876 1052 2896 nec
1079 2876 1163 2908 spes
1192 2870 1245 2896 est
1273 2863 1360 2896 alias
1382 2863 1425 2896 de
1449 2863 1611 2908 proximo
1639 2863 1799 2895 remedio
1821 2862 2053 2907 apponend03
