2488 3386
404 326 468 359 770
1194 330 1317 353 innsx
1351 330 1501 352 annum.

433 417 582 442 catholicam
599 416 734 445 dicentem,
748 415 815 439 infra
831 416 926 446 septem
946 414 1008 444 dies,
1024 414 1142 446 episcopo
1157 414 1205 437 aut
1221 412 1319 436 cancel-

433 457 495 482 lario
515 456 598 480 Paris.
620 455 751 486 revelabit,
771 455 827 485 1213
847 454 984 479 baccalarei
1004 454 1035 478 ad
1058 454 1183 478 lecturam
1205 453 1320 477 Senten-

410 517 412 519 .
434 498 536 525 tiarum,
559 496 597 520 vel
620 496 651 520 ad
676 495 805 520 licentiam
827 494 993 523 admittendi,
1015 497 1042 518 et
1065 493 1172 518 admissi
1194 493 1319 518 licentiati

432 537 558 569 impediti,
573 537 633 566 354;
652 535 744 560 baccal.
760 535 843 559 solent
859 537 929 559 stare
950 534 977 559 in
997 534 1083 558 studio
1098 534 1182 558 Paris.
1198 535 1256 565 post
1271 533 1320 557 lec-

432 579 516 600 turam
534 576 661 605 Sentent„
675 575 733 606 3863
751 577 850 600 statuta
867 574 967 600 Urbani
985 575 1008 599 V
1028 574 1095 606 quod
1116 575 1174 606 post
1194 573 1319 598 lecturam

432 617 622 641 Sententiarum
645 616 739 640 baccal.
762 615 870 639 Parisiis
893 615 1043 645 residerent,
1062 614 1216 646 priusquam
1238 613 1319 637 licen—

431 657 495 681 tiam
524 657 679 686 obtinerent,
702 658 755 680 tres
781 656 820 680 vel
844 658 957 688 quatuor
980 663 1069 685 annOS,
1093 655 1146 685 368,
1170 655 1229 684 369;
1254 653 1319 678 illud

432 698 558 721 statutum
575 696 638 720 utile
657 698 698 720 est
719 698 820 728 propter
842 695 1031 726 disputationes
1050 695 1118 719 inter
1138 694 1243 724 baccal.,
1258 693 1317 724 36&

430 737 580 761 deliberatio
590 737 664 761 Univ.
674 736 704 760 dc
715 735 880 760 observandis
891 735 997 760 statutis
1007 735 1107 759 Urbani
1118 735 1142 759 V
1153 734 1237 766 quoad
1248 734 1318 758 baec.

430 777 455 801 in
470 776 558 806 theol.,
573 777 618 808 qui
634 779 691 808 post
705 776 830 801 lecturam
846 775 1038 800 Sententiarum
1054 783 1099 807 per
1114 774 1318 807 quinquennium

430 817 456 840 in
473 816 557 841 studio
572 816 655 841 Paris.
669 819 738 841 stare
752 819 881 845 tenentur,
899 815 953 839 479.

400 871 459 875 -—
475 857 642 882 Baccalarez·
656 857 782 887 formati,
796 856 841 880 333
854 855 981 884 n01493*,
995 855 1049 883 356,
1061 855 1117 884 368,
1128 855 1183 884 370,
1195 855 1248 883 378,
1261 855 1317 885 386,

431 896 486 925 388,
499 896 553 925 442,
572 896 627 925 446,
642 896 696 926 450,
713 896 766 924 451,
785 895 837 926 463,
855 895 900 920 551
918 900 948 919 n⁰
970 895 1059 925 [6042
1079 897 1106 919 et
1115 896 1239 926 passim,-
1259 899 1318 919 vota

431 936 633 961 baccalareorum
646 936 813 960 formatorum
828 935 859 960 de
873 935 1081 967 responsionibus
1095 934 1317 959 admittendorum

430 976 462 1000 ad
477 976 598 1000 lecturam
619 976 811 1000 Sententiarum
825 977 851 1000 in
863 975 1045 1008 disputatione,
1061 976 1116 1000 442.
1129 990 1159 993 —
1171 975 1317 1000 Baccalarei

432 1024 480 1040 non
508 1016 610 1040 formati
636 1017 662 1040 et
688 1024 819 1046 cursores,
839 1016 899 1047 463;
919 1015 1083 1040 baccalareus
1108 1023 1204 1045 cursor,
1227 1015 1274 1040 500
1289 1020 1317 1039 n⁰

432 1056 516 1080 1561*.

398 1112 458 1114 --—
475 1097 581 1122 Bedelli
595 1097 621 1121 in
633 1097 790 1129 depositione
802 1097 934 1122 facultatis
944 1105 1028 1121 coram
1043 1096 1203 1127 cancellario,
1218 1096 1316 1128 deposi-

428 1137 495 1162 tione
515 1137 591 1167 facta,
607 1138 638 1161 ut
658 1137 737 1162 moris
755 1139 803 1167 est,
819 1137 899 1162 vocati
915 1139 983 1166 sunt,
1000 1137 1061 1167 369;
1076 1137 1149 1161 ibant
1167 1137 1198 1161 ad
1215 1137 1316 1161 scholas

428 1178 454 1201 in
470 1177 581 1201 claustro
593 1177 715 1202 ccclesiae
735 1178 826 1204 Paris..
843 1177 890 1202 3ῗὸ
906 1182 936 1202 n⁰
949 1177 1021 1208 14883
1039 1185 1085 1210 pro
1104 1177 1239 1209 principiis
1254 1177 1316 1202 Sen-

428 1217 567 1241 tentiarum
583 1217 641 1249 plus
657 1225 733 1249 quam
753 1219 807 1242 tres
826 1218 927 1242 francos
944 1218 1001 1242 auri
1021 1218 1130 1250 recipere
1145 1225 1195 1241 non
1209 1217 1314 1248 debent,

427 1257 481 1282 319.
507 1271 539 1275 —
564 1257 661 1281 Bedelli
688 1257 840 1289 principales
865 1266 871 1281 :
898 1265 922 1282 v.
950 1259 1087 1281 AEGinms
1113 1257 1313 1286 Iammuroms,

427 1297 570 1321 JOIIANNES
591 1304 625 1321 DE
645 1298 765 1327 ACYAco,
785 1297 927 1322 Nmomus
943 1298 1072 1322 THOMAE.
1092 1311 1123 1315 —-
1145 1297 1313 1322 Subbedelli:

427 1345 451 1362 υ.
466 1338 601 1361 Ascxmus
619 1337 819 1367 IMPERA'roms,
833 1338 988 1362 Jonsnsns.

1405 427 1435 432 —
1454 412 1658 444 Disputationes,
1679 411 1735 437 512.
1758 426 1790 431 —
1812 410 1995 443 Expeditiones
2009 410 2213 440 licentiatorum,
2236 410 2293 441 370,

1405 453 1460 481 350,
1480 453 1536 482 386,
1556 453 1611 483 414,
1634 454 1660 477 et
1677 453 1802 483 passim,·
1819 451 1950 483 expeditio
1970 452 2000 475 fit
2017 458 2062 483 pro
2081 458 2133 475 uno
2149 450 2212 480 solo,
2234 450 2293 481 3803

1405 493 1532 525 expeditio
1552 493 1676 525 rigorosa,
1691 493 1745 518 386.
1759 507 1790 511 —
1804 493 1917 524 Incipere
1931 499 2033 520 cursus,
2050 491 2187 520 lecturam,
2209 491 2294 522 magi-

1404 534 1514 558 sterium
1526 533 1576 558 sub
1591 533 1725 565 magistro,
1738 533 1797 563 3593
1813 533 1926 564 incipere
1941 532 2078 562 lecturam,
2090 531 2146 556 366.
2159 545 2190 550 -·
2202 531 2292 556 Prima

1404 574 1479 599 lectio
1496 574 1663 606 magistralis,
1678 574 1737 604 486;
1753 581 1778 599 v.
1795 574 1959 604 Resumpta.
1974 587 2001 592 --
2016 573 2139 601 Quaestio
2152 572 2292 600 ordinaria.

1404 615 1430 639 in
1443 615 1566 644 Sorbona,
1580 615 1625 639 441
1638 619 1668 638 n0
1683 615 1752 639 1534.
1763 629 1795 633 -
1806 614 1996 647 Responsiones
2010 613 2226 645 baccalarcorum,
2236 612 2293 642 368,

1404 655 1464 687 370;
1481 656 1612 688 responsio
1627 655 1765 685 ordinaria,
1777 655 1804 679 in
1819 655 1944 684 Sorbona,
1957 655 2017 685 4423
2031 654 2210 686 responsiones
2223 652 2292 678 ordi-

1405 697 1492 721 narias
1505 698 1609 721 teneant
1625 696 1744 728 magistri
1763 696 1881 728 deputati
1901 704 1946 727 per
1964 695 2121 723 facultatem,
2138 696 2166 719 et
2184 693 2294 726 quilibet

1404 737 1530 768 magister
1540 737 1616 768 juret
1626 735 1736 760 fideliter
1746 735 1842 760 referre
1853 735 1885 760 de
1896 734 2050 759 sufficientia
2063 734 2101 759 vel
2111 733 2295 759 insufficientia

1404 776 1577 808 responsionis
1598 775 1734 800 baccalarci
1756 774 1944 807 respondentis,
1960 774 2018 805 442;
2037 774 2068 798 de
2084 773 2294 806 responsionibus

1404 815 1624 840 admittendorum
1645 815 1677 840 ad
1698 815 1824 839 lecturam
1837 815 1966 845 Sentent.,
1982 814 2108 845 magister
2123 814 2168 846 qui
2188 821 2294 845 respon-

1405 855 1471 879 sioni
1492 854 1656 887 praesidebat
1672 855 1732 878 vota
1749 853 1959 878 baccalareorum
1977 853 2147 878 formatorum
2162 852 2294 885 inquirere

1403 896 1521 925 debebat,
1534 898 1561 920 et
1577 903 1716 920 numerum
1736 894 1903 926 arguentium
1923 901 2018 919 necnon
2038 894 2183 927 opinionem
2202 902 2293 919 eorum

1403 937 1435 961 de
1455 937 1608 961 sufficientia
1623 936 1797 968 responsionis
1818 935 1844 960 in
1868 935 2067 967 congregatione
2088 936 2221 961 facultatis
2239 943 2293 960 ma-

1403 977 1486 1008 gister
1513 977 1608 1001 referre
1631 975 1749 1005 debebat,
1774 975 1834 1006 4423
1860 975 1987 1006 magister
2015 975 2190 1007 quaestionem
2213 983 2292 1007 quam

1403 1017 1536 1050 disputare
1551 1017 1663 1041 voluerit
1678 1017 1768 1040 tradat
1783 1015 1938 1045 baccalareo,
1953 1017 1980 1040 et
1994 1023 2044 1040 non
2059 1015 2222 1040 baccalareus
2236 1023 2291 1041 ma-

1403 1058 1496 1089 gistro,
1515 1058 1570 1082 442.
1592 1071 1622 1076 —
1641 1058 1804 1087 Resumpta,
1823 1055 1878 1086 487,
1894 1056 1950 1085 490,
1965 1056 2025 1086 491;
2045 1056 2149 1088 quando
2168 1056 2293 1088 magister

1402 1097 1465 1122 facit
1483 1098 1593 1130 primam
1614 1096 1751 1121 lectionem
1769 1095 1955 1127 magistralem,
1970 1096 2050 1127 491*;
2064 1103 2155 1120 novem
2174 1096 2293 1129 proposi-

1401 1138 1485 1163 tiones
1499 1138 1526 1162 in
1541 1139 1684 1169 resumpta,
1699 1136 1756 1161 502.
1770 1150 1801 1154 —
1811 1136 1960 1167 Siynetum
1974 1144 1983 1161 :
1998 1136 2035 1160 De
2051 1137 2174 1161 missione
2186 1136 2290 1169 signeti,

1401 1178 1457 1208 379,
1470 1178 1525 1207 405,
1535 1178 1661 1208 passim‚·
1675 1177 1852 1209 praesentatio
1865 1176 1969 1208 signati,
1979 1177 2033 1207 355,
2046 1177 2101 1207 356,
2112 1177 2172 1208 357;
2185 1177 2213 1202 in
2223 1184 2294 1210 prae-

1401 1218 1547 1243 sentatione
1561 1217 1724 1248 signetorum
1738 1215 1834 1240 nullam
1850 1216 1987 1248 pecuniam
1996 1216 2099 1248 exigere
2111 1216 2186 1241 debet
2197 1213 2293 1241 canoel-

1401 1258 1482 1283 larius
1495 1266 1510 1282 a
1520 1257 1673 1282 baccalareis
1685 1256 1847 1280 licentiandis
1858 1256 1895 1280 vel
1909 1255 1942 1280 ad
1958 1256 2081 1281 lecturam
2096 1256 2293 1287 Sententiarum

1400 1298 1578 1327 admittendis,
1594 1297 1654 1328 3543
1671 1296 1783 1329 receptio
1795 1296 1898 1328 signati,
1914 1296 1973 1327 3803
1985 1297 2011 1321 in
2025 1297 2169 1329 receptione
2183 1293 2291 1329 signeti,

1400 1337 1572 1363 licentiandus
1586 1337 1633 1362 dat
1646 1336 1737 1361 vinum
1753 1337 1780 1360 et
1796 1335 1892 1368 species
1911 1338 1937 1361 et
1955 1336 2088 1368 pecuniam
2104 1335 2256 1361 cancellario
2266 1338 2293 1361 et

397 1391 457 1395 -—
477 1379 710 1408 Conqreyationes
733 1377 862 1402 facultatis
886 1377 912 1401 in
933 1377 1045 1410 capitulo
1064 1378 1090 1402 S.
1109 1377 1241 1406 Maturini,
1258 1377 1314 1407 335,

427 1418 480 1445 378,
497 1418 555 1448 4913
570 1419 628 1450 post
645 1418 757 1449 primam
771 1418 797 1442 S.
811 1417 908 1449 Jacobi,
918 1418 977 1448 491;
994 1418 1020 1442 in
1034 1417 1145 1450 Collegio
1159 1417 1314 1442 scholarium

426 1457 457 1482 de
473 1458 597 1488 Navarra,
612 1458 668 1482 442.

396 1512 458 1516 -—
476 1499 618 1528 cursores,
633 1506 656 1523 υ.
673 1498 849 1523 Baccalarei.

396 1553 457 1555 --ψ
473 1539 605 1564 Decanus
620 1546 629 1562 :
644 1538 685 1562 Ad
703 1538 881 1571 supportanda
895 1546 971 1563 onera
986 1538 1085 1568 decani,
1099 1540 1192 1570 quater
1208 1538 1234 1562 in
1248 1545 1315 1562 anno

426 1578 538 1610 eligatur
547 1586 615 1603 unus
624 1579 733 1603 vicarius
742 1587 787 1603 seu
797 1579 955 1610 vicesgerens
964 1579 1046 1611 ipsius
1054 1579 1150 1610 decani,
1157 1579 1203 1603 333
1209 1584 1238 1603 ιιο
1245 1578 1314 1609 1494;

427 1619 470 1643 ille
484 1618 596 1643 vicarius
610 1627 656 1651 per
673 1621 785 1650 quatuor
799 1619 949 1650 magistros,
969 1619 1034 1644 duos
1055 1619 1188 1651 religiosos
1206 1622 1232 1643 et
1248 1619 1315 1643 duos

426 1659 572 1684 saeculares
590 1659 711 1692 eligatur,
725 1659 771 1684 333
786 1664 815 1684 110
834 1659 899 1684 1494.
918 1674 949 1678 —
962 1660 1055 1684 Decani
1072 1668 1078 1683 z
1094 1667 1118 1684 v.
1133 1661 1314 1684 GUILLELMUS

1400 1379 1456 1411 ejus
1475 1379 1656 1407 familiaribus,
1679 1379 1735 1408 370,
1750 1378 1805 1408 371,
1821 1378 1877 1408 405,
1890 1378 1950 1409 4163
1966 1378 2034 1403 lator
2052 1380 2100 1402 aut
2121 1379 2240 1410 portator
2257 1378 2293 1403 si-

1401 1419 1483 1451 gneti,
1494 1419 1548 1444 356.
1561 1433 1590 1438 -
1604 1419 1757 1450 Vesperiae,
1768 1419 1824 1448 357,
1834 1419 1890 1448 369,
1901 1419 1956 1448 486,
1966 1419 2021 1448 487,
2033 1418 2088 1448 488,
2099 1418 2154 1448 489,
2165 1418 2220 1449 491,
2231 1418 2291 1449 5125

1399 1460 1517 1492 quinque
1532 1460 1718 1492 propositiones
1738 1460 1765 1484 in
1785 1460 1917 1492 vesperus,
1935 1459 1996 1490 502;
2013 1459 2191 1492 responsiones
2205 1466 2292 1492 vespe-

1401 1501 1498 1525 riarum
1515 1508 1612 1525 necnon
1628 1501 1781 1525 Sorbonens.
1796 1503 1823 1525 et
1838 1500 1921 1529 aulae,
1937 1500 1993 1525 662.

1370 1556 1430 1559 —-
1448 1541 1601 1570 Jubilaeus,
1614 1540 1670 1571 335,
1683 1539 1738 1569 358,
1754 1540 1809 1570 368,
1824 1539 1880 1570 369,
1893 1539 1947 1570 374,
1961 1539 2018 1564 380.

1370 1596 1432 1600 -
1448 1581 1601 1606 Licentiati
1615 1581 1640 1605 in
1661 1581 1755 1605 Nostra
1770 1580 1888 1610 Domina,
1900 1580 1961 1610 4793
1978 1580 2105 1605 licentiati
2122 1580 2148 1604 in
2166 1580 2227 1605 aula
2240 1580 2293 1613 epi-

1401 1623 1496 1655 scopali
1520 1623 1613 1653 Paris.,
1635 1622 1691 1652 373,
1707 1629 1732 1646 υ.
1754 1622 1847 1652 Aulam
1869 1623 2001 1646 statutum
2022 1629 2102 1653 papae
2130 1621 2196 1653 quod
2220 1620 2291 1646 bacc.

1400 1663 1527 1688 lioentiari
1542 1670 1593 1687 non
1607 1662 1718 1687 debeant
1734 1662 1784 1686 nisi
1797 1662 1829 1686 de
1837 1661 1943 1686 biennio
1958 1661 1984 1685 in
1999 1661 2140 1691 biennium,
2155 1661 2218 1693 368;
2234 1669 2291 1688 cnu-

427 1700 570 1730 BARRAUT,
582 1699 678 1724 Gumis.
693 1706 726 1723 ns
740 1700 876 1729 Luunlus,
889 1700 1033 1724 JOHANNES
1044 1707 1078 1723 nr:
1093 1701 1237 1729 Hrsmmo,
1251 1700 1313 1724 Jon.

426 1746 461 1763 nn
476 1739 631 1764 KEROULAY
648 1739 735 1764 dictus
758 1741 912 1769 MAunvcn,
939 1741 1112 1764 RAnunrnus
1141 1740 1313 1771 Gmcnanm,

427 1781 514 1803 SIMON
525 1779 647 1803 Fennox.
657 1794 686 1797 —-
694 1779 784 1803 Modus
795 1779 907 1810 eligendi
918 1780 1044 1804 vicarium
1057 1787 1102 1804 seu
1115 1780 1314 1811 vicesgerentem

427 1819 515 1843 decani
538 1819 680 1849 facultatis,
703 1819 750 1851 qui
774 1819 866 1844 habeat
889 1821 991 1852 portare
1017 1828 1094 1844 onera
1117 1820 1191 1844 officii
1216 1820 1314 1850 decani,

427 1858 474 1883 333
486 1864 515 1883 n⁰
530 1859 598 1884 1494.
612 1874 642 1877 —
657 1860 751 1883 Decani
773 1859 988 1889 locumtenentes,
1003 1859 1057 1890 333,
1072 1868 1096 1885 v.
1112 1860 1266 1885 Gmmnnus
1279 1867 1314 1884 nn

426 1900 563 1930 szvmo,
579 1900 733 1924 Hanvfflus
748 1899 869 1930 Sunvnx,
885 1901 1052 1924 STEPHANUS
1069 1907 1103 1924 ns
1119 1901 1313 1925 CALvomox‘rs.

1400 1704 1520 1729 cellarius
1536 1703 1631 1733 Paris.,
1645 1702 1703 1727 Joh.
1718 1702 1868 1732 Blanchart,
1882 1703 1928 1726 hoc
1938 1703 2071 1726 statutum
2087 1702 2291 1735 transgreditur,

1400 1746 1455 1775 368,
1471 1753 1496 1770 υ.
1507 1745 1668 1774 Jubilaeus;
1682 1751 1751 1768 unus
1765 1743 1796 1767 de
1809 1743 1923 1775 quolibet
1938 1742 2033 1767 Ordine
2047 1742 2249 1768 Mendicantium
2264 1743 2293 1767 et

1400 1785 1426 1810 S.
1439 1783 1566 1808 Bernardi
1588 1782 1702 1814 singulis
1721 1782 1832 1807 bienniis
1851 1782 1979 1806 licentiari
2001 1781 2085 1811 debet,
2101 1781 2161 1811 3683
2175 1781 2223 1806 hoc
2239 1782 2293 1806 sta-

1400 1826 1490 1849 tutum
1504 1823 1696 1855 transgreditur
1710 1822 1880 1848 cancellarius
1895 1822 1990 1852 Paris.,
2003 1821 2062 1852 3683
2080 1821 2112 1845 de
2127 1820 2292 1846 licentiandis

1401 1873 1480 1897 super
1494 1866 1608 1896 quatuor
1622 1864 1723 1896 punctis
1737 1863 1863 1888 examinis
1880 1863 2076 1894 interrogantur
2091 1861 2220 1894 magistri,
2235 1860 2292 1891 374,

1399 1906 1454 1936 376,
1469 1905 1515 1929 387
1523 1913 1529 1935 3
1546 1905 1573 1928 in
1593 1903 1790 1935 congregatione
1805 1903 1870 1927 facta
1885 1911 1932 1935 per
1948 1902 2129 1927 cancellarium
2146 1901 2292 1927 licentiandi

396 1955 457 1959 ——
473 1941 590 1965 Errores
605 1948 614 1964 :
629 1940 801 1964 Cancellarius
820 1940 959 1971 diligenter
978 1941 1110 1965 examinat
1130 1941 1316 1973 propositiones

427 1979 533 2008 delatas,
548 1980 573 2004 in
596 1980 686 2004 multis
705 1980 957 2011 congregationibus,
973 1980 1030 2011 1213
1046 1988 1145 2005 errores
1158 1988 1172 2004 a
1185 1981 1316 2006 Ludovico

427 2020 458 2044 de
479 2020 579 2049 Padua,
595 2020 656 2044 Ord.
672 2019 746 2050 Min„
762 2020 882 2050 revocati,
900 2020 931 2044 95
951 2026 979 2044 n⁰
996 2020 1068 2051 l270;
1086 2028 1186 2045 errores
1203 2021 1230 2045 iu
1250 2021 1316 2046 libro

427 2059 614 2091 magistrorum
635 2060 743 2084 Marsilii
762 2059 793 2084 de
813 2059 904 2084 Padua
920 2061 946 2084 et
967 2060 1093 2084 Johannis
1108 2060 1140 2086 de
1155 2061 1284 2090 Janduno,
1300 2069 1316 2084 a

429 2101 545 2124 Johanne
559 2100 634 2124 XXII
653 2100 778 2130 damnati,
793 2100 849 2130 224,
865 2099 946 2131 227*;
962 2100 1031 2124 hunc
1047 2100 1144 2124 librum
1159 2100 1184 2124 in
1199 2100 1315 2132 linguam

429 2140 585 2165 Gallicanam
610 2140 745 2172 inquisivit
768 2140 878 2164 facultas
902 2140 979 2164 theol.
1004 2140 1089 2164 Paris.
1114 2140 1235 2172 quisnam
1257 2142 1316 2165 tra-

429 2180 555 2211 duxisset,
568 2180 686 2210 223-227;
701 2188 801 2205 errores
819 2180 887 2204 circa
900 2180 1103 2210 Eucharistiam,
1121 2180 1200 2210 197*;
1217 2188 1317 2205 errores

430 2229 445 2245 a
460 2221 563 2245 Simone
579 2221 699 2250 revocati,
719 2221 761 2250 11;
781 2228 881 2245 errores
900 2228 917 2245 a
936 2220 1053 2244 Guidone
1074 2220 1203 2252 [Aegydio
1216 2221 1249 2246 de
1264 2221 1317 2245 Me—

431 2260 518 2292 donta]
535 2260 567 2285 de
583 2260 709 2285 charitate
730 2262 755 2284 et
776 2260 856 2285 libero
876 2260 985 2285 arbitrio
1008 2260 1129 2290 revocati,
1144 2260 1186 2290 213
1204 2262 1317 2294 proposi-

432 2301 513 2324 tiones
530 2301 655 2325 Joliannis
674 2300 704 2324 de
721 2300 810 2325 Calore
831 2300 974 2332 explicatae
988 2300 1019 2325 de
1037 2301 1239 2332 perfectionibus
1261 2302 1316 2331 Dei,

1401 1945 1485 1970 solent
1506 1943 1707 1969 recommendari
1733 1943 1843 1976 publice,
1869 1943 1929 1973 380;
1955 1942 2134 1975 juramentum
2157 1943 2293 1972 praestant

1400 1985 1549 2011 licentiandi
1560 1985 1586 2009 in
1595 1984 1654 2009 aula
1668 1984 1813 2016 episcopali,
1824 1984 1879 2009 414.
1890 1997 1922 2002 —-
1933 1984 1990 2008 Vid.
2002 1982 2192 2009 Cancellarius
2202 1977 2292 2009 Paris.

1369 2040 1431 2045 -—
1445 2025 1551 2050 Nuntii
1562 2033 1621 2049 cum
1638 2024 1737 2049 rotulo:
1748 2032 1774 2050 v.
1786 2024 1929 2048 Jonmnns
1942 2030 1977 2048 nn
1989 2025 2113 2054 SANCTls,
2125 2023 2292 2048 Srsrnmus

1401 2067 1535 2091 GALmzn.

1370 2121 1432 2126 -—-
1449 2106 1546 2131 Rotuli
1566 2104 1710 2135 facultatis,
1728 2104 1768 2135 78,
1791 2104 1845 2135 127,
1869 2104 1925 2134 247,
1945 2103 2000 2128 248.
2024 2117 2056 2122 -
2076 2103 2189 2128 Rotulus
2209 2103 2292 2136 mgi-

1402 2149 1518 2172 strorum
1533 2146 1677 2178 regentium
1690 2146 1717 2169 in
1733 2145 1864 2175 facultate,
1880 2144 1936 2175 446,
1952 2152 1978 2169 υ.
1994 2144 2105 2169 Nuntii.

1370 2202 1432 2206 -—
1449 2188 1604 2216 Sermones,
1619 2186 1675 2210 512.

1370 2243 1431 2246 ——
1450 2227 1589 2257 Serviens,
1602 2234 1626 2251 v.
1643 2226 1783 2256 Bedellus,
1799 2233 1825 2250 υ.
1841 2225 1982 2249 ΝῐοοιΑυε
1996 2224 2097 2248 Tuum.

1371 2282 1432 2286 -—
1450 2268 1581 2297 Servitor,
1597 2266 1652 2296 248,
1668 2274 1693 2291 υ.
1710 2266 1848 2294 Bedellus,
1863 2272 1889 2289 v.
1904 2265 2047 2289 Jonmnns
2058 2264 2208 2288 Manssxon.

1372 2323 1432 2327 -—
1451 2309 1624 2337 Vacationes,
1639 2306 1699 2337 369;
1712 2306 1739 2330 in
1754 2305 1932 2330 vacationibus
1946 2306 2063 2334 lectores,
2078 2312 2103 2330 υ.
2119 2303 2246 2330 Ordines.

434 2341 486 2364 108.
506 2354 537 2358 —
551 2341 688 2364 Processus
703 2342 791 2364 contra
808 2340 958 2371 Dionysium
981 2340 1139 2366 Foullechat.
1160 2341 1222 2365 Ord.
1242 2341 1316 2371 Min„

433 2380 463 2405 de
477 2380 608 2405 erroribus
622 2380 685 2411 ejus,
702 2387 726 2404 v.
742 2380 874 2405 Minores.
891 2394 923 2398 —
941 2380 1048 2405 Errores
1062 2380 1160 2405 Nicolai
1175 2380 1207 2405 de
1226 2381 1318 2414 Esper-

433 2428 495 2445 unco
505 2420 619 2444 damnati
629 2422 699 2449 sunt,
714 2420 759 2445 488
766 2429 772 2450 ;
784 2420 815 2444 de
826 2420 923 2444 haeresi
933 2421 1000 2444 circa
1010 2422 1198 2445 sacramentum
1210 2421 1316 2451 Altaris,

434 2460 572 2493 praepositi
592 2461 683 2489 Paris.,
702 2460 747 2484 298
761 2465 788 2484 n⁰
806 2460 879 2490 14573
899 2467 998 2484 errores
1016 2463 1106 2484 contra
1120 2460 1317 2493 Conceptionem

434 2501 463 2526 Β.
480 2500 575 2525 Mariae
595 2500 721 2531 Virginis,
742 2500 781 2530 99,
800 2501 880 2530 229*;
900 2500 1025 2532 quaedam
1045 2500 1183 2532 propositio
1197 2501 1318 2526 damnata

435 2545 476 2565 est
489 2539 520 2564 de
534 2540 705 2572 Conceptione
722 2541 751 2564 B.
769 2541 895 2572 Virginis,
908 2541 962 2567 381.
980 2540 1046 2564 389*
1062 2548 1087 2564 n.
1104 2540 1143 2565 23.
1158 2555 1189 2559 —
1201 2542 1319 2574 Proposi-

435 2581 517 2605 tiones
524 2580 648 2604 Johannis
657 2580 687 2605 de
695 2581 853 2611 Montesono,
863 2584 951 2605 contra
959 2580 1158 2612 Conceptionem
1167 2580 1197 2605 Β.
1204 2581 1249 2611 Μ.,
1257 2583 1316 2613 etc.,

435 2629 460 2645 v.
476 2621 697 2647 praedicatores.

405 2675 465 2679 -—-
482 2662 627 2685 Examina
644 2666 670 2685 ec
685 2663 794 2692 aradus
806 2669 815 2685 :
831 2661 1003 2685 Cancellarius
1022 2661 1104 2685 Paris.
1123 2663 1227 2694 propter
1243 2662 1318 2692 dona,

437 2708 543 2724 munera
561 2701 587 2723 et
603 2700 788 2732 corruptiones,
803 2700 835 2725 ad
855 2700 950 2732 gradus
969 2700 1086 2725 admittit
1108 2701 1175 2725 baec.
1190 2701 1318 2733 indignos,

437 2741 467 2764 de
479 2741 574 2772 quibus
589 2741 707 2772 magistri
718 2741 797 2767 theol.
809 2748 859 2765 non
872 2741 1051 2773 deposuerant,
1063 2749 1092 2765 ac
1104 2742 1172 2773 cogit
1185 2742 1320 2767 nonnullos

438 2780 584 2805 licentiatos
594 2780 803 2813 baccalareosque
812 2781 844 2805 ad
853 2781 1011 2812 recipiendos
1022 2781 1119 2812 gradus
1131 2781 1319 2806 baccalareatus

437 2825 462 2846 et
481 2822 652 2853 magistratus
670 2822 718 2846 sub
739 2823 793 2854 ipso
814 2825 840 2846 et
859 2829 908 2846 nou
927 2821 1016 2853 altero,
1036 2821 1091 2851 354,
1112 2822 1166 2852 359,
1189 2821 1244 2851 360,
1259 2822 1318 2852 3793

438 2870 462 2886 υ.
479 2863 651 2891 Baccalarei,
665 2863 822 2887 Licentiati.
833 2863 947 2887 —Aula
958 2871 967 2887 :
979 2862 1038 2886 Dies
1053 2862 1186 2894 assignata
1196 2870 1241 2894 pro
1251 2862 1319 2892 aula,

437 2903 496 2932 381;
511 2917 541 2922 -—
554 2902 702 2927 licentiandi
717 2903 797 2927 vocati
815 2903 841 2927 in
855 2902 915 2927 aula
931 2902 1068 2934 episcopali
1084 2902 1179 2933 Paris.,
1194 2902 1248 2933 380,
1264 2902 1319 2927 512.

530 2948 569 2971 97.

1371 2381 1516 2405 Facem-as
1527 2379 1718 2404 neem-,ronna
1727 2378 1834 2402 vocatur
1842 2375 1951 2402 facultas
1958 2383 2094 2402 canonum.
2103 2375 2162 2406 6053
2173 2375 2291 2400 doctores

1403 2427 1492 2445 omnes
1507 2421 1629 2443 vocantur
1643 2418 1786 2449 collegium,
1803 2417 1862 2447 322;
1879 2415 2014 2447 collegium
2030 2414 2162 2439 facultatis
2181 2413 2292 2439 decreto-

1403 2469 1470 2489 rum.
1487 2461 1543 2491 468,
1558 2460 1614 2490 473,
1629 2460 1685 2489 565,
1702 2458 1762 2490 568;
1778 2459 1837 2490 post
1850 2457 1897 2481 fac.
1913 2456 2001 2486 theol„
2014 2456 2063 2480 fac.
2078 2455 2174 2480 decret.
2188 2454 2292 2480 nobilis-

1404 2502 1471 2527 sima
1484 2501 1563 2526 estin
1580 2500 1667 2526 studio
1683 2500 1778 2529 Paris.,
1799 2498 1854 2529 425,
1870 2497 1925 2528 433,
1947 2496 2006 2527 473;
2021 2496 2105 2520 Paris.
2120 2495 2233 2520 facultas
2245 2503 2293 2521 sn-

1404 2542 1502 2574 tiquior
1518 2543 1557 2566 est
1576 2541 1682 2565 ecclesia
1698 2538 1848 2567 Parmensi,
1871 2537 1931 2567 324;
1954 2538 1985 2561 ut
2003 2538 2134 2560 statutum
2153 2535 2290 2567 habentur,

1405 2588 1507 2605 necesse
1516 2582 1556 2604 est
1570 2580 1596 2605 id
1611 2580 1687 2604 sitin
1706 2583 1822 2611 tempore
1838 2576 1978 2606 ordinario,
2002 2578 2029 2600 et
2047 2578 2106 2608 post
2119 2579 2174 2600 tres
2189 2576 2291 2606 missas,

1404 2621 1459 2651 429,
1475 2620 1530 2651 437,
1545 2620 1608 2650 535;
1622 2621 1720 2644 statuta
1731 2617 1864 2643 facultatis
1883 2617 1990 2646 decret,
2002 2615 2118 2646 641-6573
2135 2616 2233 2640 secreta
2243 2615 2293 2639 col-

1405 2661 1464 2692 legii
1482 2667 1531 2684 non
1550 2659 1747 2688 revelabuntur,
1763 2657 1825 2687 652;
1848 2658 1948 2682 statuta
1963 2655 2095 2680 facultatis
2113 2662 2179 2687 quae
2197 2655 2292 2680 debent

1404 2701 1456 2732 legi
1470 2700 1586 2732 quolibet
1596 2707 1673 2730 anno,
1689 2699 1720 2723 de
1735 2697 1894 2723 scholaribus
1903 2697 1935 2721 ad
1950 2697 2075 2721 lecturam
2087 2695 2256 2721 decretalium
2265 2697 2292 2720 et

1405 2741 1437 2766 ad
1452 2741 1582 2766 licentiam
1597 2739 1802 2772 praesentandis,
1821 2739 1848 2762 et
1868 2738 1899 2762 de
1919 2736 2017 2762 cedulis
2030 2736 2185 2769 recipiendis
2198 2737 2292 2768 quater

1405 2782 1432 2806 in
1447 2789 1514 2806 anno
1527 2780 1558 2804 ad
1574 2779 1669 2810 minus,
1685 2779 1712 2803 in
1725 2778 1819 2811 quibus
1833 2776 2016 2802 testimonium
2030 2775 2200 2809 perhibeatur
2213 2782 2292 2807 super

1406 2822 1538 2846 auditione
1552 2820 1717 2849 scholarium,
1735 2818 1853 2849 194-1963
1866 2818 1925 2850 jura
1938 2817 2062 2842 canonica
2079 2823 2129 2842 non
2149 2815 2292 2842 audiuntur

1406 2863 1480 2886 extra
1509 2861 1595 2885 vicum
1623 2859 1704 2884 clausi
1725 2859 1854 2888 Brunelli,
1873 2858 1934 2888 642;
1954 2857 2021 2882 actio
2041 2856 2176 2882 facultatis
2201 2857 2291 2882 eontra

1406 2901 1535 2927 Amelium
1550 2900 1581 2927 de
1597 2900 1694 2929 Brolio,
1708 2899 1755 2932 qui
1769 2899 1914 2924 matutinas
1932 2898 2056 2924 lectiones
2069 2897 2160 2927 facem,
2174 2897 2290 2921 attamen
