2488 3386
192 306 288 343 1388]
609 319 655 340 AB
690 318 797 340 ,111Νο
832 317 963 340 Monet
996 317 1127 346 USQUE
1164 319 1211 339 AD
1243 318 1507 341 BENEmCTuM
1543 319 1633 340 x111.
1993 310 2055 343 471

191 404 295 426 sores
328 404 393 437 per
420 399 554 425 tantum
587 391 760 437 temporis
791 391 951 436 spacium
979 392 1083 436 cujus
1115 391 1302 424 hominum
1331 392 1503 425 memoria
1534 392 1570 424 in
1597 393 1816 425 contrarium
1848 405 1919 425 non
1946 400 2060 426 exsta-

191 459 307 493 bat....

281 525 561 564 Niehilominus,
579 525 659 570 ipso
681 525 718 557 in
740 524 846 567 dictis
868 523 1169 569 possessionibus
1191 524 1382 566 existente,
1405 525 1491 557 dicti
1513 525 1681 558 doctores
1702 526 1738 558 in
1761 526 2058 571 Quadragesima,

192 604 262 638 que
283 593 399 625 fuerat
423 604 516 625 anno
538 591 684 624 Domini
715 592 764 623 Μο
777 591 883 624 CCC⁰
909 591 1135 635 octogesimo
1163 591 1302 635 quinto,
1326 591 1363 623 in
1389 591 1539 636 quadam
1567 592 1857 636 congregacione
1879 593 1972 625 dicte
1995 604 2059 625 sue

191 659 385 700 facultatis,
407 658 513 691 dictis
534 657 679 690 bedello
701 664 736 690 et
757 656 975 690 subbedello
997 663 1236 701 preceperant
1256 658 1353 701 quod
1375 669 1501 690 01111105
1523 657 1704 699 doctores,
1728 665 1877 702 excepto
1899 658 1994 691 dicto
2016 659 2059 691 de

194 725 331 766 Brolio,
355 725 398 758 ad
420 724 548 757 dictam
571 724 899 769 congregacionem
922 735 988 768 per
1009 735 1133 756 eorum
1151 724 1355 768 juramenta
1376 731 1559 765 vocarent,
1586 724 1721 757 eisdem
1745 724 1889 756 bedello
1916 731 1950 757 et
1975 724 2060 757 sub-

193 791 338 824 bedello
359 802 532 836 expresse
553 790 768 831 inhibendo,
791 802 835 823 ne
864 790 999 823 dictum
1021 790 1065 822 de
1092 790 1215 823 Brolio
1241 790 1417 823 haberent
1443 803 1605 824 evocare.
1633 791 1739 833 Quod
1764 791 1968 823 mandatum
1998 803 2061 835 per

192 858 309 890 dictos
330 857 514 890 bedellum
537 863 572 889 et
594 856 849 889 subbedellum
872 857 989 889 fuerat
1009 863 1211 889 executum.
1235 857 1439 902 Prefatique
1462 857 1630 890 doctores
1656 864 1775 889 certos
1796 857 1955 889 scolares
1975 857 2059 890 (11011

193 924 237 957 (10
259 923 382 956 Β1·0110
403 929 472 956 tam
490 923 527 955 in
545 923 637 956 dicta
655 923 811 955 lectione
834 922 1046 964 matutinali,
1066 935 1170 967 quam
1193 923 1342 964 decreti,
1361 923 1397 955 in
1419 924 1703 969 congregatione
1720 923 1881 968 generali
1900 923 2060 968 predicte

195 990 450 1024 Universitatis
472 989 720 1035 supplicantes
746 989 881 1022 habere
907 989 1103 1022 citaciones
1129 996 1253 1022 contra
1281 996 1401 1023 certos
1423 990 1632 1023 detentores
1658 990 1838 1023 fructuum
1864 989 2060 1022 beneficio-

194 1069 271 1090 rum
294 1069 443 1089 suorum
474 1056 740 1101 impediverant
768 1068 811 1088 ne
840 1056 926 1089 dicti
957 1055 1117 1089 scolares
1145 1056 1341 1089 citaciones
1374 1057 1555 1102 predictas
1577 1056 1795 1098 obtinerent,
1821 1057 1994 1101 prefatum
2018 1056 2061 1089 de

195 1123 317 1156 Brolio
338 1123 376 1156 111
397 1123 504 1156 (110115
533 1123 609 1156 51115
639 1122 940 1168 possessionibus
968 1129 1003 1155 et
1029 1123 1176 1155 saisinis
1204 1123 1450 1168 perturbando
1473 1130 1506 1156 et
1527 1123 1759 1168 impediendo
1781 1123 1942 1156 indebite
1964 1129 1998 1155 et
2018 1123 2061 1155 de

194 1202 301 1224 novo.
326 1191 368 1223 Et
385 1190 430 1223 ob
451 1189 519 1222 hoc
540 1190 636 1222 idem
659 1190 703 1222 de
726 1189 848 1222 Brolio
865 1196 989 1222 eontra
1012 1190 1128 1222 dictos
1147 1190 1316 1223 doctores
1334 1197 1368 1223 et
1388 1190 1529 1235 aliquos
1547 1202 1670 1223 eorum
1692 1190 1899 1235 singulares
1921 1202 2062 1222 necnon

193 1263 318 1290 contra
339 1257 455 1289 dictos
483 1256 667 1289 bedellum
695 1263 729 1289 et
757 1256 1012 1289 subbedellum
1035 1263 1260 1301 conquestus
1281 1257 1408 1298 fuerat,
1436 1258 1588 1302 ipseque
1619 1264 1738 1302 partes
1764 1263 1911 1302 propter
1931 1256 1999 1289 hoc
2019 1257 2062 1289 ad

193 1329 326 1356 certam
349 1323 443 1355 diem
464 1323 501 1355 in
523 1322 616 1355 dicta
636 1329 759 1355 nostra
780 1322 996 1355 Parlamenti
1018 1323 1116 1355 curia
1138 1323 1323 1367 adjornate
1346 1330 1381 1356 et
1400 1323 1443 1355 ad
1465 1323 1610 1368 plenum
1633 1323 1753 1356 audite
1774 1324 1927 1363 fuerant,
1946 1329 1980 1355 et
2001 1335 2064 1368 per

194 1390 345 1423 eandem
367 1396 527 1422 nostram
549 1389 684 1422 curiam
712 1389 749 1421 in
777 1396 916 1422 arresto
945 1396 1174 1434 appunctate,
1202 1396 1236 1422 et
1264 1401 1322 1422 res
1348 1390 1459 1422 eciam
1488 1390 1716 1423 contentiosa
1743 1389 1875 1422 dilecto
1902 1396 1936 1422 et
1966 1389 2063 1422 fideli

193 1456 403 1490 consiliario
425 1462 551 1489 nostro
581 1456 754 1501 episcopo
781 1456 993 1489 131110001151Β
1023 1468 1088 1501 per
1114 1469 1256 1489 manum
1287 1463 1446 1489 nostram
1476 1457 1519 1489 ad
1549 1456 1825 1501 gubernandum
1857 1457 2062 1489 commissa.

195 1522 337 1566 Quibus
359 1535 431 1555 non
460 1522 690 1555 obstantibus
721 1523 849 1567 prefati
880 1523 1049 1556 doctores
1080 1523 1311 1568 postmodum
1343 1523 1466 1568 plures
1495 1523 1807 1568 congregaciones
1835 1523 2006 1563 fecerant,
2028 1523 2064 1554 in

195 1589 328 1635 quibus
349 1589 439 1622 alios
462 1589 631 1622 doctores
654 1601 717 1634 per
735 1589 851 1622 dictos
873 1589 1057 1622 bedellum
1080 1597 1115 1622 et
1136 1589 1391 1623 subbedellum
1409 1590 1571 1623 fecerant
1592 1590 1746 1630 evocari,
1766 1589 1871 1622 dictis
1893 1590 2065 1634 episcopo

193 1656 250 1690 vel
272 1656 316 1689 ‹le
345 1656 468 1689 Brolio
496 1656 644 1688 minime
666 1656 815 1689 vocatis.
848 1657 891 1689 Et
919 1656 1126 1701 specialiter
1154 1657 1190 1689 in
1219 1669 1344 1689 mense
1372 1656 1576 1702 Septembri
1602 1668 1696 1689 anno
1726 1656 1870 1689 Domini
1899 1657 1948 1688 M⁰
1961 1656 2066 1689 CCC⁰

194 1723 420 1768 octogesimo
442 1730 543 1756 sexto
566 1723 735 1756 doctores
757 1723 911 1768 predicti
931 1730 1064 1756 certam
1086 1724 1416 1768 congregacionem
1437 1724 1611 1764 fecerant,
1638 1724 1674 1756 in
1697 1735 1764 1768 qua
1791 1730 1907 1756 certas
1929 1723 2066 1756 litteras

197 1790 275 1822 [ieri
305 1790 573 1830 ordinaverant,
607 1789 834 1822 declarantes
865 1790 962 1835 quod
993 1790 1079 1823 dicti
1110 1790 1279 1823 doctores
1315 1791 1452 1835 prefato
1483 1790 1527 1823 de
1565 1790 1688 1822 Brolio
1719 1790 1879 1822 fecerant
1910 1790 2065 1834 graciam

197 1856 345 1901 legendi
366 1856 410 1889 de
432 1868 535 1889 mane
557 1868 622 1901 per
642 1868 774 1889 annum
797 1856 991 1898 dumtaxat,
1014 1857 1075 1902 qui
1096 1869 1212 1890 annus
1241 1857 1467 1902 preterierat,
1491 1864 1525 1889 et
1552 1857 1649 1902 quod
1677 1856 1832 1901 amplius
1862 1856 1933 1889 sibi'
1958 1868 2067 1901 super

196 1923 263 1955 hoc
296 1923 452 1967 graciam
482 1923 601 1956 facere
631 1922 816 1964 nolebant,
842 1923 1003 1968 aliasque
1032 1923 1170 1956 litteras
1199 1924 1466 1965 ordinaverant,
1498 1935 1561 1968 per
1592 1935 1681 1968 quas
1712 1922 1941 1955 declarabant
1970 1922 2066 1966 quod

198 1989 321 2022 nullus
343 1989 386 2022 de
410 2001 511 2022 mane
533 1989 569 2021 in
592 1989 684 2022 dicta
706 1989 873 2022 facultate
895 1990 1019 2035 legere
1043 1997 1179 2035 posset,
1204 1991 1274 2023 11151
1297 1991 1464 2035 primitus
1487 1996 1655 2034 receptus
1676 2001 1740 2034 per
1762 1990 1862 2034 ipsos
1883 1995 1918 2021 et
1938 2000 2067 2033 appro-

197 2055 302 2088 batus
324 2061 434 2103 esset,
458 2062 493 2088 et
513 2055 611 2100 quod
635 2055 796 2088 scolares
817 2057 993 2100 prefatum
1016 2057 1060 2089 de
1082 2057 1205 2089 Brolio
1228 2057 1418 2089 audientes
1440 2063 1582 2101 tempus
1604 2068 1707 2088 51111111
1731 2068 1803 2087 non
1824 2056 2064 2099 acquirerent,

197 2134 315 2167 neque
343 2122 561 2167 privilegiis,
584 2121 792 2155 sranchisiis
818 2129 853 2155 et
882 2122 1112 2155 libertatibus
1142 2123 1237 2156 dicte
1268 2123 1520 2156 Universitatis
1552 2122 1765 2167 gauderent.
1795 2122 1892 2164 Quas
1920 2121 2064 2166 quidem

196 2189 334 2222 litteras
356 2189 525 2221 doctores
547 2189 701 2234 predicti
730 2201 792 2233 per
819 2189 935 2222 dictos
963 2189 1147 2222 bedellum
1175 2196 1209 2222 et
1236 2189 1490 2222 subbedellum
1520 2190 1556 2221 111
1583 2189 1693 2221 500115
1715 2189 1800 2220 (11011
1822 2189 1866 2220 (10
1889 2188 2010 2220 Brolio
2032 2194 2066 2220 et

196 2255 348 2288 aliorum
371 2267 493 2288 secum
512 2255 813 2288 concurrencium
831 2256 992 2288 fecerant
1012 2256 1202 2300 publicari.
1222 2257 1299 2298 Que
1317 2256 1435 2288 omnia
1455 2256 1545 2288 facta
1565 2256 1708 2288 fuerant
1728 2255 1875 2300 prefatis
1893 2255 2064 2299 episcopo

196 2322 253 2355 vel
274 2322 319 2355 de
340 2322 465 2355 Brolio
487 2322 634 2354 minime
659 2322 809 2368 vocatis,
833 2334 975 2354 necnon
1001 2329 1125 2355 contra
1154 2334 1351 2367 processus
1378 2322 1414 2355 in
1442 2322 1565 2354 eadem
1587 2322 1685 2354 curia
1714 2328 1835 2354 nostra
1864 2321 2065 2366 pendentes

198 2395 333 2422 temere
354 2388 612 2433 attemptando,
638 2395 673 2421 et
697 2388 817 2433 ipsum
840 2389 884 2421 de
912 2389 1034 2422 Brolio
1057 2389 1093 2421 in
1115 2389 1221 2421 dictis
1247 2389 1324 2421 suis
1346 2388 1647 2434 possessionibus
1674 2395 1708 2420 et
1733 2388 1879 2421 saisinis
1905 2387 2065 2420 indebite

198 2461 233 2488 et
253 2455 297 2488 de
325 2467 419 2488 novo
448 2455 708 2500 perturbanda
739 2457 781 2488 Et
810 2455 856 2488 ob
885 2455 952 2488 hoc
978 2462 1102 2488 contra
1130 2456 1289 2500 prefatos
1319 2455 1502 2496 doctores,
1534 2454 1717 2487 bedellum
1746 2461 1780 2487 et
1810 2454 2064 2487 subbedellum

197 2521 325 2554 iterato
346 2528 571 2566 conquestus
599 2522 728 2562 fuerat,
756 2528 791 2554 et
818 2522 896 2554 dies
918 2521 1190 2567 opponentibus
1218 2533 1329 2566 super
1351 2521 1543 2566 premissis
1563 2521 1758 2566 assignata.
1782 2521 1858 2563 Qua
1885 2520 2064 2565 pendente

198 2588 324 2622 iterato
346 2595 470 2621 contra
496 2600 563 2621 nos
587 2595 622 2621 et
648 2588 776 2621 dictam
803 2589 936 2621 curiam
958 2595 1118 2621 nostram
1145 2588 1391 2633 attemptando
1413 2588 1583 2621 doctores
1608 2588 1762 2633 predicti
1789 2587 1902 2620 dictas
1928 2587 2064 2620 litteras

198 2655 234 2687 in
256 2654 367 2687 scolis
389 2654 475 2687 dicti
497 2655 540 2687 de
565 2655 688 2688 Brolio
710 2667 775 2700 per
796 2655 931 2688 dictum
953 2654 1138 2688 bedellum
1160 2655 1320 2687 fecerant
1340 2654 1530 2699 publicari.
1548 2655 1667 2697 Quare
1690 2655 1824 2687 fecerat
1843 2654 1959 2686 dictos
1980 2653 2064 2685 doc—

199 2727 309 2762 tores,
328 2720 512 2753 bedellum
535 2727 570 2754 et
590 2721 846 2754 subbedellum
868 2722 905 2754 in
922 2734 1006 2755 casu
1024 2722 1193 2755 novitatis
1211 2733 1426 2754 excessuum
1444 2728 1478 2754 et
1497 2727 1786 2766 attemptatorum
1804 2720 1839 2752 in
1858 2720 1950 2754 dicta
1967 2719 2064 2752 curia

199 2794 321 2820 nostra
351 2787 507 2820 evocari.
538 2788 717 2833 Quodque
749 2788 834 2821 dicti
863 2788 1031 2821 bedellus
1062 2795 1097 2821 et
1124 2787 1364 2820 subbedellus
1393 2788 1484 2820 festa
1510 2793 1545 2820 et
1570 2787 1636 2820 alia
1662 2788 1751 2820 sacta
1784 2786 1971 2819 scolastica
2000 2796 2065 2830 per

200 2854 317 2887 scolas
348 2853 632 2886 bachalariorum
662 2866 742 2887 cum
772 2855 867 2888 dicto
896 2855 940 2888 de
967 2855 1090 2889 Brolio
1119 2854 1419 2887 concurrencium
1448 2854 1765 2892 denunciaverant,
1798 2853 1864 2885 hoc
1895 2852 1988 2884 idem
2019 2850 2067 2883 de
