2488 3386
180 335 276 372 1362]
597 348 643 370 AB
677 347 783 370 ,muno
813 346 943 369 MCCCL
977 347 1108 375 usone
1143 347 1191 369 An
1227 348 1490 371 BENEDICTUM
1524 350 1615 372 x111.
1997 342 2039 375 75

180 463 321 501 1256.
345 481 360 498 «
377 474 420 499 Fr.
439 471 591 508 Radulphe
604 471 639 498 de
658 470 808 503 Castello¹,
827 474 924 505 regent
942 470 977 496 de
993 479 1023 496 ce
1039 474 1153 496 convent
1169 470 1232 505 (des
1248 472 1382 505 Ermites)
1400 471 1425 497 le
1441 474 1474 499 25
1491 473 1653 508 Septembre
1669 474 1736 500 1361
1754 474 1860 499 obtient
1878 474 1916 499 du
1931 478 2041 500 rec-leur

265 525 293 547 et
307 521 439 547 docteurs
454 521 490 547 de
510 524 587 546 toute
606 520 787 546 l'Univer-site'
802 518 960 545 assemhle'e
980 519 998 544 ὰ
1016 520 1115 544 Sainct
1133 519 1280 545 Mallum-in
1297 529 1350 555 que
1369 524 1460 546 tontes
1475 521 1516 547 les
1532 523 1638 547 anne'es
1658 531 1692 547 on
1709 523 1795 556 feroit
1811 531 1863 548 une
1875 524 2040 558 processioa

267 570 285 595 ὰ
302 569 449 595 l’honneur
463 569 498 595 de
512 569 607 595 sainct
621 569 773 603 Angustia,
791 568 841 603 qui
860 567 998 594 viendroit
1014 576 1099 594 ceans
1116 571 1143 593 et
1162 568 1323 593 entendroit
1343 568 1368 594 le
1387 578 1498 595 sermon
1515 569 1540 595 le
1561 570 1674 595 dernier
1692 579 1761 605 som·
1778 570 1813 596 de
1833 571 1950 604 Fert-ier,
1968 574 2041 605 feste

267 618 302 644 de
318 618 348 644 la
362 617 484 644 seconde
503 617 686 643 Translation
701 617 740 643 du
756 617 815 643 dict
829 617 925 642 sainct
938 617 1090 651 Angustia.
1109 616 1228 642 Notaire
1244 617 1355 643 PETnus
1371 618 1466 644 Pmm.
1485 627 1499 643 ›>

1332 702 1400 731 1361,
1417 702 1573 735 Septembris
1587 703 1631 733 25,
1647 703 1759 729 Parisiis.

273 785 350 809 Arch.
366 789 420 809 nat.
436 785 519 809 Paris.
537 785 562 809 S.
579 786 641 808 3640
656 785 741 814 (Livre
757 786 780 808 11
802 785 834 808 de
855 789 986 809 eontracts
1007 786 1042 808 du
1064 786 1149 817 grand
1167 789 1278 809 convent
1297 786 1329 809 de
1344 786 1418 809 Paris
1431 786 1462 809 de
1477 786 1580 809 l'Ordre
1595 786 1640 809 des
1656 787 1747 809 Freres
1764 787 1851 809 Herm.
1868 787 1899 809 de
1915 788 1940 810 S.
1958 789 2043 819 Aug),

181 831 223 855 rol.
242 830 281 858 ὅθ,
296 834 324 853 n⁰
339 831 378 853 36.
393 844 423 847 -
437 830 471 853 N⁰
486 830 515 853 37
527 833 645 853 notatum
660 833 700 853 est.
714 830 918 853 instrumentum
931 830 1040 853 rectoris
1056 834 1081 853 et
1095 830 1282 854 Universitntis
1298 830 1415 862 ejusdem
1430 830 1557 861 temporis
1571 834 1646 853 notae
1661 831 1691 853 de
1705 831 1795 854 eadem
1810 838 1846 854 re.
1864 831 1899 854 De
1913 831 1962 855 hoc
1978 833 2044 856 sacto

180 875 268 906 agitur
282 874 309 898 in
325 874 408 899 Libro
422 880 497 905 proc.
514 878 574 898 nat.
589 874 702 905 Anqlic.
718 874 745 897 in
759 875 879 898 Auctar.
897 874 1023 898 Chartul.
1040 877 1099 897 ante
1114 875 1143 897 23
1159 875 1292 906 Septemb.

274 959 296 982 1.
315 959 366 982 Seu
381 958 469 989 potius
485 958 516 981 de
531 957 642 981 civitate
657 957 774 981 Castelli.
791 957 848 981 Vid.
865 966 947 989 supra
962 962 990 980 n⁰
1006 958 1066 981 1248
1081 961 1106 982 et
1120 957 1204 981 1248n.

188 1134 329 1171 1257.
355 1142 491 1169 Gobertus
504 1142 540 1168 de
555 1141 775 1168 Monteberaudi
790 1141 896 1168 electus
912 1142 939 1167 in
956 1145 1090 1167 rectorem
1110 1142 1317 1168 Universitatis.

1382 1224 1453 1253 1367,
1468 1224 1582 1250 Decemb.
1597 1225 1634 1254 16,
1649 1225 1763 1251 Parisiis.

273 1309 380 1341 Anno
401 1307 546 1340 Domini
570 1307 686 1349 13611,
709 1307 767 1340 die
793 1307 912 1352 jovis²
935 1314 1018 1352 post
1037 1308 1166 1340 festum
1189 1306 1293 1340 beate
1314 1307 1423 1339 Lucie
1443 1307 1611 1352 virginis,
1634 1307 1817 1341 Gobertus
1844 1308 1887 1341 de
1909 1310 2049 1341 Monte—

183 1374 335 1408 beraudi
357 1374 494 1407 electus
515 1374 583 1407 suit
602 1374 639 1406 in
659 1380 837 1406 rectorem
859 1373 1127 1414 Univershafis,
1151 1380 1186 1406 et
1210 1373 1335 1406 habuit
1359 1373 1469 1406 multa
1494 1385 1602 1418 agere
1624 1386 1688 1418 pro
1715 1374 2049 1419 impositionibus³;

185 1447 220 1474 et
240 1452 350 1486 super
366 1452 409 1473 eo
431 1440 528 1485 quod
549 1440 586 1473 in
607 1452 671 1473 sua
693 1439 844 1473 rectoria
866 1452 954 1484 papa
975 1440 1159 1472 concessit
1178 1439 1262 1473 ville
1279 1439 1485 1472 Tholosane
1507 1452 1611 1472 unam
1629 1440 1831 1472 facultatem
1853 1440 2051 1485 lheologie⁷

185 1519 264 1540 cum
286 1514 339 1540 tot
359 1514 394 1540 et
417 1506 671 1540 consimilibus
697 1506 914 1551 privilegiis,
942 1513 1030 1550 quot
1059 1513 1094 1539 et
1123 1518 1193 1550 que
1223 1505 1331 1538 habet
1358 1506 1584 1539 Universitas
1605 1507 1835 1547 Parisiensis7
1861 1507 1956 1551 quod
1987 1519 2052 1540 nec

184 1573 344 1607 Tholose
366 1585 432 1606 nec
453 1573 539 1606 alibi
560 1573 631 1606 nisi
652 1573 812 1605 Parisius
832 1572 963 1617 aliquis
984 1585 1073 1617 papa
1094 1572 1209 1605 voluit
1229 1572 1430 1605 concedere
1453 1584 1516 1617 pro
1539 1585 1757 1618 quocunque
1779 1573 1914 1605 mundi.

278 1670 345 1694 Mus.
361 1670 479 1693 Britann.
497 1678 546 1693 ms.
563 1669 623 1692 add.
643 1670 728 1694 17304.
746 1670 790 1693 sol.
807 1670 860 1693 143.
876 1683 904 1687 —
922 1670 1045 1698 Bulaeus,
1062 1669 1104 1694 IV.
1121 1670 1174 1693 364.

278 1753 300 1776 1.
320 1754 349 1776 In
370 1761 419 1776 ms.
442 1761 447 1776 :
472 1762 484 1776 a
501 1754 559 1776 1361
574 1761 596 1783 ι),
614 1753 659 1776 sed
681 1753 769 1784 potius
794 1754 935 1784 legendum
955 1753 1058 1776 videtur
1075 1761 1080 1776 z
1099 1761 1110 1776 «
1127 1753 1188 1776 1360
1204 1762 1226 1781 »,
1247 1761 1298 1784 quo
1322 1761 1400 1782 nnn0‚
1416 1752 1507 1776 Octob.
1532 1753 1553 1780 1,
1578 1761 1702 1776 concessa
1726 1753 1774 1776 suit
1797 1753 1830 1775 ab
1855 1753 2004 1776 Innocentio
2024 1754 2056 1776 VI

186 1798 297 1821 facultas
310 1797 459 1829 theologica
469 1797 641 1821 Universitnti
655 1798 815 1825 Tolosanae;
834 1797 1013 1820 verisimiliter
1028 1798 1131 1829 primus
1147 1798 1225 1829 hujus
1238 1797 1414 1820 concessionis
1431 1797 1537 1820 nuntius
1554 1797 1669 1820 Parisios
1687 1797 1773 1820 evenit
1791 1797 1840 1819 sub
1862 1801 1960 1820 rectore
1976 1805 2056 1828 snpra

185 1842 275 1865 citato.
292 1842 340 1865 Sed
355 1842 382 1865 in
395 1842 556 1865 contrarium
572 1842 660 1865 afferri
677 1842 761 1870 debet,
780 1850 823 1865 an.
839 1842 899 1864 1360
911 1845 1038 1865 rectorem
1052 1842 1081 1865 16
1092 1842 1212 1865 Decemh.
1226 1842 1337 1864 electum
1348 1850 1413 1870 esse,
1428 1844 1456 1864 ut
1471 1844 1583 1872 apparet
1597 1849 1610 1864 e
1626 1842 1684 1865 Lib.
1697 1848 1812 1871 procur.
1831 1845 1891 1865 'nat-
1907 1842 2016 1872 Anylz'c.
2032 1841 2057 1864 in

185 1888 305 1911 Aue-tar.
327 1886 455 1910 Chartul.
475 1886 609 1914 Univers.,
624 1886 692 1909 diem
705 1886 774 1917 jovis
790 1889 850 1917 post
869 1887 964 1909 festum
982 1886 1077 1909 Luciue
1099 1894 1160 1909 vcro
1181 1886 1206 1909 in
1227 1886 1255 1909 17
1276 1886 1426 1909 Decembris
1451 1885 1586 1908 cecidisse.
1602 1886 1666 1908 Cum
1688 1889 1773 1908 tamen
1791 1885 1859 1908 infra
1878 1886 1911 1908 ad
1929 1894 1971 1908 an.
1988 1886 2056 1913 1362,

185 1930 310 1954 Novemb.
328 1931 356 1953 27
370 1931 432 1959 (nat.
449 1930 562 1959 Picard.)
574 1930 686 1958 dicutur,
701 1930 844 1954 Gobertum
859 1930 898 1954 bis
913 1933 1041 1953 rectorem
1055 1930 1144 1958 fuisse,
1160 1931 1272 1953 fortasse
1285 1930 1342 1961 ipsc
1357 1930 1473 1961 primum
1488 1938 1528 1952 an.
1547 1930 1608 1952 1360
1626 1932 1711 1952 rector
1727 1929 1782 1956 suit.
1800 1933 1824 1952 et
1839 1930 1864 1952 in
1878 1938 1926 1952 ms.
1944 1929 1966 1952 ei
1982 1930 2057 1952 attri—

186 1974 311 2003 buuntur,
329 1982 395 2006 quae
409 1974 435 1997 in
451 1974 537 2005 primo
553 1974 608 2005 ejus
624 1977 755 1997 rectorum
771 1978 922 2003 evenerunt,
939 1983 998 1997 nam
1015 1978 1040 1997 et
1054 1975 1188 1997 decretum
1204 1974 1306 2005 regium
1322 1975 1353 1997 dc
1369 1974 1583 2005 impositionibus
1599 1974 1631 1996 ud
1647 1974 1807 2005 principium
1828 1982 1868 1997 an.
1887 1974 1945 1996 1361
1966 1974 2057 1997 referri

186 2019 271 2042 debet..
286 2032 316 2035 —-
329 2019 351 2042 2.
368 2018 425 2041 Vid.
442 2019 475 2041 ad
490 2018 539 2041 hoc
555 2021 643 2041 notum
659 2019 692 2041 ad
706 2019 735 2041 16
750 2018 871 2042 Decemb.
888 2018 913 2041 in
929 2019 1082 2042 kalendario
1098 2022 1150 2042 nnt.
1168 2019 1279 2049 AngliC.‚
1297 2019 1469 2043 Auctarium
1489 2018 1618 2042 Chartul.
1638 2018 1762 2042 Univers.
1775 2018 1880 2045 Paris.,
1899 2019 1916 2042 I.
1933 2027 1960 2049 p.
1977 2018 2013 2040 11.
2028 2032 2058 2035 —

187 2063 209 2086 3.
226 2062 284 2086 Vid.
299 2062 389 2093 privil.
405 2070 420 2085 a
434 2062 553 2085 ‚Iohanne
569 2070 722 2085 concessum
738 2071 819 2094 supra
835 2066 863 2085 n⁰
877 2063 946 2086 1251.

194 2231 336 2268 1258.
362 2242 506 2266 Statutum
528 2241 726 2267 Universitatis
740 2241 834 2267 Paris.
853 2241 887 2267 de
901 2241 1002 2266 habitu
1018 2241 1218 2275 magistrorum
1235 2242 1262 2266 in
1277 2241 1553 2275 congregationibus.

1389 2326 1464 2355 7362,
1479 2325 1612 2351 Februarii
1622 2326 1646 2354 3,
1662 2325 1774 2351 Parisii-e.

282 2408 473 2441 Universis
494 2415 685 2453 presentes
706 2408 845 2441 litteras
862 2409 1082 2453 inspecturis
1104 2415 1223 2441 rector
1240 2415 1274 2441 et
1294 2408 1512 2441 universitas
1534 2408 1788 2453 magistrorum
1811 2415 1843 2440 et
1866 2407 2056 2440 scolarium

190 2474 350 2507 Parisius
371 2474 608 2516 studentium,
632 2474 781 2507 salutem
811 2475 848 2507 in
870 2475 1024 2508 Domino
1046 2475 1315 2519 sempiternam.
1338 2476 1479 2507 Justuin
1502 2486 1583 2507 esse
1605 2481 1775 2507 censetur
1801 2474 1868 2507 hos
1894 2474 1954 2518 qui
1980 2473 2059 2506 aliis

191 2540 380 2585 president
398 2540 499 2573 velut
519 2541 679 2585 deputati
700 2541 743 2573 ad
765 2553 889 2574 eorum
912 2541 1135 2574 erudicionis
1157 2541 1328 2582 officium,
1346 2541 1497 2573 maxime
1518 2552 1642 2573 eorum
1666 2540 1821 2573 officium
1844 2539 2057 2579 exercendm

191 2617 257 2639 seu
285 2606 372 2650 quid
402 2618 593 2639 commune
624 2608 890 2651 pertractando,
913 2607 1058 2652 aliquali
1089 2607 1254 2639 decentia
1284 2607 1428 2639 habitus
1458 2607 1640 2651 insigniri.
1673 2607 1761 2640 Cum
1794 2607 1905 2650 igitur
1937 2618 1978 2637 ex
2009 2605 2059 2637 rei

191 2672 371 2705 evidentia
402 2672 508 2705 nobis
539 2680 718 2718 appareat,
751 2674 849 2718 quod
884 2674 1050 2706 nonnulli
1079 2674 1242 2718 magistri
1268 2673 1574 2718 congregationes
1602 2673 1793 2717 generales
1822 2679 1856 2704 et
1884 2671 2060 2716 speciales

191 2744 315 2771 nostre
337 2739 592 2772 Universitatis
613 2739 805 2781 antedicte7
828 2740 1108 2784 facultatumque
1131 2746 1165 2772 ct
1186 2740 1370 2772 nationum
1400 2751 1544 2771 suarum
1567 2739 1819 2783 deputationes
1847 2750 1885 2770 ac
1906 2738 2060 2781 (lisputa-

188 2803 316 2837 ciones
343 2811 378 2838 et
406 2805 497 2838 alios
527 2812 627 2838 actus
656 2817 868 2839 communes
900 2806 937 2838 in
968 2806 1045 2839 suis
1074 2806 1255 2838 mantellis
1282 2805 1455 2838 foderatis
1483 2811 1543 2837 aut
1570 2804 1778 2849 duplicibus
1810 2803 1952 2848 ingredi
1989 2814 2060 2834 non

191 2870 399 2906 abhorrent,
422 2878 457 2904 et
477 2871 520 2904 ad
541 2871 649 2904 sedes
671 2871 908 2905 deliberando
930 2872 1119 2905 nobiscum
1143 2872 1179 2904 in
1200 2871 1340 2904 actibus
1366 2870 1620 2904 communibus
1642 2876 1855 2915 presumunt
1875 2869 2062 2906 accedere‚
