2488 3386
198 361 292 397 1379]
612 371 657 392 ΑΒ
692 371 797 392 ANNO
832 370 962 392 mecm.
996 370 1127 398 USQUE
1162 370 1210 391 An
1246 369 1507 390 iumentorum
1545 368 1632 389 xiii.
1989 357 2054 389 279

282 449 355 474 Item
371 447 473 473 Pontio
486 447 521 472 de
537 446 625 475 Coris,
642 446 708 472 cler.
725 446 882 479 conjugato
897 446 1030 471 Itemens.
1047 445 1120 470 dioc.

281 498 354 522 Item
369 495 495 522 Johanni
512 495 585 521 Petri
605 495 641 520 de
658 495 803 523 Ulmonte,
820 494 887 520 cler.
906 495 1037 520 Remens.
1059 494 1145 522 dioc..
1168 493 1265 526 nepoti
1290 492 1435 525 ltadulptii
1457 492 1492 517 ‹le
1516 492 1651 516 lJlinontt·
1674 491 1770 516 latoris
1795 491 1932 524 presentis
1955 490 2053 518 rotuli,

193 546 321 572 studenti
337 545 468 571 parisius.

282 595 354 620 Item
371 594 524 626 Radulpho
536 592 572 618 de
587 593 734 619 L'lmonte.
751 592 818 617 cler.
835 592 967 617 Remens.
984 591 1070 620 dioc..
1087 590 1304 623 consanguineo
1317 592 1345 615 et
1361 590 1450 615 tiliolo
1464 589 1533 614 ‹licti
1551 589 1704 621 ltadntphi.

282 644 355 669 Item
370 642 497 668 Johanni
513 641 595 667 Fabri
607 641 643 666 de
658 641 767 674 Singly.
783 640 850 666 cler.
868 640 1000 666 Remens.
1017 640 1104 669 dioc..
1121 639 1336 672 consanguineo
1351 639 1419 664 dicti
1436 638 1591 670 ltadulphi.

282 693 354 718 Item
370 691 496 717 Johanni
512 691 538 716 le
550 690 677 718 Jarlotel.
693 690 826 715 Remens.
842 689 916 714 dioc.

283 741 353 766 Item
369 739 495 766 Johanui
507 739 543 765 de
559 739 670 771 Bihays,
685 738 751 764 cler.
768 738 965 764 Ambianensi.

282 790 355 815 Item
370 788 528 822 Reginaldo
543 788 620 814 dicto
637 787 770 815 Laudele,
787 787 853 812 cler.
871 786 1028 812 Parisiensi.

283 839 355 864 Item
372 837 526 863 Lamberto
540 837 576 862 de
588 836 763 869 Chalandry,
780 836 913 862 Remens.
927 835 1001 861 dioc.

283 888 355 913 Item
371 887 479 912 Herveo
494 885 630 918 Magistri,
647 885 713 910 cler.
732 885 869 910 Leonens.
884 884 958 910 dioc.

283 936 356 961 Item
371 935 484 961 Abrahe
499 934 619 963 Pouille.
636 933 729 967 presb.
744 934 914 959 Tomacens.
931 933 1017 961 dioc.‚
1035 933 1100 958 scol.
1119 932 1203 958 Paris.
1221 933 1251 958 in
1266 933 1318 958 sae.
1333 932 1438 958 decret.
1455 932 1483 956 in
1501 931 1585 956 tertio
1600 939 1647 956 an.
1663 938 1712 956 sue
1725 930 1890 956 auditionis.

282 985 355 1010 Item
371 983 494 1010 Henrico
509 983 545 1009 de
559 983 655 1012 Clusa,
672 982 765 1016 presb.
783 982 924 1007 Bisontin.
941 982 1026 1010 dioc..
1044 982 1112 1007 scol.
1130 981 1215 1007 Paris.
1233 981 1263 1006 in
1275 981 1342 1014 jure
1357 989 1432 1008 can..
1449 980 1500 1013 qui
1517 980 1546 1005 iu
1561 980 1661 1005 eadem
1678 980 1729 1004 sac.
1749 981 1807 1005 tam
1824 979 1952 1005 Bononie
1966 987 2057 1012 quam

194 1033 316 1060 Parisius
331 1041 382 1066 per
394 1034 503 1066 septem
518 1039 610 1057 annos
624 1031 738 1057 studuit
754 1030 798 1065 [de
811 1038 874 1056 can.
891 1030 1032 1056 Bisontin.
1047 1029 1138 1064 eccl.].

281 1083 354 1108 Item
370 1081 532 1107 Guillermo
544 1080 580 1106 de
592 1080 766 1113 changiaco,
783 1080 850 1106 cler.
867 1079 1097 1105 Claromoutens.
1114 1079 1200 1108 dioc„
1217 1079 1313 1104 licent.
1332 1079 1362 1104 in
1378 1079 1432 1111 leg.
1452 1078 1481 1103 in
1502 1078 1595 1110 rigore
1610 1086 1703 1103 exam.
1725 1079 1753 1103 et
1773 1078 1802 1103 iu
1821 1078 1888 1111 jure
1910 1086 1973 1103 can.
1995 1079 2056 1104 bac.

195 1131 293 1159 Paris..
310 1131 362 1164 qui
378 1132 493 1163 tempus
506 1137 556 1155 sue
571 1129 680 1155 lecture
694 1137 787 1162 usque
802 1128 837 1154 ad
853 1128 999 1154 licentiam
1014 1128 1205 1153 obtinendam
1221 1127 1390 1161 adimplevit
1405 1127 1450 1159 [de
1464 1135 1527 1153 can.
1544 1127 1611 1152 eccl.
1626 1126 1878 1161 claromontensq.

283 1181 356 1206 Item
372 1179 463 1205 Bricio
479 1178 621 1207 Monachi.
638 1178 731 1211 presb.
753 1178 890 1203 Leonens.
911 1177 997 1206 dioc..
1017 1177 1184 1203 subbedello
1203 1177 1328 1209 generali
1351 1176 1477 1209 predicte
1492 1176 1634 1201 facultatis
1654 1176 1837 1201 decretorum
1858 1183 1889 1201 ac
1908 1176 2007 1201 scolari
2027 1176 2057 1201 in

194 1229 306 1255 eadem.
1791 1223 1860 1259 [153]

286 1308 361 1340 Fiat
382 1313 420 1339 ut
448 1306 581 1351 petitur
606 1318 670 1351 pro
693 1305 875 1338 omnibus.
900 1306 943 1338 G.
969 1326 1013 1329 —
1039 1306 1079 1337 ΕΙ
1101 1305 1198 1349 quod
1221 1305 1395 1349 premissa
1418 1304 1536 1337 omnia
1558 1311 1589 1336 et
1613 1304 1754 1348 singula
1778 1311 1960 1336 transeant
1979 1304 2058 1336 sine

195 1374 262 1407 alia
282 1373 451 1406 lectione.
469 1393 512 1397 ——
533 1373 619 1405 Fiat.
643 1373 686 1405 G.
704 1393 748 1396 —
770 1373 894 1404 Datum
919 1371 1054 1404 Fundis
1080 1371 1350 1416 quintodecimo
1374 1371 1441 1403 kal.
1466 1371 1689 1415 Decembris,
1713 1383 1805 1403 anno
1831 1371 1958 1415 primo.

993 1438 1098 1472 Finis
1119 1438 1256 1472 Rotuli.

286 1521 348 1551 Reg.
368 1520 425 1542 Vnt.
450 1519 544 1550 Suppl.
564 1519 705 1542 Clementis
725 1519 780 1546 Vll,
800 1527 842 1541 an.
865 1519 886 1546 1,
913 1527 939 1549 p.
961 1519 982 1546 1,
1000 1518 1045 1542 fol.
1066 1518 1179 1541 158-174.
1198 1532 1225 1535 —
1248 1518 1298 1541 Iste
1318 1518 1420 1541 rotulus
1443 1517 1511 1540 infra
1534 1517 1559 1540 in
1580 1518 1665 1540 rotulo
1686 1526 1728 1540 an.
1753 1518 1810 1539 1:3⁸7
1832 1521 1938 1540 vocatur
1958 1518 2059 1540 rotulus

190 1564 306 1596 primus
322 1564 425 1588 baccal.
450 1565 505 1594 fac.
523 1564 624 1588 decret.
645 1563 680 1586 De
696 1563 782 1586 rotulo
804 1563 918 1586 secundo
934 1563 986 1585 vid.
1004 1566 1057 1586 not.
1074 1563 1106 1585 ad
1124 1566 1174 1585 n¹¹¹¹¹
1190 1563 1258 1586 1474.
1280 1563 1308 1585 In
1330 1563 1391 1593 Reg.
1411 1562 1463 1589 cin,
1482 1562 1525 1585 sol.
1546 1562 1599 1590 212,
1621 1565 1705 1584 exstat
1723 1562 1789 1584 alter
1805 1570 1903 1592 parvus
1923 1571 1933 1584 (ι
1951 1563 2059 1585 Rutulus

194 1609 359 1641 quorundam
376 1608 570 1631 licentiatorum
582 1611 607 1631 et
628 1607 833 1631 hut-altariorum
852 1616 881 1630 ac
904 1607 1047 1630 scolarium
1063 1607 1184 1630 Univers.
1206 1606 1289 1630 Paris.
1311 1615 1332 1634 )),
1349 1607 1398 1629 sub
1416 1607 1505 1630 endem
1525 1607 1651 1637 temporis
1672 1610 1741 1635 uota,
1760 1607 1833 1637 cujus
1854 1607 1958 1629 nomina
1979 1615 2060 1637 supra

195 1653 273 1677 etiam
289 1653 467 1676 inveniuntur.

288 1720 309 1742 1.
328 1719 385 1742 Vid.
402 1723 452 1741 num
470 1719 538 1747 1434,
556 1722 608 1741 not.
629 1732 655 1736 -
670 1719 692 1741 2.
712 1718 835 1742 Ri‹·ha1·di
853 1718 948 1749 Pieque
965 1720 986 1747 (α
1003 1718 1098 1749 Picque
1114 1726 1125 1740 »
1143 1718 1268 1740 scribitur
1284 1717 1309 1740 in
1327 1717 1399 1741 Gall.
1419 1717 1526 1743 christ..
1543 1718 1582 1743 IX.
1605 1718 1662 1744 130;
1680 1718 1708 1744 X,
1726 1718 1751 1740 71
1770 1720 1829 1748 sq.)‚
1847 1717 1898 1748 qui,
1916 1726 1974 1740 cum
1993 1721 2061 1740 esset

193 1765 306 1787 decanus
322 1764 385 1787 eccl.
403 1763 504 1786 Bisunt.
521 1767 546 1786 et
563 1766 612 1787 utr.
628 1763 681 1794 jur.
696 1763 795 1791 doctor,
814 1771 855 1786 an.
874 1763 943 1792 1375,
960 1763 1024 1786 Nov.
1047 1763 1083 1794 12,
1099 1762 1249 1785 nominatus
1265 1765 1305 1785 est
1322 1762 1478 1793 archiepism
1496 1763 1613 1785 Remens.
1630 1763 1701 1793 (Ηυξ.
1717 1763 1761 1785 ΑΥ.
1776 1762 1853 1792 Greg.
1868 1762 1908 1788 xl,
1923 1762 1974 1785 vol.
1987 1762 2059 1787 XXV.

193 1810 257 1838 472).
274 1808 420 1832 Richardus
440 1817 451 1831 (t
468 1808 552 1831 dictus
571 1808 665 1839 Pieque
679 1808 710 1830 de
728 1807 847 1830 Bisuntio
865 1816 876 1830 ι)
893 1815 935 1830 an.
955 1808 1013 1830 1349
1027 1807 1173 1830 Aurelianis
1187 1807 1229 1830 lic.
1242 1807 1267 1830 in
1279 1807 1330 1838 leg.
1348 1806 1396 1830 suit
1408 1808 1481 1837 (Reg.
1500 1807 1592 1837 Suppl.
1606 1807 1686 1829 Clem.
1705 1807 1744 1831 Vl.
1758 1815 1800 1829 an.
1817 1807 1838 1834 8,
1854 1815 1879 1837 p.
1897 1807 1918 1835 2,
1937 1807 1981 1830 sol.
1995 1806 2058 1835 181’).

194 1867 222 1871 —
239 1854 260 1876 3.
280 1853 344 1876 Cum
358 1856 428 1875 esset
442 1853 515 1883 prior
530 1852 663 1883 prioratus
684 1853 710 1876 S.
731 1852 842 1883 Remigii
860 1852 891 1875 de
909 1852 1010 1874 Varena
1028 1851 1160 1882 Andegav.
1178 1851 1269 1879 dioec.y
1294 1851 1337 1875 lic.
1360 1851 1385 1874 in
1401 1852 1508 1883 decret„
1524 1860 1565 1873 au,
1580 1852 1647 1878 1383,
1665 1851 1724 1873 Maii
1741 1852 1778 1878 25,
1798 1860 1810 1873 a
1828 1851 1958 1874 Clemente
1973 1851 2017 1873 Vll
2033 1851 2057 1873 iu

193 1898 315 1920 abbatem
332 1898 357 1920 S.
376 1897 476 1920 Nicolai
492 1897 625 1928 Andegav.
644 1897 813 1919 consu-matus
831 1899 871 1919 est
886 1897 957 1927 (Reg.
979 1897 1025 1919 Av.
1042 1896 1133 1924 Clem„
1152 1896 1202 1919 vol.
1223 1896 1307 1923 XXIX,
1331 1897 1347 1919 f.
1366 1896 1445 1925 14312),
1465 1904 1505 1918 an.
1529 1896 1594 1923 ¹385,
1616 1897 1681 1925 Aug.
1700 1896 1722 1923 4,
1740 1895 1765 1917 iu
1786 1895 1907 1918 abbatem
1929 1896 1954 1918 S.
1974 1895 2059 1918 Albini

194 1942 327 1973 Andegnv.
344 1941 426 1964 dioec.
445 1941 529 1970 (ibid.,
548 1941 600 1964 vol.
617 1942 726 1973 XXXVI,
741 1942 758 1964 s.
776 1943 823 1970 50).
843 1955 868 1958 —
886 1942 909 1964 [ι.
927 1940 1005 1969 Petri,
1019 1941 1089 1963 card.
1108 1941 1133 1963 S.
1154 1940 1279 1971 Stephani
1296 1940 1322 1963 iu
1338 1940 1523 1969 Coelionionte,
1540 1941 1572 1963 ah
1586 1948 1626 1962 an.
1645 1941 1712 1967 1327,
1730 1940 1787 1963 Dec.
1805 1940 1846 1967 f18;
1864 1940 1914 1962 des.
1932 1948 1972 1963 an.
1990 1940 2059 1962 1335.

196 2000 221 2004 ——
243 1988 264 2009 5.
283 1985 352 2009 Petri
368 1986 399 2009 de
417 1986 513 2014 Banac,
535 1986 606 2009 card.
627 1986 652 2008 S.
670 1985 804 2008 Laurentii
825 1985 850 2008 in
873 1986 985 2008 Damaso
1003 1985 1036 2008 ab
1055 1994 1096 2007 an.
1118 1986 1186 2013 1368,
1205 1986 1277 2016 Sept.
1297 1986 1339 2013 22;
1362 1985 1476 2007 defuncti
1493 1994 1536 2008 an.
1555 1986 1624 2007 1369.
1648 1986 1711 2007 Cum
1735 1988 1804 2007 esset
1819 1985 1914 2007 ‹lm-ret.
1931 1985 2021 2007 doctor
2036 1988 2061 2007 et

195 2030 268 2062 prior
280 2030 414 2062 prioratus
429 2030 460 2053 de
475 2031 573 2061 Togeto
585 2030 703 2053 Cluniae.
716 2029 789 2059 Ord.,
803 2038 845 2052 an.
863 2030 931 2057 1363,
949 2030 1041 2053 Octob.
1058 2030 1094 2058 13,
1113 2031 1196 2053 suctus
1212 2033 1252 2052 est
1266 2029 1348 2052 abbas
1363 2029 1457 2052 Montis
1473 2029 1588 2060 Majoris,
1606 2030 1700 2052 Arelat.
1714 2029 1795 2052 dioec.
1813 2030 1884 2059 (Ηυξ.
1898 2031 1942 2052 Av.
1956 2029 2019 2052 Urb.
2033 2029 2061 2056 V,

195 2076 246 2098 vol.
262 2075 305 2103 VI,
320 2075 364 2098 sol.
382 2075 446 2104 100).

201 2206 341 2243 1436.
365 2224 380 2241 α
394 2215 515 2241 Rotulus
532 2214 767 2240 baccalareoram
785 2218 811 2240 et
826 2213 980 2239 scolarium
998 2214 1026 2239 in
1042 2217 1096 2239 art.
1113 2213 1204 2239 studii
1220 2214 1313 2239 Par-is.
1335 2224 1348 2237 >›

1202 2292 1279 2321 7378,
1295 2292 1407 2318 Moremb.
1422 2293 1464 2320 22,
1479 2293 1606 2321 23-7379,
1624 2292 1708 2318 Octob.
1725 2293 1772 2318 28.

287 2368 500 2401 Beatissimo
522 2374 634 2412 pater,
657 2367 740 2399 (lum
765 2367 1039 2399 consideramus
1059 2366 1230 2399 attentius
1252 2366 1427 2399 immense
1452 2373 1570 2399 vestre
1598 2366 1834 2411 benignitatis
1860 2366 2060 2399 exuberan-

199 2435 280 2468 tiam
301 2434 457 2467 ubilibet
477 2434 710 2479 divulgatam,
732 2434 775 2466 ad
796 2434 931 2466 sontem
953 2439 1073 2466 vestre
1096 2433 1345 2465 misericordie
1367 2445 1436 2478 que
1452 2433 1550 2466 viros
1572 2433 1770 2474 studiosos,
1794 2445 1832 2465 se
1855 2440 1889 2465 et
1910 2445 1973 2466 sua
1995 2445 2058 2477 pro

197 2501 349 2534 scientie
366 2501 606 2545 acquisitione
624 2507 861 2545 exponentes,
878 2500 1049 2545 gratiosis
1071 2511 1215 2544 semper
1231 2499 1415 2532 favoribus
1437 2500 1552 2532 extitit
1573 2506 1779 2544 prosequta,
1798 2512 1865 2532 nos
1882 2499 2058 2532 facultatis

197 2568 325 2601 artium
348 2567 550 2600 liberalium
574 2567 610 2599 in
631 2574 749 2600 vestra
772 2566 1014 2600 Universitate
1037 2566 1232 2598 Parisiensi
1254 2566 1435 2599 bacallarii
1457 2573 1491 2598 et
1512 2566 1700 2599 studentes
1722 2566 1871 2606 assidui,
1895 2567 1955 2610 qui
1978 2579 2060 2611 pau-

198 2640 334 2679 pertate
355 2633 530 2667 hactenus
552 2634 729 2678 patienter
746 2633 929 2666 extitimus
951 2645 1066 2665 amara
1092 2645 1209 2665 rerum
1233 2633 1448 2665 adversitate
1466 2633 1580 2666 vexati
1674 2633 1933 2677 supplicamus,
1950 2638 2012 2666 etc.

286 2741 382 2767 Primo
398 2742 481 2767 Petro
497 2741 676 2769 Martinelli¹;
693 2741 772 2769 cler..
789 2740 834 2765 lic.
853 2740 883 2765 iu
902 2741 955 2773 leg.
971 2740 1001 2765 in
1015 2740 1109 2772 rigore
1124 2740 1263 2765 examinis
1278 2742 1305 2765 et
1322 2740 1381 2765 bac.
1397 2740 1427 2765 in
1442 2740 1531 2769 decr.‚
1551 2740 1719 2765 Lucionens.
1737 2740 1810 2765 dioc.
1829 2741 1937 2765 Datum
1954 2740 2061 2765 Fundis

197 2790 418 2823 quintodecimo
433 2790 489 2816 kal.
505 2790 652 2819 Decemb.‚
669 2797 747 2815 anno
763 2789 870 2822 primo.

286 2839 358 2864 Item
379 2839 501 2864 lleurico
518 2839 708 2871 Malinepotis.
728 2838 794 2863 cler.
818 2838 991 2870 Rothoniag.
1008 2838 1094 2866 dioc.‚
1112 2845 1188 2869 mag.
1209 2837 1238 2862 in
1254 2839 1306 2862 art.
1324 2846 1355 2862 ac
1370 2838 1436 2863 scol.
1457 2838 1486 2862 in
1505 2838 1555 2863 sac.
1576 2837 1685 2871 [decri.
1703 2837 1927 2869 coununcioque
1942 2837 2058 2861 bacalla-

197 2887 309 2912 riorum
325 2888 577 2920 insrascriptorum
593 2887 736 2913 sanctitati
755 2888 843 2912 vestre
857 2886 1000 2911 destinato
1022 2886 1066 2920 [de
1086 2894 1148 2911 can.
1172 2886 1238 2911 eccl.
1261 2886 1434 2920 Iibroicensj
1460 2887 1567 2911 Datum
1591 2886 1697 2911 Fundis
1719 2885 1833 2919 [quinto
1854 2884 1975 2918 decimo]
1999 2885 2055 2909 kal.

197 2936 346 2966 Decemb.‚
359 2944 437 2962 anno
452 2937 558 2969 primo.
