2488 3386
434 316 496 349 120
1010 323 1330 346 CHARTULARIUM
1366 322 1557 344 UNlVERS.
1594 322 1723 343 rmus.
2198 307 2298 344 [1364

432 398 599 431 lectionis
620 398 664 431 de
692 409 795 430 mane
823 397 939 442 ipsius
963 397 1084 430 fratris
1112 396 1281 437 Dionisii,
1307 395 1375 429 sub
1402 408 1511 435 anno,
1538 395 1750 436 indictione,
1777 405 1915 434 mense,
1943 393 2002 426 die
2027 400 2063 426 et
2087 392 2296 438 pontificatu

433 465 566 510 quibus
595 476 716 509 supra,
746 463 978 509 presentibus
1009 463 1228 496 venerandis
1257 469 1292 495 et
1321 462 1489 495 discretis
1516 461 1604 495 viris
1633 461 1817 506 magistris
1842 460 1956 493 Adam
1984 459 2029 493 (16
2059 459 2295 501 Francovilla,

433 532 607 576 magistro
628 531 665 563 in
686 530 877 565 medicina.
901 529 1098 563 Guillelmo
1123 529 1219 562 dicto
1241 528 1386 568 Gerval,
1410 530 1536 561 Yvone
1558 528 1602 560 de
1623 527 1786 568 Treveri,
1812 526 1945 560 clerico
1970 526 2111 559 notario
2137 525 2297 571 publico,

433 598 699 642 Corisopitens.
722 597 831 638 dioc.,
854 608 997 629 necnon
1017 595 1202 640 religiosis
1223 607 1262 628 ac
1282 595 1447 628 honestis
1467 594 1555 627 viris
1575 593 1748 626 fratribus
1770 594 1875 626 Petro
1897 592 2110 634 Ponficheti,
2135 591 2299 626 Johanne

435 664 593 705 Scabini,
610 663 796 696 monachis
817 663 969 708 predicti
990 662 1200 695 monasterii
1222 662 1341 695 Sancti
1362 661 1517 694 Dionisii
1538 661 1575 693 in
1592 660 1753 701 Francia,
1771 659 2012 705 pluribusque
2032 659 2113 692 aliis
2128 658 2298 700 testibus,

434 731 478 764 ad
499 731 675 775 premissa
696 730 831 763 vocatis
857 729 1063 774 specialiter
1084 735 1119 761 et
1140 729 1287 773 rogatis.

525 798 568 830 Et
589 809 669 842 ego,
689 798 816 829 Petrus
833 796 951 829 dictus
968 795 1090 829 Gouin
1107 795 1150 827 de
1173 794 1346 835 Rosariis,
1366 793 1583 827 Parisiensis
1605 792 1764 826 diocesis
1785 791 1955 834 clericus,
1973 792 2142 838 publicus
2158 798 2299 838 aposto-

435 863 503 896 lica
524 870 559 896 et
578 862 756 908 imperiali
777 862 988 895 auctoritate
1009 861 1183 902 notarius,
1201 866 1263 894 etc.

529 960 664 991 Originale
685 960 711 983 111
727 960 805 983 Α1611.
821 963 874 983 nat.
891 959 975 983 Paris.
990 959 1025 983 M.
1041 960 1069 982 75
1085 959 1161 989 (inter
1178 958 1282 981 chartas
1306 957 1452 988 Collegium
1475 957 1609 980 Sorbonae
1629 957 1798 988 spectantes),
1814 960 1843 979 n⁰
1864 957 1909 980 ⁴125
1931 956 2018 987 (antea
2040 956 2073 980 M.
2094 957 2164 987 2570,
2179 960 2209 979 n⁰
2223 957 2256 987 8),
2273 957 2301 980 In

435 1012 529 1028 aversa
544 1004 705 1034 membrana,
722 1004 829 1035 antiquo
849 1004 1000 1027 charactere
1015 1003 1113 1034 legitur
1130 1011 1135 1026 ε
1155 1012 1166 1026 t(
1184 1003 1318 1026 Reddatur
1333 1002 1460 1026 Gaufrido
1476 1001 1579 1024 notario
1595 1000 1694 1024 domini
1709 1000 1875 1024 Boloniensis
1891 1000 1974 1032 [card.
1991 1000 2119 1025 Guidonis
2134 1001 2166 1024 de
2181 1000 2301 1033 Bolonia]

435 1052 461 1072 et
475 1057 525 1072 non
543 1049 628 1077 alteri,
642 1052 667 1072 et
681 1057 711 1072 ex
726 1056 814 1073 causa.
827 1057 838 1072 11
855 1048 942 1077 Aliud,
958 1048 1064 1072 omnino
1079 1047 1173 1078 simile,
1189 1048 1279 1070 datum
1292 1055 1340 1078 per
1354 1046 1467 1078 copiam,
1483 1046 1517 1069 M.
1535 1047 1574 1075 75,
1589 1049 1618 1068 11ο
1632 1046 1676 1068 126
1690 1047 1775 1075 (antea
1788 1045 1821 1069 M.
1836 1046 1905 1074 2570,
1921 1049 1950 1068 n⁰
1961 1046 1996 1075 9).
2011 1059 2042 1063 —
2056 1045 2194 1075 Jourdain,
2207 1049 2237 1068 110
2246 1046 2302 1070 698.

529 1133 552 1156 1.
570 1133 627 1155 Vid.
645 1141 726 1164 supra
742 1136 770 1155 n⁰
788 1133 857 1156 1274.
874 1146 902 1150 —
921 1134 943 1156 2.
960 1131 1086 1156 Novemb.
1108 1132 1190 1163 11.,-
1209 1133 1230 1154 3.
1251 1130 1412 1154 Traductore
1428 1130 1556 1153 librorum
1573 1129 1599 1152 in
1614 1129 1679 1160 ling.
1697 1129 1766 1153 Gall.
1787 1129 1845 1153 Vid.
1862 1129 1967 1160 Delisle,
1985 1129 2048 1154 Cab.
2064 1130 2110 1154 des
2129 1136 2205 1159 mss„
2221 1129 2243 1162 Ι,
2257 1129 2302 1158 41;

437 1177 483 1209 111,
499 1178 553 1200 329.
567 1177 643 1200 Deest
658 1177 684 1199 111
700 1185 711 1200 ((
727 1177 821 1200 Rotulo
833 1176 1030 1208 capellanorum
1046 1179 1072 1199 et
1086 1176 1148 1199 cler.
1164 1175 1264 1206 capelle
1278 1183 1333 1206 reg.
1347 1174 1431 1198 Paris,
1448 1182 1460 1197 1)
1477 1182 1519 1198 an.
1534 1174 1603 1202 1362,
1620 1174 1679 1197 Dec.
1693 1175 1708 1196 6
1723 1174 1826 1205 (Suppl.
1843 1173 1908 1197 Urb.
1924 1173 1953 1203 V,
1969 1181 2012 1197 an.
2025 1174 2046 1202 1,
2062 1182 2090 1205 p.
2109 1173 2131 1202 1,
2149 1174 2193 1197 sol.
2212 1174 2260 1204 80).
2275 1186 2302 1191 -

436 1222 460 1244 4.
476 1221 545 1244 Haec
561 1221 653 1244 cedula
668 1221 843 1244 revocationis
861 1224 945 1244 exstat
959 1221 1038 1244 etiam
1053 1221 1079 1243 in
1092 1220 1161 1244 Bibl.
1180 1219 1333 1247 Autissiod„
1353 1227 1402 1242 ms.
1418 1219 1463 1242 243
1479 1220 1564 1248 (antea
1579 1219 1644 1248 206),
1659 1218 1703 1241 fol.
1720 1219 1763 1246 86;
1780 1218 1813 1241 ad
1828 1218 1926 1241 calcem
1941 1218 2002 1242 edd.
2018 1218 2133 1242 Sentent.
2147 1217 2302 1247 Lomhardi;

437 1266 507 1289 Bibl.
522 1272 599 1289 max.
612 1269 699 1295 patr„
716 1266 806 1293 XXVI;
823 1266 881 1289 Bul.
895 1266 937 1294 lv,
950 1266 1010 1293 38·2;
1026 1265 1192 1296 D'Argentre‚
1211 1264 1362 1294 Coll.jud.,
1380 1264 1398 1293 1,
1411 1264 1465 1287 384.
1481 1277 1508 1280 —
1525 1265 1547 1286 5.
1565 1271 1576 1285 «
1591 1263 1703 1294 primo»
1718 1262 1886 1286 membranae
1901 1262 1977 1286 duae.
1993 1276 2023 1280 —
2038 1263 2061 1286 6.
2079 1270 2091 1286 t(
2105 1262 2192 1294 primo
2208 1270 2220 1285 11
2236 1262 2304 1286 duae

437 1309 614 1333 membranae.
631 1323 661 1327 -
676 1310 699 1333 7.
715 1310 784 1339 Jac.‚
801 1310 820 1339 1,
837 1310 875 1333 17.
895 1323 923 1327 —
939 1310 962 1333 8.
981 1310 1001 1333 1.
1016 1317 1049 1338 e.,
1065 1312 1094 1332 ut.
1107 1308 1231 1340 probavit
1251 1309 1420 1331 baccalarcus
1437 1308 1463 1331 S.
1483 1307 1621 1332 Bernardi.
1635 1320 1667 1325 --
1681 1309 1705 1330 9.
1721 1307 1831 1330 Membr.
1848 1314 1854 1330 ι
1872 1315 1884 1330 ((
1902 1307 2003 1330 decimo
2018 1315 2086 1330 nono
2102 1315 2124 1331 11.
2141 1321 2170 1325 -
2190 1307 2228 1331 10.
2244 1306 2304 1332 Vid.

439 1353 579 1383 Chartul„
595 1354 627 1382 11,
645 1355 699 1377 833.
714 1367 745 1371 —
760 1354 798 1376 11.
814 1354 942 1377 Membr.:
959 1362 971 1376 «
987 1356 1116 1376 retroacto
1132 1362 1155 1376 ».
1169 1367 1196 1371 —
1215 1353 1253 1376 12.
1268 1353 1408 1384 Hucusque
1426 1360 1475 1375 ms.
1492 1355 1517 1375 et
1531 1352 1591 1375 cdd.
1604 1351 1630 1374 in
1646 1354 1707 1374 nota
1722 1353 1736 1374 4
1753 1351 1858 1379 allatae,
1874 1359 1933 1374 cum
1951 1351 2084 1375 additione
2099 1359 2105 1375 ι
2121 1361 2134 1373 α
2149 1352 2200 1375 Hec
2215 1350 2304 1375 omnia

489 1406 557 1421 anno
573 1399 586 1420 3
602 1406 623 1427 11,
640 1401 668 1421 οῑ
683 1398 709 1420 111
722 1398 781 1421 edd.
796 1398 836 1421 Ibi
851 1398 956 1427 dicitur,
972 1397 1125 1429 Dionysium
1140 1397 1203 1420 haec
1219 1397 1306 1420 onmia
1316 1396 1447 1420 Avenione
1461 1405 1503 1420 011.
1520 1397 1580 1419 1365
1592 1396 1700 1425 (Autiss.
1714 1404 1725 1419 «
1738 1396 1798 1419 1310
1809 1398 1831 1426 11)
1842 1396 1962 1419 Januarii
1975 1396 2013 1425 31,
2029 1404 2176 1420 revocasse.
2189 1396 2306 1427 Apparet

436 1445 523 1465 tamen
545 1450 558 1465 e
583 1442 745 1465 documentis
766 1442 936 1473 sequentibus
956 1442 1111 1473 Dionysium
1136 1441 1251 1465 noluisse
1276 1444 1337 1464 tunc
1359 1441 1469 1464 Parisiis
1490 1440 1603 1471 publice
1623 1448 1756 1470 revocare,
1778 1440 1847 1472 quod
1868 1440 1954 1464 solum
1975 1448 2018 1464 an.
2037 1441 2098 1464 1369
2119 1440 2206 1464 evenit
2225 1440 2304 1470 (iuri-a

437 1490 466 1509 n⁰
482 1487 562 1516 1352),
580 1486 701 1518 quamvis
719 1487 836 1510 cedulam
853 1486 980 1510 Novemb.
998 1487 1028 1510 16
1042 1486 1159 1518 legisset.

444 1682 584 1720 1299.
609 1693 763 1718 processus
777 1694 875 1726 factus
891 1696 989 1718 contra
1005 1693 1170 1728 Dionysium
1187 1692 1353 1718 Foulleclzat
1365 1701 1419 1728 per·
1435 1692 1533 1727 viginti
1549 1701 1634 1718 unum
1650 1693 1804 1727 magistros
1821 1693 1850 1719 in
1866 1692 2018 1728 theologia.

1485 1776 1560 1805 7364,
1578 1775 1723 1801 Novembris
1736 1776 1773 1805 15,
1793 1775 1828 1805 18,
1844 1776 1889 1805 23,
1905 1775 2019 1802 Parisiis.

529 1857 718 1891 Universis
740 1864 929 1902 presentes
950 1857 1087 1891 litteras
1108 1858 1340 1903 inspecturis,
1364 1858 1568 1892 Grimerius
1590 1859 1779 1900 Bonifacii,
1804 1858 2041 1892 cancellarius
2064 1858 2152 1892 eccl.
2176 1858 2303 1899 Paris,

440 1931 475 1956 et
504 1923 654 1957 facultas
688 1923 872 1969 theologie
903 1924 1157 1957 Universitatis
1190 1925 1300 1957 studii
1335 1925 1566 1966 Parisicnsis,
1599 1925 1751 1958 salutem
1785 1925 1822 1958 in
1848 1925 2003 1958 Domino
2033 1925 2304 1970 sempiternam.

439 1990 617 2033 Quoniam
639 2002 739 2023 sacre
762 1990 940 2035 scripture
962 1990 1130 2023 doctores
1156 1998 1241 2024 sunt
1264 1991 1301 2024 in
1324 1991 1477 2025 ecclesia
1498 1992 1564 2024 Dei
1590 1992 1634 2024 ad
1659 1991 1727 2025 hoc
1753 1991 1961 2037 specialiter
1981 1991 2138 2025 ordinati
2158 1997 2208 2034 ut,
2230 1997 2307 2025 tan-
2353 1984 2357 1987 ¹

440 2069 545 2102 quam
573 2056 660 2089 boni
689 2056 849 2089 cultores
879 2057 984 2090 vinee
1015 2058 1172 2099 Domini,
1202 2058 1276 2090 sint
1301 2070 1384 2091 cura
1412 2058 1582 2103 pervigili
1615 2058 1763 2091 solliciti
1791 2070 1837 2091 ne
1866 2058 1904 2091 in
1931 2070 1972 2091 ea
2000 2058 2171 2091 fructices
2198 2070 2307 2103 prave

441 2123 605 2156 doctrine
626 2122 789 2167 pululare
810 2123 1034 2168 permittant3
1058 2124 1154 2156 unde
1176 2130 1211 2156 et
1231 2124 1366 2157 eisdem
1390 2124 1565 2158 incombit
1585 2137 1628 2157 ex
1648 2124 1766 2157 officio
1787 2124 1869 2158 falsi
1890 2124 2070 2170 dogmatis
2090 2123 2307 2158 moribunda

441 2195 621 2222 sarmenta
648 2189 896 2234 prescindere,
924 2201 1087 2222 errorum
1114 2190 1272 2223 evellere
1298 2191 1434 2235 spinas,
1461 2203 1500 2224 ac
1525 2191 1697 2233 heresim,
1720 2191 1943 2224 adulterinas
1964 2190 2220 2236 plantationes,
2242 2202 2307 2224 seu

442 2255 564 2300 spuria
584 2255 792 2288 vitulamina
817 2256 979 2288 funditus
1001 2257 1212 2301 exstirpare,
1236 2264 1428 2302 quatenus,
1451 2258 1689 2291 infructuosis
1710 2257 1919 2303 palmitibus
1940 2257 2144 2302 amputatis,
2167 2257 2308 2291 nocivis

442 2321 614 2366 plantulis
640 2322 828 2354 eradicatis
856 2329 890 2354 et
915 2334 958 2355 ex
985 2329 1058 2355 toto
1086 2323 1190 2356 vinea
1215 2324 1360 2356 Domini
1390 2324 1580 2369 potissime
1606 2325 1643 2357 in
1670 2324 1866 2358 Parisiensi
1893 2324 2014 2357 studio
2035 2335 2124 2357 uvas
2144 2323 2308 2369 proferre

442 2387 558 2421 valeat
578 2387 770 2420 dulcedine
791 2388 955 2420 doctrine
976 2388 1123 2422 celestis
1148 2389 1280 2423 uberes
1301 2397 1337 2422 et
1365 2391 1573 2423 refertas...
1606 2402 1612 2423 :
1643 2402 1683 2423 ea
1713 2397 1861 2436 propter
1888 2390 2172 2435 predecessores
2192 2389 2308 2423 nostri

443 2453 605 2498 theologi
635 2454 859 2486 Parisicnses
887 2454 971 2486 olim
999 2454 1193 2488 salubriter
1213 2456 1307 2488 inter
1328 2462 1446 2489 cetera
1468 2463 1683 2498 statuerunt,
1705 2457 1773 2490 fuit
1799 2463 1834 2489 et
1861 2463 1917 2490 est
1943 2456 2118 2489 hactenus
2147 2455 2308 2489 Parisius

443 2519 688 2560 observatum,
728 2520 824 2564 quod
858 2520 1014 2553 lectores
1052 2522 1331 2564 Sententiarum,
1362 2523 1535 2556 videlicet
1569 2523 1724 2568 quilibet
1757 2523 1997 2564 bachalarius,
2035 2528 2226 2567 antequam
2264 2521 2309 2555 ad

444 2586 615 2619 lecturam
646 2586 909 2619 Sententiarum
939 2587 1158 2630 admittatur,
1175 2589 1273 2632 jurat
1294 2589 1391 2633 quod
1417 2590 1453 2622 in
1478 2590 1555 2622 suis
1576 2590 1766 2635 principiis
1788 2596 1823 2622 et
1846 2589 2009 2630 lecturis,
2037 2600 2180 2622 necnon
2208 2594 2244 2621 et
2270 2587 2309 2621 in

444 2652 524 2685 aliis
552 2652 691 2685 actibus
712 2652 1015 2698 quibuscumque,
1046 2666 1118 2686 non
1149 2654 1257 2696 dicet,
1285 2655 1424 2689 tenebit
1451 2663 1511 2689 aut
1538 2655 1796 2701 dogmatizabit
1823 2655 1961 2700 aliquid
1990 2655 2088 2700 quod
2114 2655 2162 2688 sit
2185 2661 2308 2688 contra

444 2719 552 2751 fidem
581 2718 804 2760 catholicam,
832 2726 891 2752 aut
922 2727 1045 2752 contra
1076 2721 1411 2755 determinationem
1440 2729 1563 2756 sancte
1595 2723 1720 2755 matris
1754 2722 1923 2764 ecclesie,
1954 2721 2012 2755 vel
2039 2728 2163 2754 contra
2190 2720 2309 2754 bonos

445 2797 580 2826 mores,
602 2796 666 2817 seu
697 2785 733 2817 in
762 2785 920 2818 savorem
951 2786 1184 2819 articulorum
1214 2788 1251 2820 in
1273 2789 1431 2821 Romana
1457 2789 1556 2822 curia
1581 2789 1639 2822 vel
1666 2790 1828 2823 Parisius
1856 2788 2218 2833 condampnatorum,
2249 2793 2311 2820 aut

446 2851 544 2894 quod
573 2850 664 2884 male
694 2858 799 2884 sonet
832 2851 868 2884 in
899 2852 1047 2885 auribus
1077 2853 1294 2895 auditorum,
1325 2855 1389 2887 sed
1417 2866 1539 2888 sanam
1567 2855 1767 2888 doctrinam
1797 2854 1936 2888 tenebit
1969 2860 2005 2888 et
2033 2852 2306 2899 dogmatizabit;
