2488 3386
209 316 304 352 1379]
974 327 1020 348 DE
1057 327 1298 348 scamium-E.
2005 319 2070 351 575

205 402 340 435 siensis
361 401 558 435 adherebat
578 408 613 434 et
632 400 808 434 adherere
827 399 968 433 volebat
997 400 1086 445 parti
1109 400 1246 433 domini
1267 400 1468 434 Clementis
1489 413 1579 446 pape
1595 402 1661 435 Vll
1686 408 1849 446 tanquam
1872 414 1957 435 vero
1979 414 2069 447 pape

204 476 239 501 et
261 468 396 513 pastori
417 468 585 509 ecclesie7
609 474 643 500 et
665 467 761 512 quod
784 466 999 499 electionem
1022 466 1107 499 dicti
1129 466 1265 499 domini
1289 466 1489 499 Clementis
1511 479 1600 512 pape
1623 467 1810 513 reputabat
1830 480 1911 500 esse
1932 469 2065 512 justam

204 541 239 567 et
258 535 479 575 canonicam,
502 541 660 568 sanctam
682 540 717 566 et
741 533 940 578 legitimam
968 540 1003 566 et
1035 533 1209 578 prefatum
1241 533 1560 575 B[artholomeum]
1588 534 1625 566 in
1650 534 1742 567 dicta
1764 534 1850 567 sede
1872 535 2065 576 intrusum⁷

201 601 348 634 attentis
374 600 641 634 assertionibus
667 600 749 633 facti
776 606 810 632 et
835 600 930 644 juris
960 600 1179 644 prefatorum
1209 599 1438 632 dominorum
1465 600 1699 633 cardinalium
1727 608 1761 633 et
1788 601 1924 633 domini
1950 602 2066 634 nostri

203 668 301 713 regis
322 675 356 701 et
383 667 536 700 aliorum
565 667 783 712 prelatorum
812 666 856 699 de
887 678 1000 711 regno
1033 666 1194 707 Francie,
1222 666 1283 711 qui
1311 678 1456 711 semper
1483 667 1627 699 fuerunt
1655 674 1690 700 et
1714 674 1798 700 sunt
1827 668 1863 699 in
1894 668 2066 712 opinione

203 734 288 767 dicti
315 734 452 767 domini
477 733 691 774 Clementis,
717 733 913 766 voluerunt
938 739 973 766 et
996 733 1124 766 volunt
1149 732 1325 765 adherere
1351 739 1386 766 et
1410 733 1560 766 obedire
1588 734 1763 766 mandatis
1791 740 1957 779 tanquam
1980 747 2065 767 vero

203 812 343 833 summo
371 799 547 845 pontifici.
582 800 698 844 Super
724 799 858 844 quibus
889 799 1058 832 omnibus
1087 805 1122 832 et
1152 799 1309 844 singulis
1341 799 1559 844 supradictis
1588 800 1747 844 prefatus
1778 812 1870 845 mag.
1901 801 2066 834 Amelius

202 867 348 899 nomine
370 866 456 899 dicti
477 866 614 899 domini
636 866 752 899 nostri
774 878 863 911 pape
885 872 919 898 et
939 866 1086 911 collegii
1106 866 1341 899 cardinalium
1365 867 1398 899 S.
1423 868 1571 899 Roman.
1595 866 1749 899 ecclesie
1770 867 1885 899 voluit
1905 874 1940 900 et
1964 868 2067 912 petiit

202 945 266 978 per
282 945 338 965 me
359 933 539 966 notarium
562 932 747 978 publicum
770 932 1015 977 subscriptum
1039 932 1108 965 sibi
1125 932 1203 965 fieri
1225 932 1408 977 publicum
1431 933 1725 969 instrumentum,
1744 945 1853 965 unum
1871 933 1927 966 vel
1949 934 2064 978 plura.

201 999 438 1032 presentibus
467 1000 512 1032 ad
547 999 614 1032 hec
649 999 818 1032 discretis
846 999 934 1032 viris
966 999 1128 1032 Johanne
1163 1000 1317 1040 Damon,
1353 1000 1472 1032 Bricio
1507 999 1675 1032 Monachi
1709 1000 1859 1033 notariis
1894 1000 2063 1045 publicis,

198 1066 332 1099 Jacobo
353 1066 388 1099 le
410 1066 573 1107 Fourier,
597 1065 745 1099 Nicolao
766 1065 903 1098 Thome
921 1072 955 1098 et
977 1066 1121 1098 Simone
1141 1065 1278 1099 Thome
1298 1066 1560 1111 principalibus
1581 1065 1736 1099 bedellis
1757 1066 1935 1100 facultatis
1956 1068 2066 1100 medi—

200 1132 293 1174 cine⁷
312 1132 541 1165 decretorum
563 1139 598 1165 et
621 1132 805 1177 theologie
826 1132 986 1165 Parisius
1007 1132 1329 1174 commorantibus,
1348 1132 1502 1165 testibus
1519 1132 1562 1165 ad
1579 1133 1756 1177 premissa
1773 1133 1908 1166 vocatis
1930 1134 2065 1178 specia-

199 1198 282 1231 liter
302 1205 337 1231 et
356 1199 506 1244 rogatis.

288 1266 411 1298 Item¹⁰
434 1265 703 1310 subsequenter
730 1265 858 1310 prefati
885 1265 1079 1310 episcopus
1108 1265 1364 1298 Laudunensis
1390 1272 1425 1298 et
1453 1265 1563 1298 abbas
1587 1266 1620 1298 S.
1646 1266 1795 1299 Vedasti
1821 1267 2062 1299 commissarii

198 1343 263 1377 per
283 1332 418 1365 dictum
442 1332 627 1365 dominum
653 1339 816 1365 nostrum
843 1343 979 1376 regem,
1003 1338 1040 1364 ut
1067 1332 1298 1376 premittitur,
1326 1331 1487 1376 deputati
1515 1332 1793 1365 notificaverunt
1814 1333 1908 1365 dicto
1931 1334 2063 1366 rectori

198 1398 293 1431 dicte
311 1398 580 1439 Universitatis‚
604 1398 701 1443 quod
723 1399 884 1443 prefatus
907 1398 1076 1430 dominus
1099 1405 1224 1430 noster
1246 1410 1307 1430 rex
1328 1397 1485 1431 libenter
1505 1398 1617 1431 vellet
1637 1399 1766 1431 dictam
1784 1399 2061 1444 responsionem

198 1476 241 1498 ex
260 1471 360 1510 parte
378 1465 633 1498 Universitatis
655 1465 792 1497 audire.
817 1466 859 1497 Et
879 1476 944 1509 pro
967 1471 1051 1497 tunc
1073 1464 1275 1497 ordinatum
1298 1465 1364 1497 fuit
1384 1477 1448 1509 per
1464 1465 1581 1498 dictos
1604 1472 1780 1498 rectorem
1802 1473 1837 1498 et
1858 1466 2061 1511 deputatos,

197 1531 294 1577 quod
314 1531 385 1576 ipsi
407 1531 568 1576 deputati
588 1531 730 1564 adirent
750 1531 794 1564 ad
816 1531 1034 1576 presentiam
1057 1531 1142 1563 dicti
1164 1531 1301 1563 domini
1325 1531 1440 1563 nostri
1469 1531 1567 1576 regis
1589 1531 1832 1576 personaliter
1852 1532 1888 1564 in
1914 1544 2062 1565 nemore

195 1598 465 1632 Vincennarum
487 1598 524 1630 in
545 1597 603 1630 die
624 1597 709 1630 lune
732 1598 908 1643 proximo,
932 1609 1001 1642 que
1022 1597 1101 1630 dies
1123 1597 1192 1630 erit,
1211 1597 1408 1642 penultima
1430 1598 1567 1630 mensis
1589 1598 1721 1630 Maii¹¹.

288 1696 478 1727 Apographum
494 1695 624 1718 Avenione
644 1695 705 1725 (vid.
723 1704 750 1726 p.
765 1695 820 1725 571,
843 1696 920 1724 not.);
938 1695 1060 1723 Bulaeus,
1076 1695 1117 1723 IV,
1140 1695 1183 1718 571
1206 1703 1255 1726 sq.,
1276 1698 1300 1718 ct
1317 1695 1422 1726 quidem
1437 1699 1497 1726 post
1513 1695 1606 1718 ultima
1624 1696 1703 1718 verba
1722 1705 1733 1719 (t
1750 1699 1775 1719 et
1791 1696 1890 1727 rogatis
1909 1707 1921 1717 »
1937 1705 2017 1728 supra
2037 1697 2061 1720 in

194 1745 223 1763 11(Ι
238 1740 306 1768 1624,
324 1749 350 1771 p.
368 1741 421 1769 571,
440 1740 527 1771 posita
542 1740 579 1763 sic
599 1743 796 1771 prosequuntur
811 1748 857 1763 seu
873 1740 1002 1770 incipiunt
1023 1748 1027 1762 ·.
1047 1748 1057 1762 ((
1074 1740 1136 1762 Item
1153 1739 1193 1762 die
1209 1741 1237 1762 25
1253 1740 1349 1770 prefati
1370 1740 1475 1768 mensis,
1496 1748 1572 1768 anno,
1590 1740 1739 1770 indictione,
1756 1749 1852 1769 mense,
1870 1744 1894 1764 et
1908 1741 2062 1772 pontificatu

194 1784 290 1816 quibus
307 1793 398 1815 supra,
409 1786 528 1816 prefatus
543 1788 628 1807 rector
643 1784 776 1815 predictos
788 1784 930 1815 magistros
946 1793 966 1812 ›)‚
980 1784 1091 1808 etc.Nos
1107 1784 1159 1815 ipsi
1173 1784 1332 1807 mutavimus
1349 1784 1577 1814 introductionem,
1595 1793 1653 1807 cum
1667 1785 1729 1807 olim
1746 1789 1814 1808 certe
1830 1786 1861 1808 de
1877 1786 1935 1814 hoc,
1949 1786 2018 1808 sicut
2033 1786 2064 1809 de

194 1829 443 1860 congregationibus
460 1830 497 1856 22,
515 1830 543 1852 ‘24
559 1832 583 1852 et
593 1830 623 1851 30
636 1829 705 1857 Maii,
723 1829 927 1852 instrumentum
943 1832 1095 1860 separatum
1111 1829 1240 1852 existeret.

287 1923 308 1945 1.
325 1922 383 1946 Vid.
404 1925 492 1945 notam
507 1922 715 1953 praecedentem.
731 1936 760 1939 —
776 1923 798 1945 2.
816 1922 850 1945 De
866 1922 962 1953 quibus
981 1930 1062 1953 supra
1076 1922 1184 1945 1101624,
1201 1936 1231 1939 —-
1252 1923 1273 1945 3.
1296 1922 1352 1944 Bul.
1369 1930 1374 1944 ⁴.
1392 1932 1404 1943 «
1421 1922 1493 1945 Balie
1513 1932 1535 1945 12.
1557 1936 1587 1939 ———
1608 1924 1631 1946 4.
1649 1923 1704 1945 Bul.
1728 1931 1733 1945 ¹.
1752 1931 1763 1945 «
1778 1923 1863 1946 Benne
1881 1931 1901 1945 1),
1920 1937 1946 1940 -
1963 1926 1984 1946 5.
2002 1924 2059 1947 Bul.

194 1967 255 1990 add.
271 1977 284 1988 «
300 1970 325 1990 et
340 1976 363 1990 »-
380 1980 407 1984 -—
421 1968 445 1990 6.
460 1967 518 1989 Β111.
535 1975 539 1989 z
558 1975 568 1988 (1
586 1966 750 1997 Lemperiere
766 1975 786 1989 ›).
805 1967 963 1997 Dcsignatur
979 1966 1087 1997 Egidius
1104 1966 1284 1997 Imperatoris.
1300 1967 1347 1989 Yid
1365 1975 1445 1997 supra
1463 1971 1492 1989 η’)
1512 1967 1580 1991 1430.
1599 1981 1628 1984 —
1651 1968 1672 1990 7.
1690 1967 1746 1990 Bul.
1763 1975 1768 1990 ².
1785 1976 1795 1989 (ι
1813 1967 1978 1998 supradictus
1995 1977 2017 1990 ».
2033 1981 2061 1985 —

193 2012 215 2034 8.
235 2011 292 2034 Vid.
312 2019 393 2042 supra
410 2019 436 2042 p.
455 2012 510 2034 247.
527 2025 557 2028 —
572 2013 594 2034 9.
614 2011 671 2035 Bul.
687 2019 692 2034 ε
709 2021 717 2032 «1
738 2012 853 2033 fecerunt
870 2021 891 2033 u.
907 2025 931 2028 —
950 2011 987 2033 10.
1001 2011 1141 2041 Sequentia
1156 2010 1234 2033 etiam
1255 2011 1280 2033 in
1302 2011 1428 2035 Vidimus
1445 2011 1511 2033 Bibl.
1532 2014 1585 2034 nat.
1602 2020 1650 2034 ms.
1673 2012 1719 2034 lat.
1736 2012 1804 2039 1472,
1822 2012 1867 2034 sol.
1886 2013 1909 2035 3.
1928 2025 1954 2029 —
1972 2012 2010 2034 11.
2032 2013 2060 2035 In

199 2056 327 2080 Vidimus
342 2056 412 2086 apud
428 2056 487 2078 Bul.
508 2055 657 2078 immediate
680 2055 798 2086 sequitui·
822 2056 1025 2078 instrumentum
1049 2055 1117 2078 infra
1136 2059 1163 2077 11ο
1185 2055 1245 2078 1627
1266 2055 1374 2083 editum,
1390 2058 1414 2078 ct
1430 2055 1534 2086 quidem
1553 2055 1593 2078 his
1617 2056 1703 2079 verbis
1722 2056 1899 2078 introductum
1917 2064 1922 2079 ·.
1941 2065 1951 2078 «
1969 2057 2000 2079 Et
2014 2056 2060 2079 illa

194 2100 235 2123 die
250 2100 311 2123 lune
328 2100 482 2123 adveniente
498 2108 519 2127 )),
535 2104 582 2124 εἰσ.
598 2100 654 2123 vid.
670 2099 736 2122 ibid.
752 2103 849 2123 notam.

198 2269 338 2306 1627.
362 2288 376 2304 «
392 2278 558 2304 Declaraeio
574 2278 664 2304 studii
678 2279 855 2304 Parisiensis
873 2288 886 2303 »
906 2278 1005 2303 Carolo
1026 2279 1051 2312 V,
1070 2278 1129 2312 regi
1145 2279 1326 2313 Francorum,
1340 2287 1393 2313 per
1407 2278 1560 2314 deputatos
1582 2279 1779 2304 L'niversitatis
1792 2282 1991 2314 praesentata.

1431 2375 1507 2403 1379,
1523 2375 1582 2400 Maii
1597 2375 1642 2403 30,
1658 2375 1772 2401 Parisiis.

281 2464 321 2495 In
351 2463 497 2495 nomine
532 2462 690 2502 Domini,
721 2474 837 2495 amen.
872 2463 938 2494 Per
968 2462 1035 2494 hoc
1066 2474 1220 2506 presens
1251 2461 1434 2506 publicum
1464 2462 1744 2495 instrumentum
1774 2463 1913 2495 cunctis
1942 2470 2059 2507 pateat

192 2529 380 2562 evidenter
401 2529 498 2574 quod
524 2541 617 2561 anno
645 2529 789 2561 Domini
818 2528 1012 2561 millesimo
1039 2529 1144 2562 CCC⁰
1171 2529 1441 2573 septuagesimo
1471 2541 1580 2570 nono,
1608 2529 1665 2561 die
1697 2529 1894 2574 penultima
1921 2530 2057 2562 mensis

192 2596 290 2632 Maii,
308 2596 507 2628 indictione
525 2595 698 2635 secunda,
717 2595 948 2640 pontificatus
971 2595 1191 2628 sanctissimi
1214 2595 1250 2627 in
1272 2594 1418 2628 Christo
1440 2595 1551 2639 patris
1574 2602 1607 2627 et
1629 2595 1766 2628 domini
1789 2596 1903 2628 nostri
1922 2596 2058 2628 domini

193 2662 392 2695 Clementis
414 2662 534 2695 divina
556 2662 783 2706 providentia
812 2674 901 2706 pape
929 2662 1074 2706 septimi
1102 2674 1195 2694 anno
1218 2661 1348 2706 primo⁷
1375 2661 1411 2693 in
1433 2661 1502 2693 mei
1534 2662 1663 2694 notarii
1694 2662 1830 2706 publici
1860 2661 2057 2706 subscripti

193 2729 411 2773 testiumque
447 2728 760 2773 infrascriptorum
796 2735 945 2773 propter
979 2728 1046 2761 hoc
1082 2728 1289 2773 specialiter
1316 2734 1523 2760 vocatorum
1557 2735 1591 2760 et
1625 2735 1831 2773 rogatorum
1868 2728 2056 2773 presencia

193 2794 433 2840 personaliter
453 2795 640 2827 constituti
661 2794 890 2828 venerabiles
920 2801 954 2828 et
981 2795 1130 2827 discreti
1156 2795 1223 2827 viri
1251 2794 1414 2839 magistri
1433 2794 1617 2827 Johannes
1644 2796 1687 2827 de
1718 2795 1858 2828 Stralen
1884 2795 2056 2839 magister

191 2861 228 2894 in
249 2861 399 2902 artibus,
424 2868 542 2894 rector
563 2861 819 2894 Universitatis
847 2862 957 2894 studii
986 2861 1217 2902 parisiensis,
1241 2860 1466 2894 Guillermus
1487 2860 1520 2893 le
1544 2862 1618 2893 Dos
1641 2862 1802 2902 Francic,
1820 2868 1854 2893 et
1873 2860 2055 2893 Johannes
