2488 3386
186 357 280 394 1385]
601 370 646 392 AB
681 370 787 392 ANNo
821 371 952 393 MCCCL
987 372 1118 400 usoui:
1153 372 1201 394 An
1237 372 1500 394 BENEDfflTUM
1537 373 1626 394 χιιι,
1983 363 2045 395 351

183 444 402 477 baccalarios
424 456 487 489 per
503 444 706 477 facultatem
723 444 941 489 approbatos
960 446 1135 490 recipere,
1154 453 1189 478 et
1209 446 1309 490 ipsos
1326 447 1446 479 vocari
1462 447 1580 478 facere
1597 446 1641 478 ad
1662 447 1855 487 licentiam,
1874 447 2048 491 ipsosque

182 511 375 543 licenciare
396 511 597 543 secundum
618 510 688 543 loci
706 511 838 543 seriem
861 518 895 543 et
915 512 1181 544 ordinationem
1204 512 1274 544 sibi
1295 512 1459 544 traditam
1476 512 1533 545 vel
1555 512 1720 551 traditos,
1738 519 1772 545 et
1792 513 2048 557 deposiciones

183 577 437 622 magistrorum
460 576 654 610 observare
677 577 720 610 de
749 589 830 618 usu,
859 577 955 618 stilo,
983 578 1263 613 consuetudine,
1288 590 1387 611 more
1417 585 1451 611 et
1481 578 1716 611 observancia
1738 579 1912 611 dictarum
1941 580 2047 611 trium

181 643 387 676 facultatum
410 643 566 687 (scilicet
586 644 779 683 medicine,
807 644 1035 677 decretorum
1062 652 1096 677 et
1118 644 1312 689 theologie)
1334 644 1589 677 communibus
1611 645 1764 677 notoriis
1785 645 1993 690 approbatis
2015 653 2047 678 et

182 710 385 743 observatis
406 710 626 743 incuncusse
647 723 665 743 a
687 710 782 743 dicto
807 717 968 756 tempore
991 718 1025 744 et
1047 723 1110 756 per
1131 712 1265 744 dictum
1289 718 1443 756 tempus,
1472 723 1538 743 nec
1565 718 1685 756 potest
1705 718 1765 744 aut
1791 711 1900 744 debet
1924 712 2050 756 hujus-

182 777 280 809 modi
306 777 383 809 loca
414 788 479 809 seu
506 777 777 809 ordinacionem
810 784 960 819 mutare,
984 785 1043 810 aut
1072 778 1228 822 aliquem
1262 790 1326 811 seu
1355 778 1496 822 aliquos
1528 779 1738 819 transferre,
1767 790 1971 822 preponere
1993 779 2049 811 vel

183 850 403 888 postponere
426 843 516 888 ipsis
538 844 722 888 magistris
744 844 975 877 inconsultis.
999 846 1050 877 De
1072 845 1178 878 dictis
1207 857 1287 883 usu,
1316 845 1413 886 stilo,
1441 845 1719 885 consuetudine,
1743 856 1842 877 more
1863 851 1897 877 et
1924 844 2051 877 obser-

181 910 305 943 vancia
326 910 501 943 hactenus
528 910 731 943 observatis
759 915 867 952 [sunt]
896 912 1115 956 fueruntque
1145 912 1231 944 dicti
1260 912 1423 956 magistri
1451 911 1626 944 dictarum
1655 911 1760 944 trium
1788 911 1993 944 facultatum
2017 918 2049 944 et

182 977 238 1009 sui
261 977 544 1021 predecessores
571 977 631 1022 qui
653 989 717 1022 pro
742 984 905 1023 tempore
927 979 1086 1019 suerunt,
1111 990 1149 1011 ac
1175 979 1266 1023 ipsis
1288 978 1533 1011 mediantibus
1554 978 1716 1023 predicta
1738 978 1964 1011 Universitas
1985 978 2051 1011 fuit

181 1055 199 1075 a
222 1043 317 1076 dicto
341 1051 502 1088 tempore
531 1050 566 1076 et
595 1056 659 1088 per
687 1044 819 1077 dictum
850 1051 992 1090 tempus
1018 1045 1054 1077 in
1085 1045 1322 1090 possessione
1351 1045 1418 1088 (vel
1447 1045 1561 1089 quasi)
1587 1045 1682 1089 juris
1703 1045 1895 1077 ordinandi
1926 1044 2052 1089 hujus-

182 1110 279 1142 modi
296 1110 374 1142 loca
391 1110 673 1143 baccalariorum
692 1123 756 1143 sue
775 1111 1290 1153 facultatislieentiandorum,
1309 1118 1343 1144 et
1364 1111 1449 1153 illis,
1474 1112 1535 1156 qui
1557 1112 1719 1152 scientia,
1744 1111 1907 1144 moribus
1929 1118 1964 1144 et
1980 1112 2050 1144 vita

183 1183 218 1209 et
237 1176 327 1209 fama
349 1177 521 1210 laudabili
542 1177 761 1222 prefulgent,
785 1178 973 1223 assignare
995 1179 1108 1223 prima
1129 1178 1221 1220 loca,
1243 1185 1350 1223 prout
1370 1185 1425 1211 est
1440 1179 1535 1223 juris
1557 1185 1589 1211 et
1613 1178 1781 1211 racionis.

273 1244 351 1276 10⁰⁸.
379 1245 467 1276 Item
494 1250 529 1276 et
557 1245 653 1288 quod
684 1245 802 1277 dictus
832 1245 1070 1277 cancellarius
1098 1245 1253 1278 ecclesie
1283 1245 1521 1285 Parisiensis,
1553 1245 1614 1289 qui
1643 1245 1863 1278 baccalarios
1896 1245 1932 1277 in
1965 1257 2052 1290 qua-

182 1309 271 1343 libet
292 1310 466 1343 dictarum
489 1317 642 1355 quatuor
662 1311 866 1344 facultatum
890 1312 1090 1344 secundum
1113 1312 1314 1353 scientiam,
1338 1312 1588 1344 sufficientiam
1612 1318 1646 1344 et
1666 1312 1792 1344 merita
1814 1324 2049 1356 personarum

182 1376 319 1421 absque
342 1377 527 1409 exactione
554 1389 618 1410 seu
650 1378 858 1422 receptione
885 1378 1013 1423 premii
1039 1378 1096 1411 vel
1125 1379 1210 1411 doni
1239 1390 1303 1411 seu
1333 1378 1500 1423 obsequii
1521 1379 1795 1422 cujuscumque,
1817 1390 1898 1423 ymo
1921 1378 2052 1411 libera-

182 1443 276 1484 liter,
299 1443 395 1475 omni
418 1455 553 1484 amore,
577 1444 699 1477 favore
720 1444 777 1477 vel
798 1444 897 1485 odio,
917 1457 1024 1489 prece
1047 1457 1111 1477 seu
1134 1445 1256 1489 precio
1279 1445 1440 1486 remotis,
1466 1444 1575 1477 debet
1595 1451 1629 1477 et
1651 1451 1792 1477 tenetur
1814 1451 1852 1477 ut
1873 1445 2051 1489 prefertur

181 1509 225 1542 ad
247 1509 427 1542 licentiam
450 1509 639 1542 admittere
667 1517 701 1543 et
730 1510 894 1555 recipere
923 1511 1122 1543 secundum
1155 1511 1301 1544 modum
1332 1511 1549 1555 premissum
1573 1523 1611 1543 ac
1638 1511 1739 1555 ipsos
1760 1511 1959 1552 licentiare,
1984 1518 2049 1543 tam

182 1588 224 1608 ex
246 1575 368 1609 debito
390 1576 445 1609 sui
468 1576 576 1609 officii
605 1589 709 1621 quam
736 1578 948 1610 auctoritate
969 1577 1168 1622 apostolica
1194 1577 1264 1610 sibi
1286 1578 1322 1610 in
1343 1577 1407 1610 hac
1430 1584 1529 1622 parte
1550 1589 1723 1610 concessa
1749 1589 1755 1609 :
1779 1578 1857 1622 ipse
1880 1584 1947 1610 tam
1969 1589 2053 1610 can-

182 1642 350 1675 cellarius
372 1655 436 1688 per
457 1655 495 1676 se
513 1655 616 1687 qnam
640 1656 703 1688 per
724 1645 868 1676 Petrum
890 1644 990 1676 Plaul
1012 1644 1339 1677 subcancellarium
1362 1651 1576 1688 ceterosque
1598 1644 1688 1676 alios
1709 1644 1826 1688 ipsius
1846 1644 2052 1676 cancellarii

182 1709 388 1750 officiarios,
406 1709 601 1742 familiares
623 1717 657 1742 et
677 1710 874 1755 complices
896 1711 932 1743 in
953 1710 1016 1743 hae
1039 1718 1137 1755 parte
1158 1710 1341 1743 abutendo
1363 1711 1399 1743 in
1421 1711 1516 1743 dicto
1539 1711 1656 1743 ossicio
1678 1710 1965 1750 cancellariatus,
1990 1723 2055 1755 per

182 1775 306 1821 plures
328 1788 456 1817 annos,
474 1788 619 1809 menses
641 1783 676 1809 et
696 1777 788 1818 dies,
813 1789 878 1822 per
898 1777 1032 1810 multos
1049 1778 1169 1811 varios
1191 1785 1225 1810 et
1246 1778 1470 1822 excogitatos
1492 1778 1632 1818 modos,
1657 1784 1820 1822 patenter
1841 1785 1875 1810 et
1898 1777 2053 1818 occulte,

182 1855 247 1888 pro
269 1842 478 1887 hujusmodi
508 1843 624 1888 gradu
654 1843 800 1876 licentie
823 1844 1022 1877 obtinendo
1052 1845 1190 1877 induxit
1219 1851 1253 1877 et
1282 1844 1435 1886 attraxit,
1459 1856 1524 1877 seu
1551 1844 1674 1877 induci
1701 1851 1735 1877 et
1762 1844 1888 1877 attrahi
1915 1844 1999 1877 fecit
2019 1851 2053 1876 et

183 1910 390 1955 procuravit
410 1909 630 1943 baccalarios
652 1910 905 1951 licenfiandos,
930 1918 964 1944 et
985 1911 1175 1956 presertim
1198 1911 1235 1943 in
1257 1910 1373 1944 tribus
1394 1910 1641 1952 facultatibus,
1663 1911 1833 1944 videlicet
1855 1911 2051 1955 theologie,

184 1976 362 2009 medicine
384 1983 419 2009 et
439 1976 581 2017 artium,
604 1989 642 2009 ae
665 1977 767 2010 etiam
791 1977 1011 2011 baccalarios
1033 1978 1069 2010 in
1090 1978 1274 2022 theologia
1295 1979 1378 2022 jure
1400 1977 1584 2010 ordinario
1607 1990 1671 2010 seu
1698 1989 1762 2022 per
1782 1978 1931 2022 gratiam
1954 1977 2054 2010 sedis

184 2043 383 2088 apostolice
413 2043 456 2075 ad
489 2043 662 2076 lecturam
694 2044 959 2077 Sententiarum
988 2045 1232 2077 admittendos
1264 2056 1327 2089 per
1355 2044 1510 2077 eundem
1539 2044 1806 2085 cancellarium,
1830 2044 1872 2076 ad
1895 2044 2051 2076 dandum

186 2116 253 2142 tam
271 2109 341 2142 sibi
363 2122 465 2154 quam
490 2110 585 2142 dicto
607 2111 711 2143 Petro
734 2110 1035 2151 subcancellario,
1056 2111 1259 2143 ress'erendo
1282 2110 1426 2155 singula
1444 2110 1613 2155 singulis,
1632 2110 1675 2143 ad
1693 2111 1906 2143 tradendum
1925 2117 1958 2143 et
1980 2122 2050 2142 rea-

185 2176 267 2209 liter
284 2176 546 2209 numerandum
568 2189 693 2209 aurum
714 2184 749 2209 et
768 2184 956 2222 argentum
980 2178 1016 2209 in
1038 2178 1190 2222 pecunia
1212 2185 1411 2218 numerata,
1429 2189 1511 2210 vasa
1533 2184 1567 2210 et
1582 2177 1727 2221 jocalia,
1745 2189 1850 2209 aurea
1873 2184 1907 2209 et
1928 2189 2054 2222 argen-

186 2249 254 2284 tea,
272 2255 411 2287 pannos
433 2243 551 2275 lineos
573 2250 605 2276 et
627 2243 765 2284 laneos,
788 2244 999 2285 furraturas,
1024 2244 1185 2288 prandia,
1208 2256 1328 2284 cenas,
1353 2244 1495 2288 species
1518 2250 1553 2276 et
1572 2244 1666 2284 vina,
1686 2250 1720 2276 et
1742 2243 1821 2276 talia
1843 2243 2052 2287 hujusmodi

185 2309 374 2354 premissa,
401 2321 471 2354 que
499 2310 740 2354 prenominati
761 2310 1000 2343 cancellarius
1021 2317 1057 2343 et
1086 2310 1395 2343 subcancellarius
1421 2310 1610 2355 ipsiusque
1632 2310 1837 2342 cancellarii
1858 2310 2053 2342 familiares

186 2376 347 2408 officiarii
370 2383 405 2409 et
424 2376 622 2421 complices
643 2389 661 2409 a
683 2377 789 2409 dictis
813 2376 1023 2409 baccalariis
1047 2376 1208 2409 indebite
1232 2383 1433 2421 exegerunt
1453 2388 1518 2409 seu
1538 2383 1782 2416 extorserunt,
1804 2377 1847 2409 ab
1871 2376 2054 2421 aliquibus

185 2442 356 2476 videlicet
382 2443 418 2475 in
445 2443 636 2488 singulari,
658 2450 693 2476 et
718 2443 762 2475 ab
787 2443 867 2476 aliis
894 2444 929 2475 in
956 2444 1160 2484 communi,
1188 2443 1332 2488 ipsique
1354 2442 1543 2476 baccalarii
1570 2455 1669 2475 suam
1696 2443 1927 2476 vexacionem
1958 2443 2054 2476 redi-

187 2515 326 2542 mentes
354 2509 582 2542 tradiderunt
609 2517 643 2542 et
672 2517 955 2543 numeraverunt
980 2522 1044 2555 per
1064 2522 1102 2542 se
1123 2510 1181 2543 vel
1209 2509 1315 2542 alium
1345 2522 1409 2542 seu
1437 2510 1540 2550 alios,
1563 2509 1650 2542 alias
1676 2522 1748 2542 non
1771 2510 1947 2551 tradituri,
1971 2510 2053 2554 quia

187 2587 253 2608 nec
283 2576 370 2609 alias
398 2583 500 2609 erant
533 2577 751 2621 expedituri,
779 2577 1011 2617 licentiatnri,
1038 2589 1104 2609 nec
1132 2577 1176 2609 ad
1204 2576 1413 2621 hujusmodi
1443 2576 1614 2609 lecturam
1646 2577 1853 2609 admissuri.
1882 2578 2052 2621 Interque

188 2653 227 2675 se
258 2642 359 2687 ipsos
402 2650 521 2687 pacta,
557 2644 845 2684 convenciones,
889 2644 1172 2688 promissiones,
1216 2650 1440 2684 contractus,
1485 2643 1758 2687 stipulationes,
1803 2643 2051 2687 obligaciones

187 2721 266 2741 cum
289 2710 626 2742 renunciationibus
647 2717 682 2742 et
697 2710 915 2754 juramentis
936 2709 1266 2743 intervenientibus
1287 2710 1460 2750 inierunt,
1486 2711 1662 2750 fecerunt,
1691 2716 1946 2742 contraxerunt
1971 2722 2050 2741 cum

187 2775 260 2809 illis
291 2775 513 2818 baccalariis,
545 2777 605 2821 qui
636 2777 672 2809 in
702 2784 872 2822 prumptu
909 2777 980 2820 (sic)
1009 2776 1120 2809 nichil
1150 2776 1331 2809 habebant
1357 2777 1400 2809 ad
1432 2776 1602 2817 dandum,
1631 2783 1666 2809 et
1696 2776 1732 2808 in
1761 2776 1893 2820 quibus
1923 2787 2050 2820 argen-

188 2848 260 2875 tum
293 2849 328 2875 et
355 2855 480 2875 aurum
509 2855 582 2876 non
613 2850 686 2876 erat
718 2856 854 2876 secum.
887 2845 1038 2888 Propter
1066 2855 1135 2888 que
1167 2843 1274 2882 dona,
1305 2855 1468 2884 munera,
1500 2843 1706 2875 exactiones
1738 2849 1772 2875 et
1798 2842 2051 2886 corruptiones

189 2908 355 2941 nonnulli
384 2909 525 2953 indigni
552 2909 596 2942 ad
626 2909 760 2942 dictum
790 2910 936 2942 licentie
964 2910 1114 2954 gradum
1144 2909 1294 2942 admissi
1323 2910 1485 2950 fuerunt,
1510 2909 1611 2953 digni
1633 2920 1718 2941 vero
1740 2919 1916 2952 pauperes
1938 2914 1970 2939 ct
1992 2907 2051 2939 alii
