2488 3386
440 338 502 370 114
1017 342 1332 367 CHARTULARIUM
1367 341 1555 364 umvnns.
1591 339 1719 362 PARIS.
2204 325 2302 362 [1364

442 422 469 445 V.
486 421 611 445 Ordonn.
628 422 674 445 des
691 421 757 449 rois,
773 420 791 443 l.
808 428 841 449 c.,
857 419 972 444 Recueil
984 419 1047 450 qen.
1065 419 1111 442 des
1124 418 1278 442 anciennes
1293 416 1343 440 lois
1357 414 1535 445 francaises.y
1557 414 1603 442 ΠΙ,
1625 421 1651 444 p.
1676 413 1713 442 16,
1727 415 1753 435 et
1768 411 1888 439 statuis,
1904 414 1963 439 etc„
1979 411 1997 434 1.
2020 419 2043 434 c.
2060 424 2088 429 -
2103 411 2126 435 2.
2142 411 2200 435 Vid.
2219 419 2301 443 supra

440 471 468 490 11ο
483 466 552 489 1231.
569 479 597 483 -
610 466 633 489 3.
650 465 721 493 Quae
737 467 882 496 sequuntur
897 471 980 495 usque
999 463 1025 486 in
1042 463 1118 486 finem
1135 472 1148 484 «
1161 461 1252 493 previa
1272 460 1372 484 ratione
1390 459 1478 490 puniri
1492 468 1515 488 υ,
1530 458 1598 481 utin
1610 456 1821 480 ordinationibus
1837 464 1879 479 an.
1898 455 1955 478 1311
1970 458 1996 479 et
2011 456 2080 484 1352,
2096 455 2202 479 omissis
2218 456 2301 479 nomi-

440 510 526 535 nibus.
542 523 573 528 —
584 511 608 533 4.
624 510 662 533 Ad
679 509 813 540 sequentia
830 508 884 531 vid.
902 516 983 539 supra
999 507 1101 530 litteras
1115 506 1202 530 Caroli
1217 505 1264 528 filii
1276 503 1445 536 primogeniti
1461 511 1503 526 an.
1521 503 1589 531 1360,
1605 509 1694 525 mense
1706 500 1787 530 Junii,
1801 504 1830 523 n⁰
1845 500 1915 523 1250.

445 691 584 727 1297.
612 699 742 725 Urbanus
766 699 950 734 V(Grimerio
965 698 1122 732 Bonifacii)
1139 696 1313 723 cancellario
1328 695 1498 728 Parisiens„
1517 697 1547 719 ut
1565 692 1713 719 Guillelmo
1728 691 1764 718 de
1782 691 1948 725 Pomm-iis&
1962 692 2057 728 priori
2076 691 2179 727 majori
2198 700 2300 718 mona-

527 749 609 774 sterii
622 748 758 782 cluniac„
773 748 923 774 Matiscon.
941 747 1042 781 dioec„
1059 747 1109 782 qui
1123 746 1211 772 libros
1228 745 1437 771 Sententiarum
1453 743 1482 768 in
1496 741 1591 768 studio
1607 741 1769 767 Parisiensi
1784 741 1932 767 ordinarie
1947 740 2017 774 legit
2031 744 2059 767 et
2073 749 2173 766 cursus
2188 749 2256 766 suos
2271 740 2300 766 in

529 796 687 831 theologica
703 796 846 831 facultate
866 795 1020 832 complevit,
1039 794 1199 829 magisterii
1214 794 1344 819 honorem
1359 796 1386 818 et
1400 791 1522 817 docendi
1536 790 1681 816 licentiam
1702 790 1731 816 in
1749 789 1893 824 facultate
1905 791 2047 825 praefata
2062 788 2215 824 largiatur.
2232 789 2298 816 Dat.

527 845 667 872 Avinione
680 846 704 879 vj
721 846 777 871 kal.
795 844 972 878 Novembris,
991 852 1070 870 anno
1085 843 1220 870 secundo.
1239 853 1252 866 (ι
1268 842 1326 867 Viri
1342 848 1418 867 sacre
1433 839 1563 867 lectionis
1578 849 1602 864 ».

1603 924 1678 953 1364,
1695 922 1811 949 octobris
1824 923 1868 952 27,
1884 922 2014 949 nveniam.

531 974 594 1004 Reg.
607 973 665 996 Vat.
679 974 758 996 Aven.
773 972 873 996 Urbani
888 973 917 1001 V,
934 972 987 995 vol.
1002 972 1058 1001 vn,
1072 972 1116 995 fol.
1131 971 1206 994 49712.

531 1067 553 1090 1.
568 1067 630 1090 Post
644 1066 743 1089 obitum
764 1066 833 1089 Petri
856 1066 887 1089 de
904 1065 1010 1089 Renello
1028 1064 1141 1093 abbatis,
1158 1065 1222 1094 Aug.
1239 1064 1262 1091 8,
1283 1071 1325 1085 nn.
1347 1062 1417 1090 1369,
1440 1061 1466 1084 in
1491 1061 1613 1084 abbatem
1629 1059 1782 1090 monasterii
1797 1058 1992 1082 Arremarensis
2006 1058 2155 1082 nominatus
2170 1061 2211 1082 est
2226 1058 2298 1090 (Reg.

437 1112 517 1134 Aven.
533 1110 633 1134 Urbani
649 1111 679 1143 V,
695 1111 747 1134 vol.
770 1110 821 1139 XX,
844 1110 889 1133 sol.
906 1110 960 1138 165,
976 1109 1022 1132 uhi
1043 1112 1129 1132 tamen
1146 1108 1251 1131 minime
1274 1106 1436 1138 exprimitur,
1460 1105 1549 1137 ipsum
1564 1113 1635 1135 mag.
1656 1104 1682 1127 in
1699 1104 1779 1127 theol.
1800 1103 1900 1133 fuisse),
1917 1103 1964 1127 sed
1984 1102 2050 1126 obiit
2068 1106 2128 1126 ante
2144 1102 2271 1126 Novemb.
2285 1103 2300 1126 7

437 1155 519 1186 ejusd.
537 1163 589 1182 nn„
606 1158 634 1177 ut
648 1163 661 1177 c
679 1154 855 1177 nominatione
871 1153 1032 1176 successoris
1048 1152 1182 1177 Guillelmi
1199 1152 1239 1181 (de
1254 1151 1393 1182 vuum-ey),
1410 1150 1454 1182 qui
1470 1150 1501 1172 de
1519 1149 1625 1172 abbatia
1638 1149 1669 1172 de
1687 1148 1773 1172 Besua
1790 1156 1832 1172 an.
1849 1148 1920 1177 1367,
1935 1148 2001 1171 Nov.
2018 1148 2041 1176 7,
2053 1147 2197 1171 translatus
2213 1149 2253 1171 eet
2266 1146 2300 1170 ad

437 1200 615 1222 ArremurenS.
633 1198 711 1229 (quod
723 1198 749 1221 in
765 1198 838 1222 Gall.
855 1197 962 1226 christ„
973 1197 1027 1225 ΧΠ,
1041 1198 1095 1226 559,
1107 1205 1157 1219 non
1173 1197 1294 1223 refertur,
1309 1198 1334 1218 et
1346 1195 1387 1224 lv,
1402 1195 1455 1223 710,
1471 1193 1628 1217 Guillelmus
1644 1192 1794 1222 omittitur),
1808 1195 1921 1224 apparet
1935 1191 2020 1221 (ibid.,
2033 1191 2185 1221 vohxxm,
2199 1192 2218 1215 f.
2231 1191 2299 1221 15⁶),

445 1391 605 1429 12973'.
632 1399 761 1426 Urbanus
782 1399 912 1434 V(Grim.
928 1398 1087 1433 Bonisacii)
1104 1397 1279 1423 cancellario
1295 1397 1402 1429 Paris.‚
1422 1400 1451 1422 ut
1469 1396 1647 1421 Mattlzaeum
1667 1395 1749 1421 Soloe
1769 1395 1805 1421 de
1828 1396 1994 1430 Rotomago,
2023 1394 2089 1420 ord.
2114 1394 2183 1420 Min.
2204 1394 2300 1429 (aue-

524 1453 629 1475 rentem
646 1459 660 1473 «
677 1447 752 1484 quod
767 1448 802 1474 de
818 1447 940 1483 antiqua
956 1450 984 1473 et
998 1447 1162 1483 approbata
1178 1445 1382 1472 consuetudine
1397 1446 1426 1471 in
1438 1445 1534 1470 studio
1550 1445 1644 1470 Paris.
1662 1444 1758 1470 extitit
1773 1444 1951 1470 observatum
1967 1442 2044 1479 quod
2056 1443 2085 1469 in
2101 1442 2228 1479 quolibet
2239 1442 2300 1469 loco

529 1497 663 1524 Ordinum
683 1499 805 1532 fratrum
827 1496 1048 1522 mendicantium
1065 1496 1138 1521 civit.
1155 1495 1249 1521 Paris.
1274 1503 1344 1520 unus
1365 1493 1444 1519 solus
1465 1495 1560 1528 frater
1578 1493 1667 1519 libros
1683 1495 1808 1520 Sentent.
1826 1493 1896 1528 legit
1912 1492 2063 1519 ordinaria
2083 1491 2194 1518 lectura
2213 1490 2250 1526 »)‚
2272 1491 2302 1517 in

525 1546 639 1572 duabus
653 1545 838 1581 sequentibus
855 1544 1060 1579 vacationibus,
1079 1544 1107 1570 in
1123 1553 1243 1579 quarum
1260 1544 1358 1579 priore
1373 1543 1454 1577 duos,
1473 1546 1499 1568 et
1514 1543 1543 1568 in
1553 1543 1713 1578 posteriore
1728 1542 1803 1568 alios
1818 1541 1891 1568 duos
1904 1541 1992 1568 libros
2004 1541 2090 1576 legat,
2108 1540 2149 1566 ad
2164 1539 2302 1575 legendas

527 1595 689 1621 Sententias
705 1594 851 1620 admittat.
868 1594 935 1620 Dat.
951 1594 1092 1620 Avinione
1107 1593 1143 1627 vij
1160 1593 1199 1619 id.
1215 1592 1391 1622 Novembris,
1408 1599 1487 1618 anno
1501 1592 1599 1618 tercio.
1619 1602 1632 1615 «
1646 1591 1781 1618 Libenter
1795 1591 1860 1617 illos
1872 1601 1897 1617 η,

1600 1681 1671 1711 1364,
1687 1680 1832 1707 novembris
1848 1681 1870 1710 7,
1885 1680 2015 1707 Ᾱνοηῐοηο.

530 1729 592 1759 Reg.
609 1728 666 1750 Vnt.
682 1728 760 1750 Aven.
778 1726 879 1750 Urbani
893 1726 922 1751 V.
941 1726 993 1749 vol.
1007 1726 1036 1755 X,
1052 1726 1095 1749 fol.
1111 1726 1166 1748 425.

442 1915 580 1952 1298.
605 1922 772 1959 Appellatio
787 1923 890 1957 fratris
906 1921 1079 1956 Foulleclzat,
1108 1922 1173 1948 ord.
1192 1923 1342 1957 Minorum,
1360 1923 1400 1949 ad
1421 1923 1517 1949 sedem
1533 1922 1723 1959 apostolicam
1740 1931 1828 1959 super
1842 1921 2016 1958 quibusdam
2030 1920 2163 1947 articulis
2179 1919 2229 1956 qui
2243 1919 2301 1957 ipsi

525 1972 660 2008 imputati
675 1975 756 1998 erant
772 1980 790 1997 a
806 1972 952 2006 magistris
967 1971 1119 2005 facultatis
1136 1971 1322 2006 theologicae.
1343 1971 1450 1998 Cedula
1464 1972 1661 1999 revocationis.

1555 2053 1628 2083 1364.
1644 2052 1789 2079 novembr-ie
1802 2053 1842 2081 21,
1856 2052 1901 2081 22,
1917 2051 2031 2078 Pae-leli&

526 2142 566 2173 In
587 2140 732 2172 nomine
754 2139 909 2179 Domini,
932 2151 1046 2171 amen.
1069 2140 1210 2172 Tenore
1238 2141 1419 2184 presentis
1451 2140 1587 2185 publici
1619 2140 1851 2174 instrumenti
1878 2138 2061 2172 universis
2088 2143 2205 2183 pateat
2224 2136 2299 2171 evi-

438 2208 564 2241 denter
592 2205 688 2251 quod
718 2216 810 2237 anno
841 2217 859 2237 a
890 2205 1077 2237 Nativitate
1113 2206 1257 2238 Domini
1294 2206 1487 2239 millesimo
1519 2207 1775 2240 trecentesimo
1810 2205 2038 2251 sexagesimo
2068 2210 2209 2249 quarto,
2240 2202 2299 2236 die

436 2274 607 2307 vicesima
641 2273 753 2317 prima
791 2271 926 2303 mensis
958 2271 1190 2313 Novembris,
1221 2273 1420 2306 indictione
1450 2274 1570 2315 tertia,
1603 2273 1834 2319 pontificatus
1865 2270 2085 2305 sanctissimi
2119 2269 2231 2315 patris
2259 2280 2299 2302 ac

438 2340 574 2373 domini
600 2340 714 2372 nostri
736 2339 872 2372 domini
893 2337 1029 2370 Urbani
1051 2338 1170 2370 divina
1192 2339 1418 2383 providentia
1440 2352 1530 2385 pape
1551 2340 1667 2385 quinti
1688 2352 1782 2373 anno
1803 2339 1925 2381 tertio,
1949 2338 1986 2370 in
2011 2336 2122 2370 scolis
2149 2336 2299 2369 fratrum

437 2407 704 2439 Predicatorum
727 2405 899 2444 I‘arisius,
916 2416 1035 2436 coram
1051 2404 1249 2437 venerabili
1271 2412 1306 2438 et
1326 2406 1577 2451 cii-conspecto
1593 2407 1684 2448 viro,
1703 2406 1850 2439 domino
1871 2412 1906 2438 et
1926 2404 2100 2449 magistro
2117 2401 2299 2436 Grimerio

437 2472 612 2506 Bonisacii
642 2471 856 2504 cancellario
884 2470 971 2503 eccl.
1005 2470 1131 2511 Paris„
1162 2471 1309 2504 doctore
1345 2472 1381 2504 in
1417 2472 1583 2506 facultate
1611 2473 1810 2518 theologie,
1839 2470 2079 2517 pluribusque
2109 2467 2299 2502 bacalariis

437 2540 531 2572 dicto
558 2538 735 2571 facultatis
764 2537 897 2569 ibidem
926 2536 1165 2569 existentibus
1194 2544 1228 2569 et
1257 2539 1488 2583 congregatis
1509 2539 1552 2572 ad
1580 2539 1817 2584 disputandas
1839 2537 2052 2583 questiones
2074 2535 2168 2568 dicte
2188 2533 2300 2567 facul-

436 2607 530 2647 tatis,
554 2612 592 2638 ut
612 2604 723 2637 moris
745 2610 800 2636 est
824 2603 860 2635 in
882 2602 1001 2635 studio
1023 2602 1232 2644 Parisiensi,
1257 2610 1302 2645 ct,
1327 2611 1364 2637 ut
1391 2605 1504 2649 prima
1524 2606 1613 2638 facie
1641 2605 1843 2646 videbatur,
1869 2604 1973 2637 etiam
1996 2601 2164 2648 pluribus
2185 2599 2301 2634 scola-

436 2672 538 2706 ribus
567 2670 821 2704 Universitatis
851 2669 1067 2701 Parisiensis
1094 2668 1247 2713 aliisque
1269 2670 1412 2704 clericis
1439 2678 1474 2704 et
1503 2673 1671 2717 personis
1698 2672 1833 2704 ibidem
1861 2668 2095 2715 congregatis
2125 2678 2191 2712 pro
2218 2677 2301 2712 pre-

437 2739 542 2772 dictis
573 2736 826 2782 questionibus
858 2734 1085 2780 disputandis
1115 2735 1322 2777 audiendis3
1358 2737 1551 2772 inmediate
1581 2745 1664 2784 post
1697 2738 1887 2784 prandium
1920 2736 2019 2769 illius
2050 2734 2135 2775 diei7
2162 2733 2200 2766 in
2228 2732 2300 2765 mei

436 2805 566 2839 notarii
596 2803 732 2849 publici
759 2809 794 2834 et
820 2802 964 2834 testium
993 2801 1304 2846 infrascriptorum
1334 2805 1514 2848 presentia
1537 2805 1778 2850 personaliter
1798 2803 2017 2837 constitutus
2042 2800 2241 2845 religiosus
2259 2810 2299 2832 ac

435 2872 611 2905 honestus
641 2870 707 2910 vir,
738 2869 851 2901 frater
877 2867 1064 2900 Dionisius
1095 2867 1212 2900 dictus
1247 2869 1467 2912 Fonllechat,
1498 2871 1585 2904 Ord.
1615 2872 1716 2905 fratr.
1747 2871 1850 2911 Min„
1882 2868 2042 2902 Parisius
2072 2867 2109 2899 in
2139 2864 2300 2911 predicta

558 2929 597 2952 15.
