2488 3386
431 346 496 378 638
1008 352 1326 374 CHARTULARHJM
1362 351 1551 373 UNtvans.
1589 351 1718 373 lunis.
2200 337 2299 374 [1394

431 429 536 460 cione
558 427 691 471 incepti
714 427 857 471 negocii
880 426 1034 459 Domino
1056 432 1274 471 cooperante
1297 425 1406 458 multa
1422 431 1618 469 potentem,
1637 431 1815 470 quatenus
1831 425 1926 470 (quia
1947 423 2165 469 philosopho
2187 425 2299 458 teste‘

433 494 733 539 equivocaciones
764 493 876 526 latent
902 493 938 525 in
964 493 1167 538 generibus,
1192 499 1224 525 et
1248 504 1254 524 :
1279 503 1468 525 sermones
1498 491 1726 525 universales
1754 492 1876 525 minus
1903 491 2095 524 conferunt
2116 491 2160 524 ad
2193 493 2300 536 opus)

432 561 545 593 cicius
567 572 609 593 ex
631 560 773 592 sincero
796 572 901 605 quem
924 560 1059 593 scimus
1081 560 1117 592 in
1137 559 1242 592 vobis
1272 559 1349 591 zelo
1372 558 1514 591 efficere
1544 555 1764 603 possetenus
1789 558 1938 598 curetis,
1966 565 2005 591 ut
2028 557 2073 590 ad
2095 557 2301 603 singularia

436 627 587 672 negocio
609 634 687 671 apta
709 627 870 671 presenti
892 626 1125 671 procedatur;
1148 626 1205 659 vie
1227 632 1263 658 et
1278 625 1376 658 modi
1397 625 1629 658 inveniantur
1648 625 1814 670 ydonei⁵,
1837 626 1874 658 in
1894 624 2027 670 quibus
2049 624 2218 658 dominus
2239 636 2300 657 rex

434 706 513 726 cum
545 706 609 726 sua
638 700 736 739 parte
767 700 861 726 stare
890 693 993 734 velit,
1024 693 1278 738 significentur
1303 692 1440 725 nostris
1470 692 1684 733 auttentice,
1713 692 1774 737 qui
1807 691 1974 725 similiter
2001 691 2139 724 eisdem
2168 698 2205 724 et
2231 691 2302 736 ipsi

434 761 599 794 standum
623 761 863 793 decreverint.
887 761 947 801 [Si]
970 772 1042 793 non
1064 766 1174 792 restat
1193 759 1263 791 nisi
1290 759 1410 804 praxis
1433 759 1633 792 secundum
1655 759 1731 792 vias
1751 759 1982 792 concorditer
2001 765 2167 803 acceptas
2188 758 2302 791 dedu-

433 827 559 866 cenda,
589 834 673 860 tunc
690 834 733 869 μὶ
760 827 889 860 estimo
910 826 1158 859 verisimiliter
1180 832 1338 858 extracto
1366 825 1450 870 equi
1475 825 1606 870 judicii
1634 825 1755 870 gladio
1782 832 1816 858 et
1835 825 1979 858 culmen
2000 825 2132 858 summi
2151 824 2303 860 honoria

434 893 566 939 opibus
588 894 758 926 refertum
782 905 847 938 pro
869 892 1015 926 Christo
1037 892 1317 937 relinquendum
1340 903 1423 925 esse
1445 891 1621 937 judicato,
1645 903 1819 937 apparere
1840 892 1990 937 incipiet
2009 891 2189 924 discrecio
2210 891 2304 927 inter

438 968 617 1005 pastorem
646 967 680 992 et
701 959 839 1004 lupum,
862 960 956 991 inter
978 959 1164 991 dominum
1187 965 1221 991 et
1242 959 1521 991 mercenarium.
1544 958 1725 1003 Quinymo
1746 958 1803 991 via
1822 970 1892 992 una
1912 958 1970 991 vel
1991 957 2158 1003 pluribus
2178 958 2215 993 in
2234 957 2304 992 hoc

435 1039 519 1059 casu
536 1027 690 1071 ydoneis
707 1026 911 1059 adinventis
929 1032 961 1058 et
979 1038 996 1058 a
1014 1025 1224 1070 pocioribus
1242 1025 1432 1070 utriusque
1450 1025 1561 1071 partis
1577 1025 1801 1070 approbatis,
1818 1036 1913 1058 unus
1931 1031 2075 1070 paratus
2092 1024 2161 1059 erit
2174 1036 2215 1059 se
2231 1023 2306 1058 illis

438 1093 608 1134 subdere,
633 1093 722 1125 alter
749 1099 877 1137 queret
897 1092 977 1125 illas
1004 1093 1178 1137 effugere,
1207 1092 1351 1137 quando
1378 1104 1472 1125 unus
1492 1092 1672 1137 judicium
1699 1092 1849 1137 effugiet
1873 1098 1908 1124 et
1934 1091 2024 1124 alter
2049 1097 2172 1126 sancte
2195 1090 2307 1136 eliget

437 1160 562 1204 pocius
584 1159 687 1192 titulo
710 1159 924 1192 renunciare
946 1166 1110 1204 papatus,
1138 1171 1243 1204 quam
1266 1166 1305 1191 ut
1330 1159 1395 1192 Dei
1424 1158 1582 1204 populus
1604 1165 1787 1192 remaneat
1807 1158 1961 1199 divisus,
1988 1164 2024 1192 et
2047 1157 2138 1193 alter
2159 1163 2307 1191 econtra

437 1226 512 1259 vult
533 1226 632 1258 illum
656 1226 811 1258 divisum
835 1233 929 1258 stare
947 1238 1050 1270 quam
1074 1238 1113 1258 se
1130 1226 1270 1271 privato
1291 1226 1357 1258 Dei
1380 1225 1553 1271 populum
1572 1226 1635 1258 uni
1655 1238 1741 1259 vero
1763 1225 1900 1271 pastori
1920 1231 2033 1258 totum
2054 1224 2248 1270 assignari.
2271 1224 2307 1258 Si

437 1305 521 1326 vero
540 1293 599 1325 illa
617 1292 805 1325 oblacione
822 1292 985 1338 generali
1007 1304 1049 1325 ex
1071 1299 1170 1337 parte
1188 1293 1325 1325 domini
1348 1293 1447 1338 regis
1469 1293 1618 1326 Francie
1636 1292 1807 1325 omnibus
1828 1292 2008 1337 publicata
2024 1298 2060 1324 et
2080 1291 2250 1324 similiter
2265 1302 2309 1324 ex

440 1366 537 1404 parte
559 1359 709 1392 adversa
731 1359 888 1392 exhibita
917 1366 950 1392 et
981 1359 1122 1392 cunctis
1148 1359 1323 1401 intimata,
1346 1359 1516 1392 dominus
1538 1371 1612 1399 rex,
1635 1359 1697 1404 qui
1728 1366 1863 1392 motum
1890 1358 2074 1393 inchoavit
2102 1358 2308 1398 salutarem,

440 1426 692 1471 particularius
714 1426 757 1458 ad
783 1427 913 1459 factum
937 1426 1136 1471 procedere
1159 1438 1231 1458 non
1253 1427 1438 1459 sencietur
1458 1438 1539 1459 cum
1561 1426 1705 1467 effectu,
1726 1426 1860 1460 frustra
1881 1437 1920 1459 se
1942 1432 1977 1458 et
2000 1424 2091 1458 alios
2115 1425 2254 1458 vexavit
2275 1431 2311 1457 et

439 1493 474 1525 id
496 1493 593 1537 quod
615 1493 666 1525 sic
687 1493 723 1524 in
744 1504 880 1537 genere
903 1505 968 1537 pro
990 1504 1076 1537 pace
1098 1492 1274 1534 exhibuit,
1298 1493 1510 1538 suspicione
1531 1505 1604 1526 non
1625 1492 1774 1534 carebit,
1797 1492 1932 1537 fietque
1957 1492 2005 1525 ita
2030 1503 2132 1524 error
2153 1491 2310 1525 novissi-

440 1571 519 1592 mus
541 1559 670 1592 sortior
691 1559 825 1604 priore,
854 1566 1086 1592 convertetur
1106 1559 1278 1604 gaudium
1305 1560 1342 1592 in
1368 1571 1561 1601 merorem,
1584 1559 1663 1593 laus
1687 1559 1726 1593 in
1745 1559 1977 1604 vituperium,
2004 1565 2040 1591 et
2067 1557 2170 1591 labor
2190 1564 2311 1591 tantus

440 1626 476 1658 in
498 1625 671 1658 nichilum
694 1626 899 1658 reducetur.
924 1626 959 1659 Si
981 1638 1044 1659 cor
1064 1633 1120 1659 est
1140 1626 1176 1658 in
1198 1626 1354 1671 negocio
1377 1626 1573 1668 sincerum,
1596 1633 1635 1660 ut
1660 1626 1891 1667 confidimus,
1913 1625 1980 1658 hee
2006 1637 2079 1658 non
2101 1631 2219 1666 erunt,
2246 1624 2311 1657 sed

441 1704 521 1725 mox
549 1692 627 1725 sine
655 1692 928 1725 intermissione
955 1692 1150 1738 degenere
1174 1692 1221 1726 ad
1246 1694 1392 1738 speciem
1414 1692 1644 1738 procedetur,
1673 1692 1797 1726 modus
1820 1692 2047 1737 postmodum
2071 1696 2310 1736 proponetur,

441 1759 556 1791 donec
578 1759 694 1803 aptior
715 1759 933 1800 inveniatur,
956 1760 1077 1792 fervor
1102 1766 1255 1800 crescet,
1283 1760 1425 1794 animus
1451 1772 1524 1794 non
1545 1766 1721 1805 tepescet,
1747 1755 1813 1792 sed
1840 1759 1871 1792 is
1899 1759 1960 1803 qui
1990 1758 2126 1803 incepit
2146 1769 2221 1791 rem
2243 1763 2312 1791 tam

441 1825 632 1858 salutarem
655 1825 770 1858 donec
793 1825 955 1870 perficiat
977 1826 1100 1871 utique
1124 1838 1196 1859 non
1218 1827 1393 1871 quiescet.
1417 1827 1454 1860 Si
1476 1833 1617 1860 moveat
1637 1838 1702 1859 vos
1724 1832 1784 1858 aut
1809 1837 2040 1871 quemquam,
2068 1824 2166 1869 quod
2189 1823 2313 1857 timide

442 1892 478 1924 in
499 1891 563 1924 hac
591 1904 628 1924 re
657 1891 818 1924 scribere
840 1893 981 1933 videor,
1009 1893 1111 1937 quasi
1140 1893 1313 1938 scrupulo
1336 1893 1462 1927 turber
1488 1893 1695 1926 formidinis
1724 1892 1910 1937 superflue
1937 1892 2104 1932 fortasse,
2128 1890 2314 1936 trepidans

443 1959 570 1991 timore
592 1958 653 1991 ubi
675 1971 748 1991 non
769 1965 824 1992 est
846 1959 952 1991 timor
971 1971 977 1991 :
998 1966 1032 1992 et
1053 1966 1089 1992 ut
1111 1961 1259 1993 materia
1280 1961 1332 1993 sic
1355 1960 1402 1993 sit
1422 1967 1457 1993 et
1477 1960 1584 1993 timor
1606 1971 1708 1993 meus
1726 1971 1798 1992 non
1820 1959 1865 1992 sit
1886 1958 2135 2004 propheticus,
2158 1957 2315 1990 libenter
2359 1986 2363 1989 ,

444 2025 603 2057 timendo
624 2025 742 2066 fallor,
768 2032 806 2058 ut
826 2026 1090 2070 prosecucione
1112 2027 1256 2072 negocii
1278 2027 1354 2060 visa
1376 2026 1542 2060 ulteriori
1564 2026 1767 2071 gaudenter
1787 2038 1852 2071 pro
1873 2024 2014 2058 viribus
2031 2036 2221 2070 cooperer.
2244 2023 2315 2057 Sed

444 2103 583 2132 vereor,
603 2103 647 2124 ne
669 2092 765 2136 quod
784 2092 892 2125 timeo
914 2093 1121 2137 proveniat3
1146 2105 1307 2133 moveor,
1330 2100 1368 2126 ut
1394 2100 1494 2138 puto,
1517 2105 1590 2126 non
1611 2093 1724 2138 gratis
1752 2093 1783 2125 si
1809 2092 1953 2125 racione
1975 2103 2140 2131 excuser,
2167 2101 2317 2124 moveor

445 2158 574 2190 etenim
605 2158 712 2202 hujus
743 2158 895 2191 involuti
924 2159 1103 2193 scismatis
1133 2160 1288 2193 radicata
1320 2160 1589 2205 magnitudine,
1625 2159 1884 2192 adherencium
1914 2158 2059 2203 utrique
2090 2158 2166 2190 fere
2196 2156 2315 2202 equali

446 2224 694 2265 multitudine,
726 2225 909 2258 racionum
941 2238 1006 2270 pro
1036 2226 1200 2271 utrisque
1233 2226 1343 2259 multa
1373 2226 1605 2267 fortitudine3
1637 2237 1787 2259 moveor
1816 2224 2019 2258 ambicione
2052 2229 2314 2269 promotorum,

447 2291 617 2334 cupidine
641 2298 840 2335 potentum,
865 2292 1050 2325 molimine
1072 2293 1202 2326 callido
1225 2305 1495 2338 perversorum,
1519 2293 1681 2338 pondere
1703 2292 1815 2325 multo
1842 2298 2028 2336 pectorum
2054 2297 2089 2323 et
2115 2290 2197 2323 forti
2226 2289 2317 2323 resi-

448 2357 583 2389 stencia
606 2357 763 2389 hostium
786 2357 1039 2402 malignorum.
1062 2359 1204 2402 Quibus
1226 2360 1387 2405 pensatis
1409 2360 1491 2405 quis
1513 2360 1659 2404 sapiens
1677 2371 1750 2392 non
1766 2358 1936 2403 trepidet,
1955 2357 2036 2402 quis
2052 2356 2156 2389 facile
2173 2356 2318 2389 estimet

450 2423 485 2454 in
507 2422 573 2455 hoc
597 2435 681 2455 casu
704 2430 755 2456 tot
775 2424 1026 2458 obnitentibus
1046 2426 1238 2459 contrariis
1260 2427 1385 2459 reduci
1407 2426 1563 2459 ecclesie
1590 2438 1726 2471 pacem,
1750 2437 1819 2470 que
1840 2431 1995 2457 ammoto
2017 2423 2115 2456 omni
2143 2422 2316 2468 scrupulo

449 2496 659 2521 cunctorum
682 2490 791 2522 corda
813 2491 1043 2535 transquillet
1063 2499 1098 2525 et
1119 2504 1246 2525 secura
1268 2493 1312 2525 de
1333 2505 1420 2526 vero
1442 2492 1614 2538 pontifice
1631 2503 1772 2525 summo
1790 2491 1892 2532 sciat,
1915 2490 2061 2523 eciamsi
2082 2496 2212 2522 neuter
2231 2501 2317 2522 con-

451 2555 679 2587 tendencium
703 2568 791 2600 papa
811 2557 944 2589 suerit?
965 2558 1054 2600 Quis
1076 2559 1187 2591 eciam
1210 2560 1359 2599 nesciat,
1379 2559 1477 2604 quod
1499 2560 1550 2592 sie
1572 2558 1783 2604 perplexum
1802 2564 1857 2590 est
1876 2557 2007 2590 scisma
2028 2556 2126 2589 istud
2147 2555 2317 2589 omnibus

450 2621 670 2661 deflendum,
696 2628 839 2666 tamque
861 2622 1037 2656 firmatum
1061 2631 1223 2669 tempore.
1244 2638 1374 2671 magno
1397 2638 1467 2671 quo
1490 2625 1647 2671 perstitit
1668 2631 1701 2657 et
1727 2630 1863 2656 tantum
1885 2623 1922 2656 in
1943 2635 1985 2656 eo
2012 2634 2225 2668 processum
2249 2628 2316 2664 est,

450 2687 545 2731 quod
570 2699 643 2719 non
664 2694 785 2732 potest
810 2688 970 2732 qualibet
989 2690 1044 2722 via
1074 2690 1144 2724 levi
1171 2692 1305 2733 eedari,
1335 2693 1399 2725 sed
1420 2703 1595 2725 neccesse
1624 2697 1691 2731 est,
1714 2690 1744 2723 si
1775 2690 1854 2722 sine
1883 2689 1966 2722 mali
1996 2688 2145 2734 sequela
2170 2688 2318 2733 majoris

451 2753 527 2785 tolli
556 2753 697 2794 debeat,
728 2760 765 2786 ut
793 2754 855 2787 hoc
870 2755 944 2799 fiat
974 2756 1066 2789 alico
1095 2759 1292 2792 auctentico
1322 2758 1423 2792 valde
1452 2764 1484 2792 et
1517 2757 1738 2792 solidissimo
1770 2757 1973 2801 processu⁶,
2002 2755 2100 2789 omni
2131 2754 2316 2800 scrupulo,

451 2820 510 2863 qui
540 2826 620 2864 post
647 2820 734 2852 oriri
763 2821 892 2864 possit,
919 2822 1107 2855 evidenter
1134 2824 1308 2857 excluso?
1338 2826 1408 2858 Sed
1437 2825 1535 2870 quod
1562 2836 1634 2857 non
1664 2822 1802 2863 diffido,
1838 2823 1921 2855 dum
1948 2822 2119 2856 auxilium
2150 2821 2318 2854 decetero

450 2886 601 2918 anxiatis
622 2886 705 2931 lego
727 2886 976 2931 multipliciter
997 2890 1229 2932 promissum.
1253 2892 1311 2924 Ait
1334 2892 1428 2924 enim
