2488 3386
205 316 300 352 1391]
621 329 666 350 ΑΒ
701 328 806 350 ΑΝΝΟ
841 328 972 350 MCCCL
1005 328 1137 356 USQUE
1174 329 1220 349 AD
1258 329 1519 351 BENEDICTUM
1554 330 1643 351 x111.
1999 319 2064 352 493

201 402 403 435 divinarum
425 402 699 447 scripturarum,
722 402 787 434 sed
814 413 879 446 pro
901 408 1023 434 nostra
1044 401 1091 434 ita
1113 401 1338 443 dimicantes,
1361 409 1399 434 ut
1420 414 1495 435 eam
1512 403 1664 436 velimus
1688 414 1768 436 esse
1790 403 2063 448 scripturarum,

201 480 270 514 que
301 475 423 502 nostra
453 475 527 508 est3
556 480 635 501 cum
668 468 788 513 potius
818 479 908 509 eam,
939 479 1008 512 que
1039 468 1299 512 scripturarum
1329 475 1395 509 est,
1426 475 1584 501 nostram
1620 481 1701 502 esse
1728 469 1822 502 velle
1853 469 2061 502 debeamus.

201 537 393 572 Ponamus,
417 535 534 580 inquit
555 539 643 579 [cap.
666 535 733 575 38],
757 534 793 566 111
815 546 857 566 eo
880 534 977 579 quod
998 534 1170 579 seriptum
1195 541 1249 567 est
1271 546 1278 566 t
1302 535 1396 567 Dicit
1420 536 1518 567 Deus
1539 535 1600 567 lux
1621 542 1655 567 et
1675 536 1762 568 facta
1785 543 1838 568 est
1859 536 1932 577 lux,
1955 536 2062 569 alium

201 602 364 635 sensisse
385 602 500 634 lucem
524 601 762 646 spiritualem,
785 600 892 633 alium
915 600 1138 645 corporalem
1161 601 1300 633 factam.
1326 602 1414 633 Esse
1436 601 1552 634 lucem
1575 602 1822 646 [spiritualem]
1846 603 1881 634 in
1903 609 2063 635 creatura

202 668 394 713 spirituali,
427 668 517 700 fides
551 674 673 700 nostra
704 679 776 699 11011
808 667 964 707 dubitat3
995 679 1077 700 esse
1108 674 1224 700 autem
1256 667 1371 700 lucem
1400 668 1623 712 corporalem
1660 668 1843 709 celestem,
1873 676 1933 702 aut
1960 670 2062 702 etiam

202 747 310 780 supra
338 734 469 775 celum,
496 734 553 767 vel
580 740 661 767 ante
682 734 814 775 celum,
841 734 898 766 cui
929 734 1126 767 succedere
1159 746 1230 766 nox
1260 735 1430 779 potuerit,
1454 735 1587 767 tamdiu
1617 747 1689 767 non
1718 742 1771 767 est
1799 742 1921 768 contra
1943 735 2063 776 fidem,

201 802 317 834 donee
347 801 549 834 certissima
577 801 726 834 veritate
758 801 955 834 refellatur.
988 801 1092 843 Quod
1123 801 1152 833 si
1183 802 1313 834 factum
1347 802 1467 842 fuerit,
1499 814 1571 833 11011
1605 801 1673 834 1100
1705 801 1857 834 1131)01)31
1888 802 2065 846 scriptura

201 868 334 909 divina,
353 868 418 900 sed
438 867 506 900 hoc
528 874 691 900 senserat
712 867 866 900 humana
887 868 1103 913 ignorantia.
1124 882 1139 898 ))
1164 869 1235 900 Ηο0
1257 868 1486 913 Augustinus
1507 867 1654 901 ibidem.

289 935 435 967 Attento
457 934 561 967 etiam
584 934 681 979 quod
699 935 940 979 Augustinus,
959 935 1177 980 Gregorius,
1194 935 1414 975 Jeronimus,
1433 935 1626 981 Origenes,
1651 935 1830 980 Hylarius,
1848 936 2063 980 Cyprianus,

201 1000 310 1042 Beda,
339 1002 444 1045 Hugo
466 1007 501 1033 et
528 1000 730 1033 Richardus
758 1001 801 1033 de
830 1001 863 1033 S.
888 1001 1037 1034 Victore
1066 1013 1104 1033 ae
1133 1001 1308 1046 Magister
1330 1001 1610 1043 Sententiarum,
1632 1013 1775 1034 necnon
1808 1002 1923 1043 multi,
1946 1014 2064 1047 ymmo

200 1067 456 1112 quamplurimi
485 1067 546 1100 alii
577 1067 706 1100 famosi
726 1080 764 1100 ac
787 1067 966 1100 notabiles
993 1068 1162 1100 doctores
1191 1074 1258 1100 tam
1286 1068 1542 1101 Universitatis
1571 1068 1679 1113 hujus
1709 1069 1939 1108 Parisiensis,
1962 1081 2064 1113 quam

201 1134 348 1166 aliarum
367 1134 651 1167 Universitatum
673 1134 848 1166 nonnulla
868 1134 904 1166 in
926 1134 1072 1179 scriptis
1094 1135 1170 1167 suis
1192 1134 1431 1179 reliquerunt,
1450 1147 1519 1179 que
1541 1147 1607 1167 nec
1628 1135 1698 1180 ipsi
1717 1135 1881 1168 viventes
1903 1142 2066 1168 retracta-

200 1207 343 1242 verunt,
366 1212 432 1233 nec
462 1201 693 1245 postmodum
716 1212 826 1245 super
847 1200 914 1233 hoc
935 1201 1183 1234 auctoritatem
1205 1201 1380 1234 habentes
1402 1201 1700 1246 dampnaverunt,
1724 1214 1793 1246 que
1826 1209 1944 1235 tamen
1971 1214 2067 1235 com-

202 1267 322 1299 munis
353 1267 451 1300 scola
482 1267 736 1312 theologorum
767 1279 840 1299 non
870 1267 1023 1300 admittit
1054 1267 1340 1312 dogmatizanda,
1373 1268 1568 1301 asserenda
1596 1269 1652 1301 vel
1683 1269 1889 1301 affirmanda
1920 1276 2068 1313 propter

203 1333 332 1366 malum
356 1345 518 1374 sensum,
542 1346 646 1378 quem
674 1345 850 1378 generare
873 1341 1023 1378 possent
1050 1334 1087 1366 in
1117 1334 1246 1367 animis
1276 1335 1493 1367 auditorum.
1516 1335 1673 1367 Attentis
1702 1336 1805 1368 etiam
1836 1335 2068 1368 deliberatio-

202 1399 310 1432 nibus
338 1400 467 1445 viginti
489 1407 626 1445 septem
659 1401 916 1445 magistrorum
945 1401 981 1433 in
1012 1400 1194 1446 theologia
1225 1413 1336 1446 super
1361 1401 1425 1434 hae
1456 1402 1603 1434 materia
1632 1408 1769 1434 mature
1799 1402 1931 1435 habitis
1957 1414 1963 1435 ι
1996 1402 2067 1435 11115

202 1466 372 1499 omnibus
409 1466 607 1512 diligenter
641 1467 799 1508 attentis,
841 1467 937 1500 salva
976 1468 1178 1501 reverentia
1214 1469 1247 1501 S.
1283 1468 1432 1509 Thome,
1467 1480 1572 1513 quem
1604 1469 1786 1501 credimus
1821 1469 2068 1502 verisimiliter

201 1533 335 1566 bonum
372 1533 544 1566 habuisse
581 1545 744 1570 sensum,
778 1534 933 1567 dicimus
970 1535 1242 1579 propositiones
1275 1535 1438 1579 magistri
1473 1535 1647 1568 Johannis
1683 1536 1880 1580 supradicti
1915 1536 2067 1569 inferius

201 1606 387 1633 annotatas
409 1599 477 1633 sub
498 1600 611 1635 forma
632 1600 766 1633 ibidem
790 1608 957 1633 contenta
979 1608 1014 1634 et
1035 1613 1207 1646 expressa
1228 1602 1305 1634 sore
1327 1602 1471 1646 publice
1494 1602 1715 1634 revocandas
1732 1602 1768 1634 in
1786 1602 1910 1643 scolis,
1928 1602 1990 1635 ubi
2008 1615 2067 1635 eas

202 1666 302 1699 dixit.
1054 1653 1057 1655 ’

289 1733 439 1766 Prima³
454 1734 665 1778 proposicio
684 1747 693 1767 :
709 1735 824 1779 Major
841 1741 897 1767 est
918 1734 1003 1767 111110
1024 1735 1222 1780 ypostatica
1240 1736 1276 1767 in
1294 1735 1452 1775 Christo,
1472 1747 1577 1780 quam
1599 1736 1684 1768 unio
1703 1735 1808 1768 trium
1831 1748 2066 1780 personarum

202 1801 238 1833 in
259 1800 417 1833 essentia
438 1800 608 1833 increata.

291 1867 398 1899 Istam
421 1866 508 1899 dixit
530 1878 569 1899 se
591 1867 727 1900 dixisse
748 1868 947 1909 recitative,
970 1868 1080 1900 nichil
1101 1868 1313 1901 asserendo.

291 1932 448 1966 Secunda
462 1934 671 1977 proposicio
689 1946 699 1966 .·
721 1934 902 1967 Possibile
924 1941 980 1967 est
1001 1947 1082 1968 esse
1104 1935 1256 1979 aliquam
1279 1947 1402 1980 puram
1425 1942 1638 1976 creaturam,
1657 1948 1726 1980 que
1747 1936 1783 1968 in
1805 1936 1905 1980 puris
1926 1943 2068 1968 natura-

201 1998 299 2032 libus
320 1999 367 2032 ita
388 2006 514 2044 posset
537 1999 663 2032 sibiet
689 2000 827 2032 homini
855 2001 1000 2042 mereri,
1029 2002 1124 2034 510111
1152 2002 1268 2034 31111113
1296 2001 1445 2043 Christi,
1474 2009 1713 2035 concurrente
1741 2002 1913 2034 habituali
1941 2003 2065 2047 gratia.

202 2066 282 2098 Non
303 2072 358 2098 est
379 2072 497 2098 tamen
518 2066 636 2111 aliqua
658 2066 861 2111 possibilis,
891 2079 961 2112 que
982 2074 1050 2100 tam
1082 2068 1354 2107 convenienter,
1383 2076 1628 2113 congruenter
1649 2075 1683 2101 et
1709 2069 1930 2101 sufficienter
1952 2068 2068 2101 homi—

203 2144 283 2164 nem
307 2139 433 2177 posset
453 2132 632 2165 redimere
654 2139 688 2165 et
709 2133 860 2175 salvare,
884 2133 978 2166 sicut
998 2134 1178 2167 Christus.

292 2198 506 2231 Revocanda
527 2205 580 2231 est
602 2205 767 2243 tanquam
790 2199 891 2237 salsa,
915 2199 1006 2232 male
1029 2212 1163 2232 sonans
1187 2207 1222 2232 et
1247 2212 1397 2233 erronea
1423 2201 1466 2233 ad
1487 2201 1711 2233 intellectum
1734 2201 1966 2245 probacionis
1987 2213 2065 2241 sue,

202 2264 373 2297 videlicet
393 2264 437 2297 de
458 2265 572 2309 gratia
593 2265 710 2298 anime
732 2265 880 2306 Christi,
904 2266 1022 2310 quoad
1044 2267 1193 2311 primam
1216 2273 1351 2311 partem
1375 2268 1466 2311 ejus.

297 2331 425 2364 Tertia
439 2331 648 2375 proposicio
665 2345 675 2364 .·
692 2332 822 2377 Aliqua
844 2344 931 2377 pura
949 2339 1109 2365 ereatura
1130 2333 1319 2365 racionalis
1341 2340 1460 2377 potest
1480 2333 1516 2365 in
1534 2334 1610 2366 suis
1632 2334 1733 2378 puris
1755 2334 1979 2367 naturalibus
2001 2335 2065 2366 Dei

203 2397 397 2430 essentiam
420 2397 585 2430 beatifice
606 2398 753 2432 intueri.

292 2464 504 2497 Revocanda
526 2471 581 2497 est
602 2471 768 2510 tanquam
790 2465 890 2505 falsa,
914 2466 1001 2498 alias
1023 2466 1183 2499 Parisius
1204 2467 1478 2512 condampnata,
1504 2473 1539 2499 et
1564 2474 1730 2511 tanquam
1752 2479 1903 2500 erronea
1923 2468 1959 2500 in
1980 2467 2063 2508 fide,

204 2530 354 2562 maxime
375 2530 418 2562 ad
439 2530 662 2563 intellectum
685 2531 917 2576 probacionis
939 2544 1017 2573 sue,
1035 2532 1206 2565 videlicet
1227 2533 1270 2565 de
1291 2534 1411 2577 gracia
1432 2534 1548 2566 anime
1569 2533 1717 2567 Christi.

293 2597 433 2640 Quarta
451 2598 660 2641 proposicio
678 2611 688 2631 :
708 2598 840 2643 Aliqua
871 2611 957 2643 pura
988 2606 1150 2632 ereatura
1181 2606 1236 2632 est
1265 2599 1466 2644 possibilis,
1499 2600 1694 2645 perfectior
1721 2599 1855 2634 Christi
1885 2601 2000 2633 anima
2028 2601 2063 2632 in

204 2663 391 2703 merendo,
414 2670 497 2708 puta
518 2664 637 2708 gracia
659 2665 776 2697 anime
797 2665 946 2698 Christi.

293 2729 506 2762 Revocanda
527 2737 582 2763 est
602 2737 769 2775 tanquam
791 2731 893 2773 falsa,
912 2744 1075 2774 erronea,
1098 2732 1255 2765 absurda
1276 2733 1312 2765 in
1334 2732 1516 2778 theologia
1538 2740 1573 2765 et
1599 2733 1842 2778 philosophia,
1864 2740 1898 2765 et
1925 2733 2063 2765 theolo-

204 2795 284 2840 gice
312 2795 475 2828 doctrine
503 2796 657 2830 irrisiva.
682 2798 815 2842 Quinta
839 2799 1053 2843 supposicio,
1080 2811 1183 2844 quam
1206 2799 1359 2832 assumit
1385 2799 1503 2832 dictus
1531 2800 1704 2844 magister
1731 2799 1774 2831 ad
1807 2799 2061 2844 probacionem

205 2873 270 2894 sue
290 2862 450 2895 secunde
471 2863 754 2907 proposicionis,
782 2876 861 2896 011111
884 2865 961 2898 51115
982 2865 1202 2907 correlariis,
1227 2872 1281 2898 est
1308 2866 1374 2898 ista
1403 2878 1409 2898 :
1440 2880 1455 2897 «
1479 2866 1584 2909 Quod
1606 2866 1770 2898 essencia
1791 2866 1906 2898 anime
1927 2865 2062 2898 Christi
