2488 3386
430 305 495 336 244
997 308 1316 331 anaTULAamM
1351 307 1541 329 UNtvEns.
1578 306 1705 328 PARtS.
2191 290 2291 326 [1379

432 394 513 432 post
533 386 779 430 magisterium
797 384 847 416 uti
869 382 1061 428 privilegio
1084 382 1260 426 predicto,
1278 381 1389 414 tertio
1406 380 1502 425 quod
1524 379 1593 425 ipsi
1615 379 1780 424 magistri
1801 385 1834 411 et
1856 377 2017 411 scolares
2034 389 2106 410 non
2127 383 2294 422 poterant

431 460 553 498 petere
573 452 711 484 fructus
733 457 799 484 etc.
823 449 966 482 debitos
988 455 1068 481 ante
1091 455 1232 492 tempus
1261 447 1489 488 scolaritatis,
1514 451 1643 491 quarto
1669 445 1766 490 quod
1793 456 1857 490 per
1878 451 2007 477 statuta
2035 450 2067 476 et
2096 450 2291 477 consuetu-

431 520 534 552 dines
555 519 715 551 locorum
740 516 938 562 perdebant
958 517 1096 548 fructus
1118 521 1199 554 etc.,
1223 514 1253 547 si
1275 526 1347 546 non
1368 514 1589 546 interessent
1610 513 1645 545 in
1667 511 1831 557 synodali
1853 511 1910 544 vel
1940 511 1975 543 in
2004 511 2193 544 beneficiis
2214 511 2291 543 suis

431 598 494 619 seu
516 585 595 618 aliis
612 585 720 617 certis
741 584 844 623 locis,
864 595 905 615 cx
922 582 1054 627 quibus
1076 581 1307 626 privilegium
1331 580 1532 625 predictum
1550 591 1615 624 pro
1633 579 1759 624 majori
1781 585 1879 623 parte
1896 578 2131 611 frustraretur
2147 577 2289 618 effectu,

430 659 464 684 et
485 652 576 684 dicta
598 651 668 683 filia
690 657 806 683 vestra
836 649 1004 694 personis
1033 647 1254 680 notabilibus
1283 647 1512 679 frauderetur
1537 658 1543 678 :
1572 646 1742 690 quatinus
1772 645 1944 690 dignetur
1971 651 2089 678 vestra
2121 644 2290 677 sanctitas

429 718 475 752 ad
488 723 694 762 perpetuam
716 717 770 750 rei
790 716 993 749 memoriam
1010 721 1044 747 et
1066 726 1129 759 per
1150 714 1294 746 modum
1317 712 1589 746 constitutionis
1611 713 1647 745 in
1668 718 1882 757 perpetuum
1900 711 2051 744 valiture
2073 708 2289 744 decretalem

432 789 581 822 Honorii
598 789 712 832 Super
726 787 883 832 specul&
902 786 969 819 sub
990 785 1233 830 ampliationis
1250 784 1495 817 munificentia
1517 789 1752 816 recencentes
1770 783 1843 826 (sic)
1859 783 1953 815 dicte
1974 782 2047 815 filie
2064 789 2184 815 vestre
2205 794 2291 815 con·
2324 823 2325 826 Ἴ

431 856 572 896 cedere,
596 861 633 887 ut
659 854 775 899 ipsius
797 853 959 897 magistri
987 852 1157 896 quamdiu
1179 851 1370 884 docuerint
1396 850 1474 883 sine
1495 850 1634 891 fraude,
1657 849 1816 883 scolares
1842 861 1929 882 vero
1958 861 2022 894 per
2043 842 2288 894 septennium,

430 923 580 962 fructus,
604 921 781 961 redditus,
810 926 1007 964 proventus
1028 925 1062 951 et
1090 918 1270 963 arreragia
1297 917 1510 962 dignitatum
1534 923 1600 949 etc.
1628 916 1802 961 predictis
1828 915 2085 949 executoribus
2110 915 2291 961 deputatis

431 1001 509 1021 cum
532 987 690 1020 clausula
710 986 901 1020 summarie
920 991 953 1019 et
972 985 1014 1019 de
1032 985 1153 1029 plano,
1173 991 1283 1017 etc....
1301 1005 1345 1008 -—
1361 984 1586 1017 Concessum
1613 990 1650 1016 ut
1677 983 1822 1028 petitur,
1847 983 1929 1015 dum
1953 989 2071 1015 tamen
2092 982 2183 1015 ultra
2205 994 2291 1027 qua-

431 1062 512 1087 tuor
533 1054 645 1086 dietas
666 1065 738 1086 non
759 1052 954 1085 trahantur.

519 1122 606 1153 Item
628 1124 731 1161 [cum]
755 1118 920 1152 nonnulli
941 1118 1217 1163 archiepiscopi,
1241 1117 1403 1158 abbates,
1425 1116 1592 1161 capitula,
1615 1115 1782 1161 collegia,
1806 1122 2008 1148 conventus
2035 1122 2069 1148 et
2089 1114 2158 1148 alie
2179 1115 2293 1148 eccle-

431 1188 573 1221 siastice
590 1198 757 1231 persone,
777 1186 900 1225 duces,
919 1185 1082 1225 comites,
1101 1184 1269 1225 barones,
1288 1184 1434 1225 milites,
1454 1183 1711 1216 universitates
1730 1189 1765 1215 et
1781 1182 2058 1215 communitates
2075 1188 2108 1215 et
2125 1181 2194 1215 alie
2211 1193 2292 1227 per-

431 1266 518 1287 sone
536 1253 718 1286 seculares
739 1252 833 1284 dicte
851 1251 1106 1284 Universitatis
1127 1251 1200 1284 filie
1220 1257 1340 1284 vestre
1361 1250 1601 1295 collegiorum
1620 1261 1684 1294 pro
1701 1249 1886 1294 magistris
1903 1256 1938 1282 et
1954 1248 2156 1282 scolaribus
2173 1248 2291 1294 ipsius

429 1320 656 1352 fundatorum
684 1331 721 1351 ac
750 1319 910 1363 ipsorum
939 1318 1193 1363 magistrorum
1216 1324 1250 1350 et
1276 1317 1468 1350 scolarium
1498 1322 1625 1357 castra,
1651 1315 1793 1356 casalia,
1823 1322 1952 1356 terras,
1976 1315 2113 1355 vineas,
2143 1326 2291 1360 posses-

427 1387 562 1426 siones,
582 1385 873 1430 jurisdictiones,
895 1385 1046 1426 fructus,
1070 1384 1233 1417 redditus
1260 1391 1294 1416 et
1319 1390 1533 1428 proventus,
1556 1382 1649 1415 bona
1671 1382 1817 1416 mobilia
1839 1389 1873 1415 et
1898 1382 2097 1415 immobilia
2118 1388 2153 1415 et
2172 1388 2292 1415 cetera

422 1454 516 1497 jura,
544 1452 587 1484 ad
617 1452 730 1496 ipsam
760 1452 1052 1492 Universitatem,
1076 1451 1269 1495 magistros
1298 1457 1332 1483 et
1359 1450 1519 1483 scolares
1549 1449 1747 1494 spectantia
1768 1455 1803 1482 et
1823 1449 1876 1482 eis
1898 1448 2031 1490 debita,
2059 1460 2236 1494 occupare
2257 1455 2292 1482 et

427 1520 597 1559 retinere,
620 1519 731 1563 ipsam
755 1518 1048 1557 Universitatem,
1070 1517 1237 1563 collegia,
1260 1518 1454 1562 magistros
1476 1523 1511 1549 et
1530 1516 1691 1550 scolares
1712 1517 1749 1549 in
1771 1516 1847 1549 suis
1869 1515 2113 1556 libertatibus,
2134 1514 2291 1548 franchi-

427 1586 491 1618 siis
513 1592 547 1618 et
567 1585 770 1630 privilegiis
791 1585 1005 1629 inquietare,
1032 1585 1068 1616 in
1090 1596 1214 1617 eorum
1237 1584 1419 1629 personis,
1446 1583 1683 1616 familiaribus
1706 1590 1740 1616 et
1761 1583 1867 1616 bonis
1888 1582 2053 1627 injuriari
2074 1594 2147 1615 non
2167 1581 2291 1615 formi-

428 1652 524 1692 dent,
554 1652 597 1684 (le
623 1651 768 1695 juribus
790 1657 824 1683 et
850 1651 1052 1683 actionibus
1074 1651 1211 1683 eisdem
1232 1650 1523 1695 competentibus
1553 1650 1762 1683 satisfacere
1788 1656 1971 1691 recusent,
2001 1655 2036 1682 et
2063 1648 2292 1682 serenissimi

428 1718 610 1763 principes
633 1718 779 1750 Francie
802 1729 907 1762 reges
929 1718 990 1762 qui
1018 1730 1082 1762 pro
1105 1724 1266 1762 tempore
1286 1718 1421 1750 suerint
1442 1717 1610 1750 dederint
1630 1717 1804 1762 predictis
1826 1716 2011 1762 magistris
2032 1722 2066 1749 et
2086 1714 2291 1748 scolaribus

428 1785 650 1829 prepositum
675 1785 785 1817 Paris.
809 1791 844 1816 et
863 1791 1043 1816 certorum
1067 1784 1339 1829 privilegiorum
1363 1791 1606 1823 executorem,
1630 1791 1665 1817 et
1685 1796 1804 1817 coram
1826 1795 1869 1816 eo
1895 1783 2069 1816 traxerint
2088 1789 2124 1815 et
2149 1781 2291 1815 trahere

427 1851 685 1884 consueverint
705 1857 740 1883 et
766 1850 881 1883 adhuc
904 1851 1040 1883 trahant
1063 1863 1150 1883 suos
1178 1851 1406 1884 adversarios
1432 1851 1566 1896 laycos,
1594 1851 1638 1884 de
1659 1850 1939 1895 quibuscunque
1969 1848 2132 1894 partibus
2153 1849 2290 1882 eisdem

429 1917 578 1962 regibus
608 1917 794 1962 subject-is,
822 1917 958 1962 absque
989 1918 1218 1950 restrictione
1248 1930 1311 1951 seu
1342 1918 1555 1951 limitatione
1586 1918 1748 1950 locorum
1779 1924 1862 1958 etc.,
1893 1916 2005 1950 illust.
2038 1916 2194 1949 Karolus
2230 1927 2291 1948 rex

428 1984 622 2016 modernus
644 1984 881 2028 supplicando
904 1984 1036 2017 scribat
1058 1996 1121 2029 pro
1144 1985 1236 2017 dicta
1257 1985 1329 2017 filia
1346 1992 1478 2026 vestra,
1496 1991 1632 2018 attento
1654 1984 1751 2029 quod
1769 1996 1811 2017 ex
1832 1983 1900 2017 hoc
1917 1983 1961 2016 de
1983 1983 2079 2016 bono
2101 1982 2138 2015 in
2160 1982 2291 2016 melius

422 2051 627 2095 jurisdictio
649 2057 767 2083 vestra
789 2050 1032 2084 ecclesiastica
1055 2051 1342 2096 prosperabitur,
1364 2064 1443 2084 cum
1466 2052 1534 2085 soli
1560 2051 1810 2085 conservatori
1839 2051 1934 2084 dicte
1963 2050 2037 2083 filie
2058 2056 2179 2083 vestre
2210 2061 2291 2094 per-

427 2118 584 2149 mittatur
601 2117 766 2161 cognicio
786 2117 944 2158 illorum,
962 2118 997 2150 in
1015 2118 1147 2162 quibus
1168 2119 1398 2151 concluditur
1418 2130 1481 2163 per
1497 2118 1615 2151 media
1637 2118 1746 2151 realia
1766 2130 1772 2150 :
1792 2118 1964 2163 dignetur
1982 2116 2153 2150 sanctitas
2169 2122 2290 2149 vestra

429 2183 590 2228 predicte
612 2183 684 2216 filie
707 2190 826 2216 vestre
848 2184 1048 2217 concedere
1069 2186 1373 2218 conservatoriam
1395 2192 1619 2230 perpetuam,
1642 2197 1722 2218 cum
1748 2185 1979 2218 clausulis...
2002 2204 2046 2208 —
2066 2184 2290 2217 Concessum

428 2251 471 2283 ad
492 2258 634 2294 tempus
656 2251 752 2294 quod
772 2251 955 2283 concessit
976 2251 1143 2284 dominus
1166 2253 1382 2297 Gregorius,
1406 2252 1648 2285 inchoandum
1671 2265 1688 2285 a
1709 2252 1788 2285 data
1810 2251 2048 2297 presentium,
2067 2250 2151 2283 dum
2172 2256 2291 2282 tamen

429 2317 520 2349 ultra
541 2323 693 2360 quatuor
714 2317 827 2349 dietas
849 2329 921 2350 non
943 2318 1139 2351 trahantur.

518 2384 603 2415 Item
626 2395 705 2415 cum
727 2383 785 2415 bo.
809 2395 876 2416 me.
898 2410 919 2416 ..
938 2385 1132 2430 episcopus
1153 2387 1426 2420 Cameracensis
1448 2398 1512 2431 pro
1533 2387 1730 2419 fundandis
1751 2385 1860 2418 certis
1881 2384 2085 2418 scolaribus
2106 2383 2201 2417 dicte
2217 2382 2290 2416 filie

428 2456 547 2482 vestre
576 2450 801 2482 concesserit
830 2457 864 2483 et
893 2451 928 2483 in
957 2451 1160 2496 depositum
1193 2453 1383 2486 tradiderit
1410 2460 1565 2498 quatuor
1596 2453 1693 2486 milia
1726 2452 1983 2491 florenorum‘,
2013 2457 2048 2484 et
2080 2450 2290 2483 imminente

428 2516 578 2560 quadam
599 2516 814 2549 necessitate
837 2517 988 2550 devotus
1010 2518 1106 2551 filius
1128 2526 1248 2552 vester
1270 2520 1426 2553 Karolus
1453 2532 1515 2552 rex
1542 2521 1760 2552 Francorum
1786 2518 1900 2551 illust.
1923 2517 2107 2563 predictos
2129 2517 2290 2550 florenos

429 2588 551 2614 mutuo
574 2583 752 2627 receperit
771 2590 806 2615 et
826 2595 864 2616 se
886 2584 1100 2629 obligaverit
1124 2598 1186 2630 pcr
1206 2586 1344 2619 litteras
1366 2599 1450 2620 suas
1472 2587 1516 2619 ad
1537 2587 1638 2631 ipsos
1660 2585 1939 2626 restituendum,
1962 2591 1997 2617 et
2017 2584 2186 2617 dominus
2208 2584 2290 2616 Ber÷

428 2648 562 2681 nardus
579 2648 703 2689 Cariti,
721 2661 815 2682 nunc
832 2650 1025 2695 episcopus
1046 2652 1311 2689 El)roicensis⁵,
1330 2653 1529 2698 apostolice
1551 2653 1651 2686 sedis
1668 2653 1825 2686 nuncius
1842 2659 1875 2685 et
1892 2651 2079 2692 collector,
2097 2650 2290 2684 extorserit

428 2714 608 2759 predictas
629 2715 766 2748 litteras
787 2715 1034 2761 obligatorias,
1054 2719 1179 2752 dicens
1200 2719 1282 2752 illos
1304 2720 1465 2753 florenos
1487 2732 1629 2753 camere
1650 2719 1851 2765 apostolice
1876 2724 2081 2751 reservatos
2100 2718 2180 2758 ....⁶,
2203 2728 2289 2761 qua-

427 2781 524 2814 tinus
552 2781 752 2826 dignemini
780 2783 948 2816 ordinare
977 2785 1072 2828 quod
1103 2786 1196 2818 dicte
1227 2786 1330 2819 litere
1362 2787 1524 2831 predicte
1554 2786 1627 2819 filie
1654 2793 1775 2819 vestre
1806 2786 2097 2818 restituantur....
2123 2803 2168 2809 -—
2194 2783 2290 2817 Con-

428 2859 584 2880 cessum.
