2488 3386
857 338 1035 359 STATUTA
1069 338 1150 360 FAC.
1188 339 1354 361 necnssr.
1970 333 2034 365 647

173 409 240 435 alibi
256 409 343 435 latius
358 410 548 443 expressamf‘.
565 411 721 436 teneantur
740 411 852 437 doctori
871 419 886 436 a
907 419 966 444 quo
982 412 1127 438 voluerint
1141 412 1230 438 dictas
1245 413 1371 439 cedullas
1391 414 1506 446 sigillari
1530 415 1650 441 defferre
1665 416 1797 441 cedulam
1818 424 1866 442 seu
1883 416 2034 442 hrevetum

172 458 293 491 legentis
310 458 345 484 de
360 466 457 488 mane,
473 466 489 484 a
504 466 564 492 quo
579 459 752 487 audiverint,
772 459 802 484 in
816 467 874 492 qua
890 460 1060 486 testificetur
1074 461 1168 486 dictus
1183 461 1280 494 legens
1297 461 1348 486 sibi
1365 462 1541 488 satisfactum
1557 472 1613 489 esse
1628 464 1664 489 de
1679 465 1804 490 collecta.
1822 465 1958 498 Alioquin
1975 473 2034 491 non

172 507 379 540 sigillabuntur
399 507 482 533 dictis
497 508 652 533 scolaribus
677 508 847 541 hujusmodi
863 509 964 534 cedulc
986 509 1039 534 nisi
1058 509 1159 535 doctor
1178 510 1234 535 alio
1259 510 1346 535 modo
1362 510 1489 543 legitime
1512 513 1597 538 fuerit
1617 513 1791 538 informatus
1805 514 1840 539 de
1864 514 2034 547 hujusmodi

172 556 326 584 solutione.
341 558 447 582 servata
463 558 562 582 tamen
578 556 761 582 ordinatione
773 565 839 589 erga
854 565 1004 590 pauperes,
1021 559 1110 590 prout
1122 558 1189 583 alibi
1205 558 1319 591 plenius
1334 560 1375 584 cst
1388 561 1518 585 cautum.

261 604 317 638 (18)
332 605 406 630 Item
426 605 519 630 forma
539 605 641 638 prefati
662 605 769 631 breveti
789 605 825 630 sit
844 606 896 631 hec
914 615 919 631 :
939 617 951 627 κ
973 606 1098 632 Domine
1118 606 1228 635 doctor.
1250 607 1323 636 talis,
1346 609 1412 637 etc,
1434 609 1567 634 satisfecit
1591 610 1680 635 michi
1704 610 1739 635 de
1759 611 1876 636 collecta
1903 619 1955 644 pro
1980 612 2035 638 hoc

172 661 259 682 anno,
277 663 290 677 u
307 655 372 681 etc.:
390 655 454 686 post
467 655 557 687 ponat
572 654 666 679 dictus
678 654 776 687 legens
791 662 900 680 nomen
916 662 1004 680 suum
1020 656 1048 681 ct
1060 655 1122 688 ejus
1137 655 1294 687 signatum.

259 701 317 736 (19)
336 701 451 731 ltemw,
468 702 535 735 quia
551 702 695 735 sepissime
710 703 815 728 furtive
829 705 857 728 et
872 711 923 736 per
938 703 1151 736 surreptionem
1166 704 1256 737 aliqui
1276 704 1386 730 inventi
1405 707 1474 730 sunt
1495 706 1620 738 gradum
1646 707 1847 733 baccalariatus
1865 708 2032 738 obtinuisse,

170 750 327 777 statuimus
341 752 375 776 ut
390 751 490 777 nullus
504 751 602 784 legens
616 751 651 777 de
666 759 752 777 mane
767 751 895 777 litteram
915 752 1145 778 certificatoriam
1168 760 1217 778 sue
1239 753 1395 779 auditionis
1417 754 1526 780 lecture
1547 755 1632 780 alicui
1652 756 1799 785 concedat,
1822 757 1874 781 nisi
1899 758 2035 784 veraciter

170 799 344 825 informatus
359 799 472 825 sciverit
485 800 583 833 ipsum
599 800 736 826 scolarem
751 800 884 826 eamdem
901 801 1055 827 lectionem
1069 801 1209 827 audivisse
1222 803 1250 827 et
1264 802 1359 828 debite
1375 802 1567 833 continuasse,
1584 803 1692 837 absque
1705 804 1804 830 fraude
1819 806 1847 830 ct
1862 813 1929 830 cum
1943 806 2033 831 libro-

170 856 238 874 rum
253 848 408 874 delatione.

262 935 330 960 Bibl.
347 936 439 959 Arsen.
455 936 540 960 Paris.
558 944 608 960 ms.
623 936 693 964 1121,
709 939 784 966 parte
801 936 845 964 111,
864 945 890 967 p.
907 936 946 965 31,
960 944 972 959 c
988 938 1048 959 msm
1064 937 1244 961 Cheltenham.
1261 939 1330 967 2863,
1348 938 1421 966 ibid.‚
1443 940 1459 962 f.
1478 939 1546 962 XIII.

264 1020 285 1043 1.
305 1020 339 1043 Ut
352 1024 381 1043 n⁰
394 1021 463 1048 1697,
477 1021 500 1043 3.
512 1034 543 1037 —
559 1021 580 1043 2.
598 1020 655 1043 Vid.
672 1020 747 1049 ibid.‚
762 1022 784 1044 Β.
803 1034 829 1037 -
842 1022 864 1044 3.
882 1021 900 1043 I.
917 1029 941 1044 e.
959 1021 984 1043 in
999 1021 1185 1044 purificatione
1201 1022 1228 1044 B.
1246 1022 1353 1046 Mariae.
1370 1023 1437 1046 Ms.:
1455 1024 1496 1046 «i.
1511 1023 1678 1046 candelosam
1689 1032 1711 1046 )).
1724 1025 1783 1047 -4.
1796 1024 1868 1047 Sicut
1883 1025 1949 1048 uliae
1962 1025 2034 1048 ordi—

169 1063 297 1094 nationes,
314 1064 351 1087 ita
370 1064 448 1087 etiam
464 1065 527 1087 haec
543 1065 573 1087 dc
595 1074 605 1087 (r
626 1065 746 1095 captione
762 1065 890 1088 librorum
909 1073 919 1087 »
940 1073 952 1088 e
975 1065 1080 1088 statutis
1099 1066 1246 1088 studiorum
1259 1066 1326 1097 juris
1343 1067 1457 1089 initalia
1475 1067 1613 1098 desumpta
1633 1071 1679 1090 est.
1699 1069 1756 1090 Jam
1774 1068 1918 1096 Roffredus,
1934 1069 2036 1093 Libelli

162 1111 226 1137 jur.
244 1108 306 1138 civ„
319 1109 337 1132 l.
354 1111 376 1137 5,
393 1109 424 1131 de
439 1109 503 1131 offic.
518 1109 574 1140 jud.
592 1111 614 1138 (e
629 1109 686 1132 cod.
707 1109 836 1139 Burghos.
852 1113 880 1131 n⁰
894 1110 947 1139 135)
961 1109 1070 1132 scribit:
1089 1119 1099 1132 (ι
1117 1110 1198 1133 Hodie
1214 1110 1250 1133 ita
1265 1119 1328 1133 usus
1347 1114 1394 1136 est,
1412 1114 1440 1133 ut
1457 1111 1555 1134 salaria
1574 1112 1706 1142 promissa
1718 1121 1732 1134 a
1749 1112 1895 1135 scolaribus
1915 1113 2033 1137 doctores

169 1152 284 1184 exigant,
300 1157 325 1177 et
342 1153 427 1177 libros
439 1153 595 1177 scolarium
609 1160 659 1183 pro
675 1154 793 1178 collectis
808 1154 936 1183 capiunt,
952 1157 980 1176 ut
1002 1154 1082 1176 tutius
1099 1154 1133 1177 sit
1150 1154 1186 1177 eis
1203 1155 1308 1185 pignori
1328 1155 1487 1184 incumbere,
1510 1164 1588 1186 quam
1609 1156 1634 1178 in
1657 1164 1795 1187 personam
1816 1165 1893 1188 agere
1912 1166 1933 1180 l).
1951 1158 1992 1180 Sic
2008 1158 2033 1180 in

169 1197 476 1227 Statzctisjuriscarum
495 1198 689 1222 Universitatis
703 1198 872 1226 Paduanac,
884 1206 925 1221 an.
943 1199 1000 1221 1331
1019 1198 1080 1227 (vid.
1097 1199 1203 1227 Denisse,
1218 1199 1243 1221 in
1257 1199 1363 1223 Archiv
1375 1201 1395 1228 Γ.
1410 1201 1581 1224 Litteratur-
1595 1207 1623 1224 u.
1638 1201 1865 1231 Kirchenyesch„
1881 1202 1922 1229 Vly
1936 1210 1962 1232 p.
1978 1203 2032 1229 Ii7l,

167 1241 198 1264 110
214 1243 263 1272 sq.)
281 1245 306 1264 et
321 1241 346 1264 in
363 1241 483 1266 Statutis
505 1242 626 1266 Univers.
643 1242 762 1265 Florent.
779 1242 828 1272 (ed.
846 1242 983 1270 Glierardi,
998 1251 1025 1273 p.
1041 1244 1088 1271 66),
1108 1246 1192 1265 exstat
1210 1246 1337 1266 statutum
1358 1244 1443 1274 quoad
1465 1244 1593 1271 doz-tores,
1613 1244 1657 1275 qui
1679 1244 1760 1267 libros
1783 1245 1943 1268 scholarium
1958 1254 2034 1268 occa-

168 1285 241 1309 sione
256 1286 380 1309 collectae
399 1286 516 1316 capiunt.
531 1300 562 1304 —
579 1289 600 1310 5.
618 1286 676 1310 Vid.
691 1294 772 1317 supra
791 1291 819 1309 n⁰
834 1287 903 1309 1697.
917 1300 947 1304 -—
962 1288 985 1309 6.
1002 1287 1036 1310 Ut
1056 1287 1194 1315 Chav'tul„
1219 1288 1250 1315 II,
1270 1296 1295 1318 p.
1320 1288 1373 1316 708,
1397 1288 1482 1310 ultim.
1507 1291 1568 1311 stat.
1588 1301 1619 1306 —-
1634 1290 1655 1311 7.
1680 1288 1746 1312 Ibid.
1760 1303 1790 1307 —-
1805 1291 1828 1313 8.
1843 1290 1890 1312 Ms.
1910 1298 1914 1312 ι
1932 1301 1944 1312 x<
1961 1291 2033 1312 solu-

167 1330 300 1354 tionem».
310 1344 341 1348 —
355 1332 378 1354 9.
391 1330 448 1354 Vid.
460 1331 504 1357 III.
522 1340 548 1362 p.
563 1331 616 1354 195.
628 1344 660 1348 —
672 1331 710 1354 10.
723 1331 776 1354 lloc
791 1334 919 1354 statutum
934 1331 1031 1362 legitur
1046 1331 1072 1354 in
1088 1331 1193 1354 statutis
1203 1331 1336 1355 Guillelmi
1353 1332 1423 1355 card.
1439 1333 1470 1355 de
1483 1332 1653 1356 Estouteville
1669 1334 1790 1362 u11.1li52,
1803 1342 1878 1365 quem
1895 1334 2035 1365 opinamur

167 1375 244 1402 illud,
261 1378 290 1398 ut
305 1383 392 1406 saepe,
409 1375 574 1398 solummodo
590 1375 768 1399 renovavisse.

178 1505 294 1542 [701
305 1534 313 1542 .
337 1523 352 1540 ‹
369 1516 485 1540 Statata
502 1515 650 1549 tangentia
668 1515 808 1541 bedellum
825 1519 851 1541 et
866 1515 1062 1541 subbedellum
1076 1515 1151 1541 dicte
1166 1515 1327 1549 facultatis.
1346 1525 1360 1541 »

257 1615 296 1649 (1)
310 1615 407 1641 Primo
419 1615 530 1648 jurabit
549 1615 745 1641 obedientiam
765 1617 793 1641 et
812 1616 1004 1641 reverentiam
1025 1617 1054 1641 et
1069 1616 1212 1641 honorem
1232 1615 1344 1642 exibere
1363 1616 1472 1642 decano
1487 1617 1514 1642 et
1533 1616 1652 1649 collegio
1673 1624 1705 1642 ac
1728 1616 1849 1649 singulis
1868 1617 2033 1643 doctoribus

167 1663 243 1690 dicte
258 1664 402 1689 facultatis
414 1664 596 1696 presentibus
611 1666 639 1690 et
654 1664 771 1690 futuris.

259 1712 296 1747 (2)
312 1713 385 1738 Item
401 1713 563 1738 haccalariis
577 1714 605 1738 et
620 1713 785 1742 scolaribus,
802 1713 921 1739 cuilibet
936 1713 1099 1739 secundum
1115 1715 1224 1739 statum
1240 1721 1337 1739 suum.

259 1761 298 1796 (3)
314 1762 387 1787 Item
404 1769 504 1795 pacem
519 1763 547 1787 et
562 1762 796 1794 tranquilitatem
814 1769 924 1788 servare
939 1762 969 1787 in
986 1762 1120 1788 facultate
1135 1762 1336 1788 Decretorum.

257 1810 294 1844 (4)
310 1811 383 1836 Item
399 1812 516 1839 statuta,
528 1811 604 1843 jura,
619 1810 766 1836 libertates
780 1812 808 1837 et
821 1811 1045 1837 consuetudines
1061 1811 1214 1840 facultatis,
1232 1811 1368 1844 precipue
1381 1818 1470 1836 suum
1483 1811 1613 1836 officium
1630 1811 1790 1844 tangentia.
1807 1812 1884 1837 illesa
1900 1814 1927 1837 ct
1943 1812 2033 1838 illesas

168 1867 289 1885 servare.

257 1907 295 1942 (5)
310 1908 383 1933 Item
403 1907 527 1933 fideliter
551 1915 639 1933 suum
659 1908 789 1934 officium
812 1916 952 1937 exercere,
973 1915 1026 1934 nec
1045 1909 1150 1934 secreta
1166 1908 1277 1941 collegii
1293 1908 1336 1933 vel
1351 1908 1505 1933 doctorum
1522 1908 1615 1941 signo,
1640 1908 1724 1934 verbo
1747 1908 1789 1934 vel
1805 1916 1925 1941 quoquo
1945 1909 2033 1934 modo

168 1956 302 1982 revelare.

257 2004 295 2039 (6)
311 2005 384 2030 Item
398 2012 458 2030 non
474 2005 613 2031 solicitare
626 2005 670 2030 vel
683 2005 819 2031 advocare
835 2005 963 2038 aliquem
979 2005 1117 2031 scolarem
1132 2007 1290 2038 antequam
1308 2005 1488 2038 ingrediatur
1503 2005 1590 2031 scolas
1602 2005 1724 2038 alicujus
1737 2005 1860 2030 doctoris
1873 2006 1915 2031 vel
1931 2006 2031 2032 bacca-

168 2053 231 2080 larii
246 2054 290 2079 vel
305 2055 369 2087 post
384 2054 644 2087 quandocumque.

257 2102 295 2137 (7)
312 2103 385 2128 Item
401 2110 461 2128 non
476 2102 667 2136 proclamabit
682 2102 811 2135 aliquem
827 2102 1019 2128 baccalariuni
1035 2102 1070 2128 ad
1087 2102 1216 2135 aliquem
1237 2104 1335 2128 actum
1351 2102 1531 2128 scolasticum
1548 2102 1607 2127 sine
1622 2102 1736 2128 licentia
1750 2102 1860 2131 decani,
1878 2110 1929 2128 nec
1944 2103 2031 2128 etiam

168 2151 279 2185 aliquid
294 2151 374 2177 aliud
390 2151 451 2177 sine
465 2151 592 2184 predicta
606 2151 731 2179 licentia,
749 2151 800 2176 etsi
817 2152 916 2183 tangat
931 2151 1097 2184 collegium,
1113 2151 1173 2176 sine
1187 2151 1302 2176 licentia
1318 2151 1429 2183 collegii
1446 2151 1488 2176 vel
1502 2151 1617 2184 majoris
1632 2151 1729 2184 partis.

258 2199 296 2233 (8)
313 2201 445 2233 Itemque
463 2200 575 2225 ratione
597 2200 640 2225 sui
658 2200 744 2225 officii
760 2200 850 2225 nichil
869 2200 962 2232 exiget
979 2208 994 2224 a
1009 2199 1165 2225 scolaribus
1179 2200 1222 2224 vel
1246 2199 1408 2224 baccalariis
1423 2201 1456 2224 ut
1471 2199 1523 2224 sibi
1545 2199 1688 2227 debitum,
1706 2199 1759 2224 nisi
1774 2200 1935 2225 secundum
1951 2201 2031 2233 quod

168 2249 221 2274 sihi
236 2249 359 2274 debetur
375 2257 425 2282 per
440 2250 556 2276 statuta.
574 2249 616 2274 vel
632 2249 667 2273 de
682 2248 802 2281 antiqua
816 2248 1026 2273 consuetudine
1042 2256 1091 2280 per
1105 2248 1261 2280 collegium
1277 2255 1404 2280 expresse
1418 2248 1584 2280 approbata.
1604 2247 1629 2272 Si
1646 2255 1712 2273 vero
1727 2248 1905 2273 contrarium
1922 2249 2028 2277 fecerit,

166 2297 199 2325 in
210 2298 339 2331 duplum
355 2298 417 2330 ejus
433 2297 512 2330 quod
525 2298 663 2330 receperit
680 2297 740 2322 sine
755 2297 922 2322 remissione
937 2304 1125 2329 quacumque
1140 2296 1290 2329 puniatur.

257 2346 295 2380 (9)
311 2347 384 2372 Item
409 2346 559 2372 sciendum
574 2347 615 2372 est
631 2346 711 2379 quod
732 2346 809 2378 virga
829 2347 949 2378 argento
972 2346 1073 2370 ornata
1095 2347 1123 2370 et
1145 2345 1292 2373 deaurata,
1309 2352 1399 2377 quam
1424 2346 1539 2370 tenetur
1555 2345 1693 2377 generalis
1715 2345 1842 2370 bedellus
1857 2345 1976 2374 deferre,
1994 2346 2029 2372 de

167 2395 290 2428 pecunia
306 2395 416 2428 collegii
433 2395 489 2420 fuit
511 2395 592 2420 sacta.
610 2395 644 2420 Et
663 2395 717 2420 erit
737 2396 877 2428 perpetuo
892 2394 967 2419 dicta
984 2394 1061 2426 virga
1076 2393 1143 2419 dicti
1166 2393 1286 2425 collegii,
1304 2393 1357 2418 nisi
1373 2393 1435 2418 Ioco
1450 2393 1580 2426 ejusdem
1603 2401 1661 2418 una
1677 2393 1779 2418 melior
1798 2394 1979 2427 subrogetur.
1995 2395 2029 2419 Et

167 2451 232 2471 eam
249 2445 364 2470 tenetur
378 2444 497 2469 reddere
509 2444 603 2469 dictus
616 2443 745 2469 bodellus
759 2443 1008 2476 quandocumque
1023 2442 1122 2468 cedere
1135 2442 1178 2467 vel
1194 2442 1322 2467 recedere
1338 2442 1434 2474 ipsum
1450 2442 1630 2474 contingeret
1643 2450 1763 2474 quoquo
1780 2442 1876 2468 modo.
1893 2443 2029 2469 Similiter

170 2494 198 2518 et
210 2492 290 2525 virga
305 2494 439 2525 argentea
455 2493 559 2518 tradita
575 2492 742 2518 subbedello
755 2492 830 2517 dicte
846 2491 996 2517 facultatis.

256 2540 313 2575 (ιο)
330 2542 402 2567 Item
418 2549 477 2566 non
491 2541 681 2574 proclamabit
697 2541 824 2573 aliquem
841 2540 1033 2565 baccalarium
1049 2540 1084 2564 ad
1099 2539 1250 2567 lecturam.
1269 2539 1322 2564 nisi
1338 2538 1417 2571 prius
1433 2538 1567 2577 hahuerit
1583 2540 1611 2564 et
1626 2539 1728 2564 viderit
1743 2539 1875 2564 cedulam
1892 2540 2026 2565 testifica-

168 2589 273 2615 toriam
287 2590 322 2616 de
338 2598 389 2615 suo
403 2590 551 2615 volumine
566 2598 581 2615 a
596 2590 705 2615 decano
720 2589 863 2615 facultatis
876 2589 1039 2621 sigillatam,
1054 2588 1217 2614 secundum
1233 2588 1357 2613 formam
1373 2587 1537 2612 ordinatam
1552 2587 1723 2615 baccalariis,
1741 2589 1774 2613 ut
1788 2596 1882 2621 supra.

257 2638 313 2672 (11)
329 2639 401 2664 Item
418 2638 448 2663 in
463 2639 587 2664 collectis
602 2638 737 2664 faciendis
751 2638 859 2663 debent
874 2637 1002 2663 bedellus
1016 2638 1044 2662 et
1059 2636 1243 2662 subbedellus
1258 2636 1403 2669 generales
1422 2636 1565 2661 facultatis
1585 2636 1735 2668 precedere
1750 2638 1857 2662 eeteros
1879 2637 2026 2662 servitores

168 2686 242 2713 dicte
258 2687 409 2712 facultatis.

256 2735 314 2770 (12)
327 2736 399 2761 Item
414 2735 583 2761 ordinatum
597 2737 638 2761 est
653 2737 681 2761 et
696 2737 839 2761 statutum
854 2742 904 2768 per
917 2734 1073 2766 collegium
1088 2734 1277 2759 Decretorum
1290 2733 1427 2758 omnibus
1440 2732 1606 2758 doctoribus
1621 2733 1656 2758 ad
1672 2733 1726 2758 hoc
1739 2733 1895 2765 specialiter
1910 2734 2023 2759 vocatis.

169 2785 202 2809 ut
217 2784 306 2810 moris
318 2786 369 2813 est,
387 2784 466 2817 quod
482 2784 610 2809 bedellus
623 2784 765 2809 facultatis
778 2792 830 2817 pro
845 2783 975 2816 quolibet
988 2783 1112 2808 deffectu
1127 2783 1264 2815 tangente
1280 2789 1367 2806 suum
1383 2781 1513 2806 officium
1529 2781 1679 2814 puniatur.

256 2832 313 2867 (13)
326 2833 360 2858 Et
376 2832 560 2858 subbedellus
575 2840 693 2866 quoque
708 2832 850 2865 puniatur
865 2831 996 2857 similiter
1012 2839 1064 2864 pro
1079 2830 1210 2864 quolibet
1224 2830 1348 2856 deffectu
1364 2837 1414 2862 per
1433 2829 1577 2855 decanum
1593 2830 1745 2858 facultatis,
1762 2830 1880 2862 quando
1895 2831 1923 2855 et
1937 2832 2024 2862 prout

170 2881 288 2907 facultas
300 2881 456 2907 ordinabit.
