2488 3386
451 321 514 354 598
1017 327 1343 350 annTULARmM
1381 327 1570 349 univnns.
1607 327 1735 348 rmus.
2211 313 2309 353 [1393

538 405 572 436 2a
593 403 791 437 Conclusio.
817 403 851 435 Si
880 402 927 435 sit
954 402 1085 447 aliquis
1112 402 1172 446 qui
1197 402 1325 445 juvare
1354 401 1471 446 possit
1495 400 1539 433 ad
1565 399 1775 445 hujusmodi
1802 401 1973 434 unionem
2001 403 2307 447 consequendam,

450 477 485 502 et
504 469 665 514 impedit,
688 469 915 502 scismaticus
936 475 991 502 est
1011 468 1231 501 censendus.

537 537 572 568 3a
593 535 793 569 Conclusio.
816 535 1032 580 Quicunque
1056 534 1201 567 adultus
1227 546 1299 566 non
1325 533 1495 566 laborans
1522 534 1681 578 graviter
1706 540 1840 579 peccat,
1867 533 1935 567 hoc
1961 541 2016 567 est
2039 534 2250 577 mortaliter,
2278 535 2308 569 si

450 603 572 646 juvare
594 601 721 646 possit.

538 670 573 701 4ἷᾸ
594 668 793 701 Conclusio.
817 668 960 709 Dicere.
986 668 1102 700 solum
1126 680 1208 701 esse
1235 666 1424 707 orandum7
1446 678 1512 699 nec
1533 666 1638 700 aliter
1658 679 1740 700 esse
1770 667 2007 700 laborandum
2033 668 2069 700 in
2096 669 2188 701 facto
2219 669 2309 702 scis-

450 735 567 770 matis.
591 741 646 767 est
666 741 840 779 temptare
862 735 988 767 Deum.

539 803 574 834 5³
595 801 795 834 Conclusio.
819 801 1034 845 Quicunque
1062 800 1190 833 horum
1222 799 1408 833 amborum
1437 800 1681 833 coelectorum
1713 812 1786 833 non
1814 801 2115 835 condescendens
2147 802 2308 845 unioni¹‚

449 867 640 912 supposito
658 868 754 912 quod
775 867 812 900 in
831 874 960 912 papatu
977 868 1038 912 jus
1054 866 1217 908 haheaffl,
1235 867 1381 912 penitus
1398 867 1693 901 exterminandus
1710 874 1778 908 θεῖ,
1796 874 1864 900 eta
1884 875 2014 913 papatu
2030 869 2308 903 removendus³.

543 964 605 987 Cod.
625 965 682 987 Vnt.
700 965 746 987 lat.
760 965 830 992 4927,
848 965 893 987 sol.
908 965 947 993 67,
964 964 1013 986 sub
1031 964 1138 987 rubrica
1153 967 1182 987 ut
1199 972 1290 995 supra.
1307 964 1414 987 Difficile
1429 964 1510 993 dictu,
1529 965 1633 995 quando
1650 964 1759 995 Egidius
1775 966 1806 989 de
1824 966 1930 997 Campis
1944 966 1993 990 has
2009 967 2202 998 propositiones
2222 975 2310 991 coram

448 1016 509 1039 rege
525 1008 742 1039 pronuntiaverit.
763 1010 790 1032 In
810 1011 927 1032 Auctor.
952 1009 1089 1036 Chartul„
1109 1009 1128 1038 Ι,
1140 1009 1195 1037 681,
1214 1009 1252 1036 35,
1273 1016 1315 1031 nn.
1337 1009 1406 1038 1393,
1427 1009 1493 1040 Aug.
1511 1010 1534 1038 4,
1551 1009 1583 1032 ad
1601 1009 1666 1032 istas
1683 1010 1877 1041 propositiones
1891 1014 1919 1034 ut
1933 1019 1944 1034 t(
1962 1011 2035 1035 alias
2049 1019 2138 1034 coram
2157 1019 2218 1043 rege
2234 1021 2245 1035 »
2264 1020 2311 1044 per

449 1053 570 1083 Egidium
587 1056 669 1075 tactas
683 1054 795 1075 refertur
810 1053 871 1082 (vid.
887 1053 932 1075 lin.
951 1054 1000 1082 43).
1018 1052 1044 1075 Si
1057 1053 1089 1075 ad
1103 1061 1145 1076 an.
1163 1053 1223 1076 1393
1243 1053 1383 1084 pertinent,
1400 1054 1535 1084 ponendae
1553 1056 1614 1076 sunt
1633 1056 1692 1077 ante
1709 1054 1826 1081 Junium,
1842 1063 1901 1078 cum
1916 1063 1962 1078 rex
1975 1055 2035 1078 inde
2048 1064 2131 1087 usque
2145 1056 2179 1079 ad
2195 1064 2311 1080 mensem

447 1097 567 1119 ,lnnuarii
582 1098 641 1120 1394
655 1101 739 1120 mente
755 1097 883 1120 alienatus
903 1097 981 1120 suerit
998 1097 1063 1126 (vid.
1081 1101 1109 1119 u0
1125 1098 1204 1126 1671).
1221 1098 1256 1120 Ut
1270 1100 1357 1120 tamen
1373 1097 1522 1128 opinamur,
1536 1098 1590 1129 jam
1606 1101 1665 1121 unte
1680 1098 1853 1122 Februarium
1869 1107 1911 1123 an.
1927 1100 1987 1122 1393
1999 1100 2118 1131 prolatae
2133 1103 2216 1125 erant.

541 1181 563 1204 1.
582 1181 600 1203 1.
617 1189 639 1203 e.
655 1189 702 1211 per
715 1181 784 1203 vinni
801 1181 936 1205 cessionis.
953 1194 982 1198 -·
996 1182 1017 1204 2.
1035 1181 1129 1212 Agitur
1144 1181 1229 1204 adhuc
1242 1181 1274 1204 de
1288 1181 1335 1206 via
1345 1181 1435 1211 juris.
1451 1195 1482 1199 —
1496 1183 1519 1205 3.
1536 1182 1607 1205 Idem
1622 1185 1698 1205 sonat
1713 1190 1742 1205 ac
1756 1183 1825 1214 quod
1840 1183 1892 1206 dux
1906 1183 2074 1214 Burgundiae
2084 1187 2176 1215 postea
2190 1185 2266 1208 Petro
2278 1185 2310 1209 de

449 1225 519 1248 Luna
540 1225 647 1248 Parisiis
663 1225 766 1256 degenti
789 1225 853 1248 dixit
869 1233 874 1248 ⁴.
893 1234 903 1248 α
920 1225 942 1248 si
957 1233 1025 1256 pope
1041 1226 1158 1249 Clement
1172 1234 1204 1248 ne
1220 1225 1320 1248 vouloit
1335 1226 1527 1250 condescendre
1544 1227 1586 1256 (nd
1602 1226 1671 1250 vium
1687 1227 1832 1257 cessionis),
1849 1236 1898 1259 que
1915 1236 1947 1251 on
1960 1228 2080 1259 pourroit
2091 1228 2151 1252 bien
2167 1229 2310 1254 soustraire

447 1269 616 1292 l'obeissance
629 1273 654 1293 et
668 1269 898 1293 l'administration
914 1270 945 1293 dc
958 1270 1059 1301 l'e'glise
1073 1271 1104 1293 de
1118 1271 1216 1293 France
1231 1280 1243 1291 »
1260 1271 1512 1300 (Murtcne-Durand,
1529 1272 1622 1301 Ampl.
1639 1272 1711 1300 colb,
1726 1272 1781 1301 VH,
1796 1273 1862 1302 498).
1876 1272 1933 1296 Vid.
1950 1277 1979 1295 n⁰
1991 1273 2061 1302 1680,
2077 1277 2130 1297 not.
2146 1274 2168 1297 9,

452 1435 591 1472 1667.
615 1446 692 1479 Mag.
709 1445 851 1471 lohannes
871 1445 999 1480 Goulain7
1023 1445 1089 1472 Ord.
1112 1446 1242 1480 Carmel„
1255 1447 1340 1481 jussu
1365 1446 1515 1472 Clementis
1536 1448 1587 1473 VII
1606 1447 1813 1474 conclusionem
1840 1449 2045 1484 adversitatis,
2062 1449 2151 1476 libere
2166 1453 2231 1476 tunc
2243 1459 2312 1486 pro-

535 1494 704 1529 nuntiatam,
729 1494 856 1519 Schisma
877 1503 930 1520 non
952 1503 1037 1530 posse
1052 1495 1150 1530 sopiri,
1170 1495 1227 1520 nisi
1252 1495 1334 1521 ambo
1356 1495 1487 1522 cederent
1505 1496 1640 1532 papatui,
1663 1497 1843 1533 reprobando
1860 1497 1970 1533 pluries
1986 1498 2102 1534 publice
2118 1499 2308 1535 praedicavit,

535 1543 715 1576 Bonifacium
736 1544 780 1568 IX
796 1543 899 1568 rit-ibus
911 1544 1073 1579 principum
1094 1553 1155 1570 esse
1175 1544 1402 1580 expellendum&
1424 1545 1598 1571 Universieas
1613 1550 1712 1571 contra
1728 1546 1820 1582 ipsum
1834 1546 1912 1572 irata
1926 1555 1987 1572 eum
2007 1556 2026 1572 a
2045 1547 2173 1574 consiliis
2186 1548 2310 1583 publicis

536 1591 684 1618 exclusit2.

1668 1631 1741 1660 7393,
1758 1631 1896 1661 Februarii,
1911 1631 2025 1658 Parisiis.

542 1715 643 1740 Chron.
658 1717 697 1740 du
711 1716 762 1739 rel.
778 1717 812 1739 de
825 1716 1029 1746 Saint-Denys,
1043 1716 1076 1746 11,
1091 1717 1130 1740 60.

541 1800 562 1822 1.
582 1800 601 1823 1.
617 1808 639 1824 e.
652 1800 698 1823 via
715 1799 793 1830 facti.
812 1813 840 1817 —
856 1801 879 1823 2.
894 1800 1035 1831 Perper-am
1054 1801 1182 1824 asseritur
1197 1801 1268 1832 apud
1284 1801 1398 1831 Villiers,
1417 1802 1486 1827 Bibl.
1507 1802 1638 1832 Carmel.⁷
1657 1803 1676 1832 1,
1692 1804 1746 1832 855,
1765 1803 1910 1828 Johnnnem
1926 1804 2043 1830 missum
2060 1813 2117 1829 esse
2132 1805 2163 1829 de
2180 1805 2310 1830 Avenione

447 1843 575 1872 Parisios;
592 1844 688 1867 ibidem
708 1844 775 1867 enim
793 1852 896 1875 semper
911 1845 991 1868 stetit.
1012 1846 1153 1876 Pet-peram
1173 1845 1252 1869 etium
1272 1854 1331 1869 cum
1353 1846 1484 1877 graduum
1504 1847 1648 1870 honoribus
1668 1848 1701 1870 ab
1723 1848 1899 1872 Universitate
1921 1849 2055 1880 privatum
2075 1858 2146 1878 esse;
2166 1850 2246 1874 immo
2266 1858 2308 1874 an.

446 1888 571 1919 sequenti,
587 1888 732 1916 Februarii,
749 1888 860 1912 Goulain
875 1889 901 1912 in
917 1890 1119 1920 congregatione
1138 1890 1325 1914 Universitatis
1340 1894 1367 1914 ut
1382 1891 1539 1922 magistrum
1552 1891 1700 1923 theologiae
1717 1892 1785 1915 sicut
1799 1893 1865 1916 ulios
1878 1893 2008 1918 videmus.
2025 1894 2083 1918 Vid.
2099 1898 2150 1917 n¹¹¹¹²
2163 1895 2232 1918 1679.
2245 1895 2309 1927 Opi-

447 1940 539 1955 nnmur
554 1933 641 1963 ipsum
661 1941 718 1956 esse
739 1934 849 1956 eundem
866 1934 1022 1965 magistrum
1042 1934 1136 1964 Paris„
1156 1935 1199 1966 qui
1222 1935 1381 1958 Clementem
1401 1944 1442 1959 an.
1465 1936 1525 1959 1394
1545 1939 1604 1959 ante
1625 1937 1759 1968 Septemb.
1781 1938 1918 1961 certiorem
1940 1939 2008 1968 fecit,
2030 1949 2043 1960 α
2066 1939 2135 1970 quod
2155 1939 2249 1963 amodo
2268 1939 2310 1964 vel

446 1977 559 2008 amplius
573 1985 623 2000 non
638 1981 742 2008 poterut
757 1978 844 2009 ipsum
859 1978 996 2001 defendere
1013 1989 1026 2000 υ
1041 1979 1127 2008 (Arch.
1144 1980 1211 2007 vu,
1227 1988 1292 2002 arm.
1307 1981 1346 2010 54,
1362 1984 1390 2003 n⁰
1406 1981 1444 2010 25,
1465 1981 1509 2004 sol.
1520 1982 1558 2004 20.
1573 1981 1630 2004 Vid.
1644 1982 1782 2013 Raynald„
1797 1983 1866 2012 1394,
1878 1987 1906 2005 n⁰
1920 1984 1944 2012 4,
1959 1987 1985 2007 et
1997 1983 2067 2007 infra
2083 1987 2112 2006 11⁰
2126 1984 2195 2013 1693,
2208 1987 2261 2009 not.
2275 1985 2308 2014 2),

446 2029 504 2043 cum
521 2021 639 2045 Clemens
654 2023 698 2045 Vll
715 2030 756 2045 an.
774 2023 834 2045 1393
845 2023 867 2046 ei
883 2023 1042 2054 scripsisset,
1060 2033 1072 2045 α
1088 2027 1116 2047 ut
1127 2027 1230 2055 partem
1246 2033 1320 2047 suam
1334 2026 1433 2048 foveret
1448 2035 1470 2048 υ.

452 2187 591 2224 1668.
615 2198 753 2223 Hem-icus
769 2198 804 2224 de
817 2199 935 2233 Ilassia,
953 2208 977 2225 s.
995 2199 1155 2233 theologiae
1170 2202 1319 2235 professor
1342 2201 1540 2226 Universitatis
1562 2201 1792 2236 Wndohonensss,
1811 2211 1924 2228 carmen
1942 2203 2084 2230 invectiva
2099 2205 2200 2229 contra
2219 2211 2308 2230 mon-

535 2248 630 2272 strum
645 2247 797 2281 Babylonis
811 2257 861 2273 seu
877 2248 1001 2274 Carmen
1016 2256 1069 2282 pro
1083 2256 1153 2282 pace
1164 2249 1274 2284 publici
1281 2250 1358 2285 juris
1373 2250 1456 2284 facit.

1645 2300 1720 2328 1393.
1736 2301 1804 2326 durtii
1817 2301 1844 2330 8,
1862 2300 2023 2327 Vindobona.

540 2382 631 2404 Notum
647 2383 772 2413 temporis
789 2384 896 2407 adduxit
911 2385 968 2414 Pez,
983 2385 1060 2410 Thes.
1073 2387 1170 2410 anecd.
1181 2393 1255 2416 nov„
1273 2387 1292 2414 l,
1306 2387 1377 2418 [sag.
1389 2396 1415 2418 p.
1432 2395 1527 2411 Lxxxx:
1543 2397 1556 2408 «
1572 2395 1614 2410 an.
1629 2388 1702 2410 Dom.
1714 2387 1958 2417 MCCCLxxxxul,
1972 2388 2092 2419 proxima
2104 2388 2235 2412 dominica
2248 2392 2310 2420 post

450 2425 544 2447 festum
562 2425 684 2456 Corporis
703 2427 809 2456 Christi,
825 2428 890 2451 hora
906 2430 1069 2460 completorii
1085 2440 1107 2453 u.
1124 2431 1160 2454 De
1175 2431 1255 2454 rnssm
1275 2431 1328 2454 vid.
1352 2432 1453 2459 Pastor,
1477 2432 1569 2456 Gesch.
1588 2433 1638 2455 der
1657 2432 1768 2462 Pdpste,
1786 2433 1804 2460 1,
1826 2433 1852 2455 2·
1871 2432 1922 2460 ed.,
1942 2441 1969 2463 p.
1989 2433 2035 2455 688
2055 2441 2094 2464 sq.
2115 2433 2153 2456 Ad
2173 2433 2236 2457 haec
2253 2433 2307 2459 vid.

450 2469 567 2499 Amplon.
583 2478 645 2493 mss.
663 2470 693 2497 Q.
711 2471 732 2498 2,
749 2472 792 2495 fol.
809 2473 851 2500 04;
868 2473 898 2500 Q.
917 2473 967 2503 148,
982 2475 1026 2497 fol.
1043 2476 1080 2497 59.
1100 2475 1206 2498 Editum
1223 2479 1263 2498 est
1278 2484 1372 2507 poema
1385 2484 1400 2499 a
1418 2477 1472 2499 Von
1483 2476 1529 2499 der
1545 2476 1635 2505 Hardt,
1656 2476 1820 2506 Helmstadii,
1834 2477 1904 2500 1715.
1919 2476 2081 2508 Principium
2095 2477 2224 2509 poematis
2236 2478 2307 2502 ibid.

449 2513 634 2542 desideratum,
649 2515 701 2537 vid.
718 2516 787 2546 apud
801 2517 892 2546 Kneer,
908 2518 961 2541 Die
978 2518 1158 2549 Entstehwny
1173 2521 1222 2543 der
1235 2520 1425 2544 Konziliaren
1443 2521 1565 2548 Theorie,
1581 2529 1608 2552 p.
1628 2521 1681 2544 127.
1703 2521 1799 2544 Auctor
1814 2529 1911 2549 omnes,
1930 2521 2062 2552 imprimis
2078 2521 2264 2553 imperatorem
2284 2525 2309 2546 et

449 2565 537 2588 regem
553 2558 719 2586 Francorum,
737 2560 859 2583 admonet
876 2564 904 2584 ut
918 2562 1037 2586 laborent
1048 2564 1081 2586 ad
1094 2564 1216 2587 unionem
1229 2564 1363 2589 ecclesiae.
1380 2566 1431 2589 Via
1443 2566 1513 2595 facti
1528 2565 1569 2588 hic
1584 2565 1663 2588 etiam
1674 2568 1702 2588 ut
1713 2573 1755 2588 an.
1766 2565 1825 2588 1381
1837 2565 1992 2589 excluditur.
2005 2566 2074 2589 Duas
2085 2566 2141 2590 vias
2152 2567 2309 2598 praesertim

449 2601 581 2632 proponit,
596 2602 665 2625 vium
682 2604 799 2627 eoncilia·
813 2606 961 2635 gwnerulis,
977 2610 1002 2629 et
1016 2608 1092 2631 viam
1107 2608 1239 2633 cessionis
1253 2610 1411 2633 amborum.
1430 2609 1562 2637 Quantum
1578 2610 1610 2632 ad
1625 2609 1692 2632 hanc
1710 2610 1849 2632 secundam
1867 2610 1976 2633 scribit:

978 2678 1017 2701 Qui
1031 2679 1090 2702 prius
1104 2680 1144 2699 hoc
1158 2680 1246 2704 faceret,
1262 2680 1347 2700 christo
1361 2681 1497 2704 gratissimus
1511 2682 1573 2701 esset.

976 2718 1091 2742 Promptus
1105 2720 1132 2738 ad
1147 2720 1187 2739 hoe
1201 2720 1304 2744 placibum
1319 2721 1348 2740 sit
1361 2721 1451 2745 quilibet
1466 2726 1517 2745 ergo
1531 2721 1630 2742 duorum.

978 2758 1018 2776 Sed
1032 2759 1081 2781 quia
1096 2760 1190 2779 cedendo
1202 2760 1236 2784 jus
1250 2766 1305 2779 unns
1319 2766 1363 2780 non
1378 2761 1439 2780 daret
1453 2761 1511 2785 altri,

978 2798 1041 2816 Ambo
1056 2799 1152 2818 desistant
1168 2801 1252 2820 εἰεοτί...ι

543 2867 612 2890 Inter
628 2867 768 2890 Henricum
783 2868 814 2891 de
828 2869 921 2892 Hassia
937 2873 962 2893 et
976 2871 1181 2896 Universitatem
1197 2873 1280 2897 Paris.
1299 2874 1447 2897 litterarum
1465 2874 1649 2898 commercium
1665 2875 1791 2906 viguisse,
1810 2878 1922 2907 apparet
1936 2883 1949 2899 e
1961 2875 1995 2899 11¹¹
2011 2876 2078 2907 1569,
2096 2876 2166 2906 1695,
2182 2881 2230 2902 etc.
