<?xml version="1.0" encoding="UTF-8"?>
<!DOCTYPE html PUBLIC "-//W3C//DTD XHTML 1.0 Transitional//EN"
    "http://www.w3.org/TR/xhtml1/DTD/xhtml1-transitional.dtd">
<html xmlns="http://www.w3.org/1999/xhtml" xml:lang="en" lang="en">
 <head>
  <title>
</title>
<meta http-equiv="Content-Type" content="text/html;charset=utf-8" />
  <meta name='ocr-system' content='tesseract 3.04.00' />
  <meta name='ocr-capabilities' content='ocr_page ocr_carea ocr_par ocr_line ocrx_word'/>
</head>
<body>
  <div class='ocr_page' id='page_1' title='image "auctariumchartul03univuoft_0374.png"; bbox 0 0 2488 3386; ppageno 0'>
   <div class='ocr_carea' id='block_1_1' title="bbox 431 328 2293 368">
    <p class='ocr_par' dir='ltr' id='par_1_1' title="bbox 431 328 2293 368">
     <span class='ocr_line' id='line_1_1' title="bbox 431 328 2293 368; baseline -0.004 0"><span class='ocrx_word' id='word_1_1' title='bbox 431 337 496 368; x_wconf 82' lang='lat'>326</span> <span class='ocrx_word' id='word_1_2' title='bbox 1010 342 1325 365; x_wconf 70' lang='lat' dir='ltr'>CHARTULARHJM</span> <span class='ocrx_word' id='word_1_3' title='bbox 1362 342 1550 363; x_wconf 67' lang='lat' dir='ltr'>UN1vssas.</span> <span class='ocrx_word' id='word_1_4' title='bbox 1590 342 1711 363; x_wconf 53' lang='lat' dir='ltr'>Panis.</span> <span class='ocrx_word' id='word_1_5' title='bbox 2190 328 2293 366; x_wconf 78' lang='lat'>[1384</span> 
     </span>
    </p>
   </div>
   <div class='ocr_carea' id='block_1_2' title="bbox 429 415 2294 994">
    <p class='ocr_par' dir='ltr' id='par_1_2' title="bbox 431 415 2294 583">
     <span class='ocr_line' id='line_1_2' title="bbox 520 415 2294 461; baseline -0.001 -11"><span class='ocrx_word' id='word_1_6' title='bbox 520 420 605 450; x_wconf 86' lang='lat' dir='ltr'>Item</span> <span class='ocrx_word' id='word_1_7' title='bbox 629 429 708 450; x_wconf 86' lang='lat' dir='ltr'>sera</span> <span class='ocrx_word' id='word_1_8' title='bbox 730 417 779 449; x_wconf 89' lang='lat' dir='ltr'>dit</span> <span class='ocrx_word' id='word_1_9' title='bbox 808 429 876 461; x_wconf 89' lang='lat' dir='ltr'>que</span> <span class='ocrx_word' id='word_1_10' title='bbox 904 416 992 449; x_wconf 90' lang='lat' dir='ltr'>ledit</span> <span class='ocrx_word' id='word_1_11' title='bbox 1018 416 1169 448; x_wconf 87' lang='lat' dir='ltr'>messire</span> <span class='ocrx_word' id='word_1_12' title='bbox 1197 417 1329 459; x_wconf 88' lang='lat' dir='ltr'>Jaques</span> <span class='ocrx_word' id='word_1_13' title='bbox 1351 427 1396 447; x_wconf 90' lang='lat' dir='ltr'>en</span> <span class='ocrx_word' id='word_1_14' title='bbox 1417 426 1484 447; x_wconf 87' lang='lat' dir='ltr'>son</span> <span class='ocrx_word' id='word_1_15' title='bbox 1506 415 1558 447; x_wconf 89' lang='lat' dir='ltr'>dit.</span> <span class='ocrx_word' id='word_1_16' title='bbox 1588 415 1687 459; x_wconf 73' lang='lat' dir='ltr'>privo</span> <span class='ocrx_word' id='word_1_17' title='bbox 1716 427 1798 447; x_wconf 94' lang='lat' dir='ltr'>nom</span> <span class='ocrx_word' id='word_1_18' title='bbox 1826 427 1870 447; x_wconf 90' lang='lat' dir='ltr'>ne</span> <span class='ocrx_word' id='word_1_19' title='bbox 1896 415 1957 448; x_wconf 86' lang='lat' dir='ltr'>fait</span> <span class='ocrx_word' id='word_1_20' title='bbox 1984 417 2002 448; x_wconf 79' lang='lat' dir='ltr'>a</span> <span class='ocrx_word' id='word_1_21' title='bbox 2023 415 2186 448; x_wconf 87' lang='lat' dir='ltr'>recevoir</span> <span class='ocrx_word' id='word_1_22' title='bbox 2207 423 2242 449; x_wconf 85' lang='lat' dir='ltr'>et</span> <span class='ocrx_word' id='word_1_23' title='bbox 2261 416 2294 449; x_wconf 90' lang='lat' dir='ltr'>le</span> 
     </span>
     <span class='ocr_line' id='line_1_3' title="bbox 431 481 2293 528; baseline -0.001 -11"><span class='ocrx_word' id='word_1_24' title='bbox 431 484 714 528; x_wconf 87' lang='lat' dir='ltr'>condampne&#39;la</span> <span class='ocrx_word' id='word_1_25' title='bbox 742 490 845 516; x_wconf 88' lang='lat' dir='ltr'>court</span> <span class='ocrx_word' id='word_1_26' title='bbox 871 495 909 516; x_wconf 88' lang='lat' dir='ltr'>es</span> <span class='ocrx_word' id='word_1_27' title='bbox 935 483 1094 527; x_wconf 88' lang='lat' dir='ltr'>despens</span> <span class='ocrx_word' id='word_1_28' title='bbox 1125 481 1250 514; x_wconf 87' lang='lat' dir='ltr'>desdiz</span> <span class='ocrx_word' id='word_1_29' title='bbox 1277 481 1447 514; x_wconf 88' lang='lat' dir='ltr'>docteurs</span> <span class='ocrx_word' id='word_1_30' title='bbox 1471 488 1505 514; x_wconf 87' lang='lat' dir='ltr'>et</span> <span class='ocrx_word' id='word_1_31' title='bbox 1536 481 1678 526; x_wconf 78' lang='lat' dir='ltr'>college</span> <span class='ocrx_word' id='word_1_32' title='bbox 1706 481 1750 514; x_wconf 92' lang='lat' dir='ltr'>de</span> <span class='ocrx_word' id='word_1_33' title='bbox 1781 481 1889 514; x_wconf 86' lang='lat' dir='ltr'>ladite</span> <span class='ocrx_word' id='word_1_34' title='bbox 1919 481 2063 522; x_wconf 67' lang='lat' dir='ltr'>faculte‚</span> <span class='ocrx_word' id='word_1_35' title='bbox 2086 481 2118 515; x_wconf 88' lang='lat' dir='ltr'>la</span> <span class='ocrx_word' id='word_1_36' title='bbox 2139 483 2293 517; x_wconf 83' lang='lat' dir='ltr'>taxation</span> 
     </span>
     <span class='ocr_line' id='line_1_4' title="bbox 432 551 632 583; baseline -0.005 0"><span class='ocrx_word' id='word_1_37' title='bbox 432 551 632 583; x_wconf 78' lang='lat' dir='ltr'>reservee¹.</span> 
     </span>
    </p>

    <p class='ocr_par' dir='ltr' id='par_1_3' title="bbox 430 614 2294 792">
     <span class='ocr_line' id='line_1_5' title="bbox 520 614 2294 660; baseline -0.001 -11"><span class='ocrx_word' id='word_1_38' title='bbox 520 618 605 649; x_wconf 85' lang='lat' dir='ltr'><strong>Item</strong></span> <span class='ocrx_word' id='word_1_39' title='bbox 628 616 653 648; x_wconf 88' lang='lat' dir='ltr'>il</span> <span class='ocrx_word' id='word_1_40' title='bbox 674 628 753 648; x_wconf 86' lang='lat' dir='ltr'>sera</span> <span class='ocrx_word' id='word_1_41' title='bbox 775 616 827 648; x_wconf 90' lang='lat' dir='ltr'>dit</span> <span class='ocrx_word' id='word_1_42' title='bbox 847 628 916 660; x_wconf 92' lang='lat' dir='ltr'>que</span> <span class='ocrx_word' id='word_1_43' title='bbox 938 615 1050 648; x_wconf 87' lang='lat' dir='ltr'>lesdiz</span> <span class='ocrx_word' id='word_1_44' title='bbox 1072 615 1242 648; x_wconf 87' lang='lat' dir='ltr'>docteurs</span> <span class='ocrx_word' id='word_1_45' title='bbox 1264 621 1299 647; x_wconf 91' lang='lat' dir='ltr'>ct</span> <span class='ocrx_word' id='word_1_46' title='bbox 1318 614 1461 659; x_wconf 80' lang='lat' dir='ltr'>college</span> <span class='ocrx_word' id='word_1_47' title='bbox 1483 615 1527 647; x_wconf 93' lang='lat' dir='ltr'>de</span> <span class='ocrx_word' id='word_1_48' title='bbox 1548 614 1679 647; x_wconf 89' lang='lat' dir='ltr'>ladicte</span> <span class='ocrx_word' id='word_1_49' title='bbox 1701 614 1831 647; x_wconf 74' lang='lat' dir='ltr'>faculte</span> <span class='ocrx_word' id='word_1_50' title='bbox 1853 621 1936 648; x_wconf 89' lang='lat' dir='ltr'>sont</span> <span class='ocrx_word' id='word_1_51' title='bbox 1956 614 2041 647; x_wconf 89' lang='lat' dir='ltr'>bien</span> <span class='ocrx_word' id='word_1_52' title='bbox 2063 621 2098 648; x_wconf 87' lang='lat' dir='ltr'>et</span> <span class='ocrx_word' id='word_1_53' title='bbox 2122 615 2294 649; x_wconf 90' lang='lat' dir='ltr'>deument</span> 
     </span>
     <span class='ocr_line' id='line_1_6' title="bbox 432 681 2292 726; baseline 0 -11"><span class='ocrx_word' id='word_1_54' title='bbox 432 683 560 715; x_wconf 89' lang='lat' dir='ltr'>fondez</span> <span class='ocrx_word' id='word_1_55' title='bbox 585 689 620 715; x_wconf 92' lang='lat' dir='ltr'>et</span> <span class='ocrx_word' id='word_1_56' title='bbox 646 683 720 714; x_wconf 92' lang='lat' dir='ltr'>font</span> <span class='ocrx_word' id='word_1_57' title='bbox 747 695 765 714; x_wconf 92' lang='lat' dir='ltr'>a</span> <span class='ocrx_word' id='word_1_58' title='bbox 786 682 951 715; x_wconf 87' lang='lat' dir='ltr'>reccvoir</span> <span class='ocrx_word' id='word_1_59' title='bbox 971 681 1143 714; x_wconf 81' lang='lat' dir='ltr'>lesdictes</span> <span class='ocrx_word' id='word_1_60' title='bbox 1162 681 1308 726; x_wconf 74' lang='lat' dir='ltr'>parties,</span> <span class='ocrx_word' id='word_1_61' title='bbox 1337 687 1369 713; x_wconf 90' lang='grc'>01</span> <span class='ocrx_word' id='word_1_62' title='bbox 1401 687 1484 713; x_wconf 85' lang='grc'><strong>50111</strong></span> <span class='ocrx_word' id='word_1_63' title='bbox 1511 681 1711 714; x_wconf 77' lang='lat' dir='ltr'>contraires</span> <span class='ocrx_word' id='word_1_64' title='bbox 1740 688 1775 714; x_wconf 88' lang='lat' dir='ltr'>et</span> <span class='ocrx_word' id='word_1_65' title='bbox 1795 693 1839 715; x_wconf 89' lang='lat' dir='ltr'>ne</span> <span class='ocrx_word' id='word_1_66' title='bbox 1866 688 1978 726; x_wconf 87' lang='lat' dir='ltr'>puent</span> <span class='ocrx_word' id='word_1_67' title='bbox 1993 688 2090 714; x_wconf 84' lang='lat' dir='ltr'>estre</span> <span class='ocrx_word' id='word_1_68' title='bbox 2111 681 2292 715; x_wconf 71' lang='lat' dir='ltr'>delivrces</span> 
     </span>
     <span class='ocr_line' id='line_1_7' title="bbox 430 747 1972 792; baseline -0.001 -10"><span class='ocrx_word' id='word_1_69' title='bbox 430 761 515 782; x_wconf 88' lang='lat' dir='ltr'>senz</span> <span class='ocrx_word' id='word_1_70' title='bbox 536 749 613 789; x_wconf 71' lang='lat' dir='ltr'>saiz,</span> <span class='ocrx_word' id='word_1_71' title='bbox 638 749 669 781; x_wconf 91' lang='lat' dir='ltr'>si</span> <span class='ocrx_word' id='word_1_72' title='bbox 690 749 742 781; x_wconf 91' lang='grc'>105</span> <span class='ocrx_word' id='word_1_73' title='bbox 763 749 900 785; x_wconf 79' lang='grc'><strong>1“01·0111;</strong></span> <span class='ocrx_word' id='word_1_74' title='bbox 924 755 958 780; x_wconf 87' lang='grc'>01</span> <span class='ocrx_word' id='word_1_75' title='bbox 978 748 1179 792; x_wconf 80' lang='lat' dir='ltr'>l&#39;enqueste</span> <span class='ocrx_word' id='word_1_76' title='bbox 1201 748 1292 780; x_wconf 87' lang='lat' dir='ltr'>fectc</span> <span class='ocrx_word' id='word_1_77' title='bbox 1314 754 1348 779; x_wconf 90' lang='grc'>01</span> <span class='ocrx_word' id='word_1_78' title='bbox 1368 751 1573 792; x_wconf 73' lang='lat' dir='ltr'>rapportce‚</span> <span class='ocrx_word' id='word_1_79' title='bbox 1595 747 1627 780; x_wconf 86' lang='lat' dir='ltr'>la</span> <span class='ocrx_word' id='word_1_80' title='bbox 1648 754 1751 780; x_wconf 88' lang='lat' dir='ltr'>court</span> <span class='ocrx_word' id='word_1_81' title='bbox 1771 748 1844 780; x_wconf 85' lang='lat' dir='ltr'>fera</span> <span class='ocrx_word' id='word_1_82' title='bbox 1866 748 1972 780; x_wconf 85' lang='lat' dir='ltr'>droit.</span> 
     </span>
    </p>

    <p class='ocr_par' dir='ltr' id='par_1_4' title="bbox 429 813 2294 994">
     <span class='ocr_line' id='line_1_8' title="bbox 519 813 2294 859; baseline 0.001 -12"><span class='ocrx_word' id='word_1_83' title='bbox 519 816 620 855; x_wconf 82' lang='lat' dir='ltr'>Item,</span> <span class='ocrx_word' id='word_1_84' title='bbox 642 815 666 847; x_wconf 93' lang='lat' dir='ltr'>il</span> <span class='ocrx_word' id='word_1_85' title='bbox 688 827 766 847; x_wconf 87' lang='lat' dir='ltr'>sera</span> <span class='ocrx_word' id='word_1_86' title='bbox 791 815 843 847; x_wconf 86' lang='lat' dir='ltr'>dit</span> <span class='ocrx_word' id='word_1_87' title='bbox 863 821 972 859; x_wconf 83' lang='lat' dir='ltr'>quant</span> <span class='ocrx_word' id='word_1_88' title='bbox 997 817 1014 846; x_wconf 80' lang='lat' dir='ltr'>a</span> <span class='ocrx_word' id='word_1_89' title='bbox 1035 814 1066 846; x_wconf 87' lang='lat' dir='ltr'>la</span> <span class='ocrx_word' id='word_1_90' title='bbox 1091 825 1281 846; x_wconf 80' lang='lat' dir='ltr'>rccreance</span> <span class='ocrx_word' id='word_1_91' title='bbox 1303 813 1368 846; x_wconf 91' lang='lat' dir='ltr'>des</span> <span class='ocrx_word' id='word_1_92' title='bbox 1391 813 1522 846; x_wconf 81' lang='lat' dir='ltr'>choses</span> <span class='ocrx_word' id='word_1_93' title='bbox 1543 814 1816 848; x_wconf 86' lang='lat' dir='ltr'>contentieuscs</span> <span class='ocrx_word' id='word_1_94' title='bbox 1837 826 1906 859; x_wconf 91' lang='lat' dir='ltr'>que</span> <span class='ocrx_word' id='word_1_95' title='bbox 1933 814 2046 847; x_wconf 90' lang='lat' dir='ltr'>lesdiz</span> <span class='ocrx_word' id='word_1_96' title='bbox 2067 815 2237 848; x_wconf 87' lang='lat' dir='ltr'>docteurs</span> <span class='ocrx_word' id='word_1_97' title='bbox 2259 822 2294 849; x_wconf 89' lang='lat' dir='ltr'>et</span> 
     </span>
     <span class='ocr_line' id='line_1_9' title="bbox 431 880 2294 926; baseline 0.001 -12"><span class='ocrx_word' id='word_1_98' title='bbox 431 881 570 926; x_wconf 78' lang='lat' dir='ltr'>college</span> <span class='ocrx_word' id='word_1_99' title='bbox 593 882 636 914; x_wconf 88' lang='lat' dir='ltr'>de</span> <span class='ocrx_word' id='word_1_100' title='bbox 658 881 764 914; x_wconf 84' lang='lat' dir='ltr'>ladite</span> <span class='ocrx_word' id='word_1_101' title='bbox 786 881 915 913; x_wconf 66' lang='lat' dir='ltr'>faculte</span> <span class='ocrx_word' id='word_1_102' title='bbox 938 881 1092 925; x_wconf 88' lang='lat' dir='ltr'>pendant</span> <span class='ocrx_word' id='word_1_103' title='bbox 1116 880 1147 912; x_wconf 88' lang='grc'>10</span> <span class='ocrx_word' id='word_1_104' title='bbox 1170 880 1243 925; x_wconf 89' lang='lat' dir='ltr'>plet</span> <span class='ocrx_word' id='word_1_105' title='bbox 1265 887 1299 912; x_wconf 87' lang='lat' dir='ltr'>ct</span> <span class='ocrx_word' id='word_1_106' title='bbox 1318 880 1443 913; x_wconf 88' lang='lat' dir='ltr'>aussin</span> <span class='ocrx_word' id='word_1_107' title='bbox 1461 892 1551 913; x_wconf 84' lang='lat' dir='ltr'>ceux</span> <span class='ocrx_word' id='word_1_108' title='bbox 1568 880 1612 913; x_wconf 91' lang='lat' dir='ltr'>de</span> <span class='ocrx_word' id='word_1_109' title='bbox 1634 880 1795 925; x_wconf 89' lang='lat' dir='ltr'>chapitre</span> <span class='ocrx_word' id='word_1_110' title='bbox 1813 881 2032 914; x_wconf 85' lang='lat' dir='ltr'>demandent</span> <span class='ocrx_word' id='word_1_111' title='bbox 2051 894 2122 926; x_wconf 91' lang='lat' dir='ltr'>que</span> <span class='ocrx_word' id='word_1_112' title='bbox 2142 882 2174 915; x_wconf 87' lang='lat' dir='ltr'>la</span> <span class='ocrx_word' id='word_1_113' title='bbox 2190 889 2294 917; x_wconf 91' lang='lat' dir='ltr'>court</span> 
     </span>
     <span class='ocr_line' id='line_1_10' title="bbox 429 946 2292 994; baseline 0.001 -14"><span class='ocrx_word' id='word_1_114' title='bbox 429 960 450 992; x_wconf 85' lang='lat' dir='ltr'>y</span> <span class='ocrx_word' id='word_1_115' title='bbox 471 960 555 980; x_wconf 87' lang='lat' dir='ltr'>aura</span> <span class='ocrx_word' id='word_1_116' title='bbox 583 947 663 992; x_wconf 88' lang='lat' dir='ltr'>plus</span> <span class='ocrx_word' id='word_1_117' title='bbox 684 954 788 992; x_wconf 85' lang='lat' dir='ltr'>grant</span> <span class='ocrx_word' id='word_1_118' title='bbox 808 947 921 987; x_wconf 75' lang='lat' dir='ltr'>adviz,</span> <span class='ocrx_word' id='word_1_119' title='bbox 946 954 980 979; x_wconf 90' lang='lat' dir='ltr'>et</span> <span class='ocrx_word' id='word_1_120' title='bbox 1000 953 1139 992; x_wconf 86' lang='lat' dir='ltr'>permet</span> <span class='ocrx_word' id='word_1_121' title='bbox 1166 946 1197 979; x_wconf 88' lang='lat' dir='ltr'>la</span> <span class='ocrx_word' id='word_1_122' title='bbox 1219 953 1322 979; x_wconf 86' lang='lat' dir='ltr'>court</span> <span class='ocrx_word' id='word_1_123' title='bbox 1342 959 1410 979; x_wconf 87' lang='lat' dir='ltr'>aux</span> <span class='ocrx_word' id='word_1_124' title='bbox 1431 947 1601 980; x_wconf 89' lang='lat' dir='ltr'>docteurs</span> <span class='ocrx_word' id='word_1_125' title='bbox 1628 947 1671 980; x_wconf 93' lang='lat' dir='ltr'>de</span> <span class='ocrx_word' id='word_1_126' title='bbox 1698 947 1827 980; x_wconf 77' lang='lat' dir='ltr'>ladictc</span> <span class='ocrx_word' id='word_1_127' title='bbox 1848 947 1979 980; x_wconf 77' lang='lat' dir='ltr'>faculte</span> <span class='ocrx_word' id='word_1_128' title='bbox 2001 954 2036 980; x_wconf 90' lang='lat' dir='ltr'>et</span> <span class='ocrx_word' id='word_1_129' title='bbox 2060 948 2197 981; x_wconf 85' lang='lat' dir='ltr'>ordene</span> <span class='ocrx_word' id='word_1_130' title='bbox 2223 961 2292 994; x_wconf 92' lang='lat' dir='ltr'>que</span> 
     </span>
    </p>
   </div>
   <div class='ocr_carea' id='block_1_3' title="bbox 431 1012 2066 1059">
    <p class='ocr_par' dir='ltr' id='par_1_5' title="bbox 431 1012 2066 1059">
     <span class='ocr_line' id='line_1_11' title="bbox 431 1012 2066 1059; baseline 0.001 -13"><span class='ocrx_word' id='word_1_131' title='bbox 431 1014 596 1058; x_wconf 89' lang='lat' dir='ltr'>puissent</span> <span class='ocrx_word' id='word_1_132' title='bbox 616 1014 791 1058; x_wconf 89' lang='lat' dir='ltr'>proceder</span> <span class='ocrx_word' id='word_1_133' title='bbox 808 1016 825 1046; x_wconf 78' lang='lat' dir='ltr'>a</span> <span class='ocrx_word' id='word_1_134' title='bbox 845 1013 977 1046; x_wconf 83' lang='lat' dir='ltr'>lection</span> <span class='ocrx_word' id='word_1_135' title='bbox 999 1013 1063 1046; x_wconf 90' lang='lat' dir='ltr'>des</span> <span class='ocrx_word' id='word_1_136' title='bbox 1084 1012 1287 1046; x_wconf 89' lang='lat' dir='ltr'>bacheliers</span> <span class='ocrx_word' id='word_1_137' title='bbox 1309 1015 1327 1046; x_wconf 75' lang='grc' dir='ltr'><strong>ὸ</strong></span> <span class='ocrx_word' id='word_1_138' title='bbox 1347 1013 1514 1046; x_wconf 86' lang='lat' dir='ltr'>licentier</span> <span class='ocrx_word' id='word_1_139' title='bbox 1535 1025 1619 1046; x_wconf 87' lang='lat' dir='ltr'>senz</span> <span class='ocrx_word' id='word_1_140' title='bbox 1640 1013 1729 1047; x_wconf 90' lang='lat' dir='ltr'>ledit</span> <span class='ocrx_word' id='word_1_141' title='bbox 1750 1014 1902 1046; x_wconf 85' lang='lat' dir='ltr'>messire</span> <span class='ocrx_word' id='word_1_142' title='bbox 1921 1015 2066 1059; x_wconf 86' lang='lat' dir='ltr'>Jaques.</span> 
     </span>
    </p>
   </div>
   <div class='ocr_carea' id='block_1_4' title="bbox 520 1123 1332 1153">
    <p class='ocr_par' dir='ltr' id='par_1_6' title="bbox 520 1123 1332 1153">
     <span class='ocr_line' id='line_1_12' title="bbox 520 1123 1332 1153; baseline -0.001 -6"><span class='ocrx_word' id='word_1_143' title='bbox 520 1125 597 1148; x_wconf 81' lang='lat' dir='ltr'>Arch.</span> <span class='ocrx_word' id='word_1_144' title='bbox 613 1128 665 1147; x_wconf 82' lang='lat' dir='ltr'>nat.</span> <span class='ocrx_word' id='word_1_145' title='bbox 683 1125 765 1147; x_wconf 72' lang='lat' dir='ltr'>Paris.</span> <span class='ocrx_word' id='word_1_146' title='bbox 783 1125 825 1147; x_wconf 69' lang='grc' dir='ltr'>ΧἸΙ</span> <span class='ocrx_word' id='word_1_147' title='bbox 843 1124 911 1147; x_wconf 67' lang='grc'><strong>1472,</strong></span> <span class='ocrx_word' id='word_1_148' title='bbox 929 1125 1019 1153; x_wconf 79' lang='lat' dir='ltr'>(Cons.</span> <span class='ocrx_word' id='word_1_149' title='bbox 1033 1129 1057 1148; x_wconf 73' lang='lat' dir='ltr'>et</span> <span class='ocrx_word' id='word_1_150' title='bbox 1070 1123 1185 1153; x_wconf 72' lang='lat' dir='ltr'>Plaicl.)‚</span> <span class='ocrx_word' id='word_1_151' title='bbox 1200 1124 1243 1147; x_wconf 82' lang='lat' dir='ltr'>fol.</span> <span class='ocrx_word' id='word_1_152' title='bbox 1262 1124 1332 1147; x_wconf 68' lang='lat'>17111.</span> 
     </span>
    </p>
   </div>
   <div class='ocr_carea' id='block_1_5' title="bbox 521 1221 1918 1253">
    <p class='ocr_par' dir='ltr' id='par_1_7' title="bbox 521 1221 1918 1253">
     <span class='ocr_line' id='line_1_13' title="bbox 521 1221 1918 1253; baseline 0.001 -10"><span class='ocrx_word' id='word_1_153' title='bbox 521 1222 542 1244; x_wconf 79' lang='lat'>1.</span> <span class='ocrx_word' id='word_1_154' title='bbox 560 1222 586 1243; x_wconf 91' lang='lat' dir='ltr'>In</span> <span class='ocrx_word' id='word_1_155' title='bbox 603 1221 720 1252; x_wconf 78' lang='lat' dir='ltr'>margine</span> <span class='ocrx_word' id='word_1_156' title='bbox 735 1229 739 1243; x_wconf 90' lang='lat'>:</span> <span class='ocrx_word' id='word_1_157' title='bbox 761 1230 770 1243; x_wconf 75' lang='lat' dir='ltr'>n</span> <span class='ocrx_word' id='word_1_158' title='bbox 788 1221 989 1252; x_wconf 81' lang='lat' dir='ltr'>pronunciatum</span> <span class='ocrx_word' id='word_1_159' title='bbox 1006 1221 1057 1253; x_wconf 83' lang='lat' dir='ltr'>xxij</span> <span class='ocrx_word' id='word_1_160' title='bbox 1073 1221 1181 1252; x_wconf 79' lang='lat' dir='ltr'>Aprilis,</span> <span class='ocrx_word' id='word_1_161' title='bbox 1195 1221 1356 1252; x_wconf 82' lang='lat' dir='ltr'>octogesimo</span> <span class='ocrx_word' id='word_1_162' title='bbox 1374 1224 1477 1252; x_wconf 83' lang='lat' dir='ltr'>quarto.</span> <span class='ocrx_word' id='word_1_163' title='bbox 1493 1221 1595 1244; x_wconf 60' lang='lat' dir='ltr'>consue</span> <span class='ocrx_word' id='word_1_164' title='bbox 1610 1230 1632 1245; x_wconf 80' lang='lat'>».</span> <span class='ocrx_word' id='word_1_165' title='bbox 1649 1221 1706 1246; x_wconf 85' lang='lat' dir='ltr'>Vid.</span> <span class='ocrx_word' id='word_1_166' title='bbox 1722 1222 1790 1245; x_wconf 80' lang='lat' dir='ltr'>infra</span> <span class='ocrx_word' id='word_1_167' title='bbox 1807 1227 1836 1245; x_wconf 83' lang='lat' dir='ltr'>n0</span> <span class='ocrx_word' id='word_1_168' title='bbox 1850 1223 1918 1246; x_wconf 70' lang='lat'>1488.</span> 
     </span>
    </p>
   </div>
   <div class='ocr_carea' id='block_1_6' title="bbox 432 1413 2005 1552">
    <p class='ocr_par' dir='ltr' id='par_1_8' title="bbox 432 1413 2005 1552">
     <span class='ocr_line' id='line_1_14' title="bbox 432 1413 1804 1457; baseline 0 -8"><span class='ocrx_word' id='word_1_169' title='bbox 432 1413 571 1450; x_wconf 80' lang='grc'><strong>1488.</strong></span> <span class='ocrx_word' id='word_1_170' title='bbox 599 1422 682 1457; x_wconf 72' lang='lat' dir='ltr'>Origo</span> <span class='ocrx_word' id='word_1_171' title='bbox 699 1422 767 1455; x_wconf 78' lang='lat' dir='ltr'>litis,</span> <span class='ocrx_word' id='word_1_172' title='bbox 786 1431 861 1457; x_wconf 71' lang='lat' dir='ltr'>quae</span> <span class='ocrx_word' id='word_1_173' title='bbox 876 1423 904 1448; x_wconf 87' lang='lat' dir='ltr'>in</span> <span class='ocrx_word' id='word_1_174' title='bbox 920 1423 1001 1448; x_wconf 82' lang='lat' dir='ltr'>curia</span> <span class='ocrx_word' id='word_1_175' title='bbox 1018 1422 1199 1448; x_wconf 74' lang='lat' dir='ltr'>Par-lamenti</span> <span class='ocrx_word' id='word_1_176' title='bbox 1213 1426 1394 1448; x_wconf 75' lang='lat' dir='ltr'>controversa</span> <span class='ocrx_word' id='word_1_177' title='bbox 1411 1427 1516 1453; x_wconf 77' lang='lat' dir='ltr'>manet,</span> <span class='ocrx_word' id='word_1_178' title='bbox 1534 1423 1624 1449; x_wconf 78' lang='lat' dir='ltr'>latius</span> <span class='ocrx_word' id='word_1_179' title='bbox 1640 1427 1804 1449; x_wconf 78' lang='lat' dir='ltr'>enarratur.</span> 
     </span>
     <span class='ocr_line' id='line_1_15' title="bbox 1634 1520 2005 1552; baseline 0.003 -6"><span class='ocrx_word' id='word_1_180' title='bbox 1634 1520 1710 1549; x_wconf 72' lang='lat'><strong><em>1³84.</em></strong></span> <span class='ocrx_word' id='word_1_181' title='bbox 1726 1520 1817 1552; x_wconf 71' lang='lat' dir='ltr'>Aprilis</span> <span class='ocrx_word' id='word_1_182' title='bbox 1831 1520 1875 1549; x_wconf 81' lang='lat'>22,</span> <span class='ocrx_word' id='word_1_183' title='bbox 1891 1520 2005 1547; x_wconf 66' lang='grc' dir='ltr'><em>Ρανίεῐίε.</em></span> 
     </span>
    </p>
   </div>
   <div class='ocr_carea' id='block_1_7' title="bbox 428 1611 2296 2855">
    <p class='ocr_par' dir='ltr' id='par_1_9' title="bbox 428 1611 2296 2855">
     <span class='ocr_line' id='line_1_16' title="bbox 516 1611 2293 1658; baseline 0.002 -14"><span class='ocrx_word' id='word_1_184' title='bbox 516 1611 604 1644; x_wconf 92' lang='lat' dir='ltr'>Cum</span> <span class='ocrx_word' id='word_1_185' title='bbox 634 1611 788 1643; x_wconf 88' lang='lat' dir='ltr'>dilectus</span> <span class='ocrx_word' id='word_1_186' title='bbox 819 1618 853 1643; x_wconf 88' lang='grc'>01</span> <span class='ocrx_word' id='word_1_187' title='bbox 882 1611 1000 1644; x_wconf 84' lang='lat' dir='ltr'>fidelis</span> <span class='ocrx_word' id='word_1_188' title='bbox 1033 1612 1264 1644; x_wconf 79' lang='lat' dir='ltr'>consiliarius</span> <span class='ocrx_word' id='word_1_189' title='bbox 1295 1619 1420 1644; x_wconf 81' lang='lat' dir='ltr'>noster</span> <span class='ocrx_word' id='word_1_190' title='bbox 1445 1619 1480 1644; x_wconf 90' lang='lat' dir='ltr'>et</span> <span class='ocrx_word' id='word_1_191' title='bbox 1511 1613 1682 1657; x_wconf 84' lang='lat' dir='ltr'>magister</span> <span class='ocrx_word' id='word_1_192' title='bbox 1710 1619 1959 1657; x_wconf 72' lang='lat' dir='ltr'>requestarum</span> <span class='ocrx_word' id='word_1_193' title='bbox 1990 1613 2145 1658; x_wconf 88' lang='lat' dir='ltr'>hospicii</span> <span class='ocrx_word' id='word_1_194' title='bbox 2177 1613 2293 1647; x_wconf 79' lang='lat' dir='ltr'>nostri</span> 
     </span>
     <span class='ocr_line' id='line_1_17' title="bbox 428 1677 2293 1726; baseline 0.002 -17"><span class='ocrx_word' id='word_1_195' title='bbox 428 1677 600 1721; x_wconf 82' lang='lat' dir='ltr'>magister</span> <span class='ocrx_word' id='word_1_196' title='bbox 615 1677 770 1710; x_wconf 90' lang='lat' dir='ltr'>Jacobus</span> <span class='ocrx_word' id='word_1_197' title='bbox 792 1677 935 1718; x_wconf 80' lang='lat' dir='ltr'>Divitis,</span> <span class='ocrx_word' id='word_1_198' title='bbox 953 1678 1112 1711; x_wconf 87' lang='lat' dir='ltr'>decanus</span> <span class='ocrx_word' id='word_1_199' title='bbox 1134 1685 1165 1711; x_wconf 88' lang='lat' dir='ltr'>et</span> <span class='ocrx_word' id='word_1_200' title='bbox 1188 1679 1384 1711; x_wconf 84' lang='lat' dir='ltr'>canonicus</span> <span class='ocrx_word' id='word_1_201' title='bbox 1406 1679 1635 1720; x_wconf 65' lang='lat' dir='ltr'>Parisicnsis7</span> <span class='ocrx_word' id='word_1_202' title='bbox 1655 1679 1884 1712; x_wconf 82' lang='lat' dir='ltr'>decretorum</span> <span class='ocrx_word' id='word_1_203' title='bbox 1903 1679 2041 1721; x_wconf 76' lang='lat' dir='ltr'>doctor,</span> <span class='ocrx_word' id='word_1_204' title='bbox 2059 1686 2138 1726; x_wconf 75' lang='lat' dir='ltr'>actu</span> <span class='ocrx_word' id='word_1_205' title='bbox 2161 1692 2293 1725; x_wconf 86' lang='lat' dir='ltr'>regens</span> 
     </span>
     <span class='ocr_line' id='line_1_18' title="bbox 428 1731 2293 1791; baseline 0.003 -16"><span class='ocrx_word' id='word_1_206' title='bbox 428 1743 586 1776; x_wconf 88' lang='lat' dir='ltr'>Parisius</span> <span class='ocrx_word' id='word_1_207' title='bbox 608 1743 643 1775; x_wconf 91' lang='lat' dir='ltr'>in</span> <span class='ocrx_word' id='word_1_208' title='bbox 670 1744 828 1788; x_wconf 83' lang='lat' dir='ltr'>predicta</span> <span class='ocrx_word' id='word_1_209' title='bbox 850 1744 1028 1784; x_wconf 73' lang='lat' dir='ltr'>facultate,</span> <span class='ocrx_word' id='word_1_210' title='bbox 1052 1756 1118 1777; x_wconf 90' lang='lat' dir='ltr'>suo</span> <span class='ocrx_word' id='word_1_211' title='bbox 1140 1745 1285 1778; x_wconf 82' lang='lat' dir='ltr'>nomine</span> <span class='ocrx_word' id='word_1_212' title='bbox 1308 1745 1446 1790; x_wconf 86' lang='lat' dir='ltr'>privato</span> <span class='ocrx_word' id='word_1_213' title='bbox 1468 1752 1504 1778; x_wconf 77' lang='lat' dir='ltr'>et</span> <span class='ocrx_word' id='word_1_214' title='bbox 1527 1731 1573 1778; x_wconf 28' lang='lat' dir='ltr'>ut·</span> <span class='ocrx_word' id='word_1_215' title='bbox 1588 1746 1747 1779; x_wconf 88' lang='lat' dir='ltr'>decanus</span> <span class='ocrx_word' id='word_1_216' title='bbox 1769 1746 1863 1779; x_wconf 87' lang='lat' dir='ltr'>dicte</span> <span class='ocrx_word' id='word_1_217' title='bbox 1885 1745 2053 1788; x_wconf 73' lang='lat' dir='ltr'>ecclesie,</span> <span class='ocrx_word' id='word_1_218' title='bbox 2077 1753 2111 1779; x_wconf 88' lang='lat' dir='ltr'>et</span> <span class='ocrx_word' id='word_1_219' title='bbox 2131 1747 2293 1791; x_wconf 82' lang='lat' dir='ltr'>predicte</span> 
     </span>
     <span class='ocr_line' id='line_1_19' title="bbox 428 1809 2293 1858; baseline 0.003 -17"><span class='ocrx_word' id='word_1_220' title='bbox 428 1809 582 1855; x_wconf 86' lang='lat' dir='ltr'>ecclesie</span> <span class='ocrx_word' id='word_1_221' title='bbox 612 1810 806 1855; x_wconf 85' lang='lat' dir='ltr'>capitulum</span> <span class='ocrx_word' id='word_1_222' title='bbox 837 1823 953 1855; x_wconf 88' lang='lat' dir='ltr'>nuper</span> <span class='ocrx_word' id='word_1_223' title='bbox 982 1812 1173 1856; x_wconf 81' lang='lat' dir='ltr'>conquesti</span> <span class='ocrx_word' id='word_1_224' title='bbox 1204 1811 1310 1844; x_wconf 90' lang='lat' dir='ltr'>nobis</span> <span class='ocrx_word' id='word_1_225' title='bbox 1340 1812 1495 1845; x_wconf 85' lang='lat' dir='ltr'>fuissent</span> <span class='ocrx_word' id='word_1_226' title='bbox 1532 1824 1643 1857; x_wconf 89' lang='lat' dir='ltr'>super</span> <span class='ocrx_word' id='word_1_227' title='bbox 1672 1824 1715 1845; x_wconf 91' lang='grc'>00</span> <span class='ocrx_word' id='word_1_228' title='bbox 1746 1813 1843 1857; x_wconf 89' lang='lat' dir='ltr'>quod</span> <span class='ocrx_word' id='word_1_229' title='bbox 1878 1812 2059 1851; x_wconf 74' lang='lat' dir='ltr'>dicebant,</span> <span class='ocrx_word' id='word_1_230' title='bbox 2091 1813 2189 1858; x_wconf 91' lang='lat' dir='ltr'>quod</span> <span class='ocrx_word' id='word_1_231' title='bbox 2223 1813 2293 1858; x_wconf 86' lang='lat' dir='ltr'>ipsi</span> 
     </span>
     <span class='ocr_line' id='line_1_20' title="bbox 429 1876 2294 1921; baseline 0.003 -14"><span class='ocrx_word' id='word_1_232' title='bbox 429 1876 586 1908; x_wconf 89' lang='lat' dir='ltr'>decanus</span> <span class='ocrx_word' id='word_1_233' title='bbox 608 1883 643 1909; x_wconf 85' lang='lat' dir='ltr'>et</span> <span class='ocrx_word' id='word_1_234' title='bbox 662 1876 855 1921; x_wconf 89' lang='lat' dir='ltr'>capitulum</span> <span class='ocrx_word' id='word_1_235' title='bbox 878 1877 920 1909; x_wconf 92' lang='lat' dir='ltr'>ad</span> <span class='ocrx_word' id='word_1_236' title='bbox 942 1889 1083 1910; x_wconf 84' lang='lat' dir='ltr'>causam</span> <span class='ocrx_word' id='word_1_237' title='bbox 1106 1878 1200 1911; x_wconf 85' lang='lat' dir='ltr'>dicte</span> <span class='ocrx_word' id='word_1_238' title='bbox 1222 1890 1346 1911; x_wconf 88' lang='lat' dir='ltr'>corum</span> <span class='ocrx_word' id='word_1_239' title='bbox 1369 1878 1525 1911; x_wconf 87' lang='lat' dir='ltr'>ecclesie</span> <span class='ocrx_word' id='word_1_240' title='bbox 1547 1885 1582 1911; x_wconf 89' lang='lat' dir='ltr'>et</span> <span class='ocrx_word' id='word_1_241' title='bbox 1602 1879 1720 1912; x_wconf 88' lang='lat' dir='ltr'>dictus</span> <span class='ocrx_word' id='word_1_242' title='bbox 1744 1879 1903 1912; x_wconf 84' lang='lat' dir='ltr'>decanus</span> <span class='ocrx_word' id='word_1_243' title='bbox 1929 1891 1996 1912; x_wconf 91' lang='lat' dir='ltr'>suo</span> <span class='ocrx_word' id='word_1_244' title='bbox 2023 1879 2169 1912; x_wconf 90' lang='lat' dir='ltr'>nomine</span> <span class='ocrx_word' id='word_1_245' title='bbox 2191 1886 2224 1913; x_wconf 90' lang='lat' dir='ltr'>et</span> <span class='ocrx_word' id='word_1_246' title='bbox 2249 1880 2294 1913; x_wconf 84' lang='lat' dir='ltr'>ad</span> 
     </span>
     <span class='ocr_line' id='line_1_21' title="bbox 428 1942 2294 1991; baseline 0.003 -17"><span class='ocrx_word' id='word_1_247' title='bbox 428 1954 568 1975; x_wconf 87' lang='lat' dir='ltr'>causam</span> <span class='ocrx_word' id='word_1_248' title='bbox 597 1954 744 1975; x_wconf 89' lang='lat' dir='ltr'>suorum</span> <span class='ocrx_word' id='word_1_249' title='bbox 766 1942 1025 1976; x_wconf 85' lang='lat' dir='ltr'>beneficiorum</span> <span class='ocrx_word' id='word_1_250' title='bbox 1047 1944 1225 1977; x_wconf 86' lang='lat' dir='ltr'>habebant</span> <span class='ocrx_word' id='word_1_251' title='bbox 1255 1945 1356 1989; x_wconf 87' lang='lat' dir='ltr'>plura</span> <span class='ocrx_word' id='word_1_252' title='bbox 1377 1946 1472 1989; x_wconf 73' lang='lat' dir='ltr'>jura,</span> <span class='ocrx_word' id='word_1_253' title='bbox 1496 1945 1710 1987; x_wconf 86' lang='lat' dir='ltr'>franchisias</span> <span class='ocrx_word' id='word_1_254' title='bbox 1737 1952 1770 1978; x_wconf 84' lang='lat' dir='ltr'>et</span> <span class='ocrx_word' id='word_1_255' title='bbox 1797 1946 2057 1991; x_wconf 86' lang='lat' dir='ltr'>prerogativas‚</span> <span class='ocrx_word' id='word_1_256' title='bbox 2079 1947 2294 1991; x_wconf 83' lang='lat' dir='ltr'>fuerantque</span> 
     </span>
     <span class='ocr_line' id='line_1_22' title="bbox 429 2009 2296 2058; baseline 0.003 -18"><span class='ocrx_word' id='word_1_257' title='bbox 429 2015 463 2041; x_wconf 86' lang='lat' dir='ltr'>et</span> <span class='ocrx_word' id='word_1_258' title='bbox 484 2015 584 2041; x_wconf 88' lang='lat' dir='ltr'>erant</span> <span class='ocrx_word' id='word_1_259' title='bbox 604 2009 640 2041; x_wconf 90' lang='lat' dir='ltr'>in</span> <span class='ocrx_word' id='word_1_260' title='bbox 662 2009 798 2042; x_wconf 86' lang='lat' dir='ltr'>nostris</span> <span class='ocrx_word' id='word_1_261' title='bbox 819 2011 1049 2054; x_wconf 87' lang='lat' dir='ltr'>proteccione</span> <span class='ocrx_word' id='word_1_262' title='bbox 1067 2017 1100 2043; x_wconf 85' lang='lat' dir='ltr'>et</span> <span class='ocrx_word' id='word_1_263' title='bbox 1122 2011 1218 2044; x_wconf 87' lang='lat' dir='ltr'>salva</span> <span class='ocrx_word' id='word_1_264' title='bbox 1235 2012 1359 2056; x_wconf 88' lang='lat' dir='ltr'>gardia</span> <span class='ocrx_word' id='word_1_265' title='bbox 1378 2012 1539 2057; x_wconf 76' lang='lat' dir='ltr'>speciali7</span> <span class='ocrx_word' id='word_1_266' title='bbox 1558 2024 1596 2045; x_wconf 91' lang='lat' dir='ltr'>ac</span> <span class='ocrx_word' id='word_1_267' title='bbox 1616 2024 1740 2045; x_wconf 88' lang='lat' dir='ltr'>eorum</span> <span class='ocrx_word' id='word_1_268' title='bbox 1763 2012 1917 2045; x_wconf 90' lang='grc'><strong>00010513</strong></span> <span class='ocrx_word' id='word_1_269' title='bbox 1935 2012 2095 2058; x_wconf 87' lang='lat' dir='ltr'>predicta</span> <span class='ocrx_word' id='word_1_270' title='bbox 2111 2013 2155 2046; x_wconf 90' lang='lat' dir='ltr'>de</span> <span class='ocrx_word' id='word_1_271' title='bbox 2172 2013 2296 2046; x_wconf 89' lang='lat' dir='ltr'>funda-</span> 
     </span>
     <span class='ocr_line' id='line_1_23' title="bbox 429 2075 2294 2124; baseline 0.003 -18"><span class='ocrx_word' id='word_1_272' title='bbox 429 2075 533 2107; x_wconf 91' lang='lat' dir='ltr'>cione</span> <span class='ocrx_word' id='word_1_273' title='bbox 559 2075 659 2120; x_wconf 87' lang='lat' dir='ltr'>regia</span> <span class='ocrx_word' id='word_1_274' title='bbox 685 2075 837 2116; x_wconf 73' lang='lat' dir='ltr'>extabat,</span> <span class='ocrx_word' id='word_1_275' title='bbox 866 2083 900 2109; x_wconf 92' lang='lat' dir='ltr'>et</span> <span class='ocrx_word' id='word_1_276' title='bbox 927 2077 1021 2109; x_wconf 89' lang='lat' dir='ltr'>inter</span> <span class='ocrx_word' id='word_1_277' title='bbox 1041 2077 1107 2110; x_wconf 88' lang='lat' dir='ltr'>alia</span> <span class='ocrx_word' id='word_1_278' title='bbox 1134 2090 1257 2110; x_wconf 88' lang='lat' dir='ltr'>eorum</span> <span class='ocrx_word' id='word_1_279' title='bbox 1281 2079 1362 2122; x_wconf 87' lang='lat' dir='ltr'>jura</span> <span class='ocrx_word' id='word_1_280' title='bbox 1385 2085 1420 2111; x_wconf 91' lang='lat' dir='ltr'>et</span> <span class='ocrx_word' id='word_1_281' title='bbox 1445 2078 1654 2111; x_wconf 87' lang='lat' dir='ltr'>nobilitates</span> <span class='ocrx_word' id='word_1_282' title='bbox 1680 2079 1766 2112; x_wconf 91' lang='lat' dir='ltr'>dicti</span> <span class='ocrx_word' id='word_1_283' title='bbox 1791 2079 1951 2112; x_wconf 87' lang='lat' dir='ltr'>decanus</span> <span class='ocrx_word' id='word_1_284' title='bbox 1978 2086 2012 2112; x_wconf 82' lang='lat' dir='ltr'>et</span> <span class='ocrx_word' id='word_1_285' title='bbox 2034 2079 2228 2124; x_wconf 86' lang='lat' dir='ltr'>capitulum</span> <span class='ocrx_word' id='word_1_286' title='bbox 2250 2079 2294 2113; x_wconf 89' lang='lat' dir='ltr'>ab</span> 
     </span>
     <span class='ocr_line' id='line_1_24' title="bbox 429 2141 2291 2190; baseline 0.003 -17"><span class='ocrx_word' id='word_1_287' title='bbox 429 2141 576 2185; x_wconf 88' lang='lat' dir='ltr'>antiquo</span> <span class='ocrx_word' id='word_1_288' title='bbox 604 2142 733 2182; x_wconf 58' lang='lat' dir='ltr'>scolas,</span> <span class='ocrx_word' id='word_1_289' title='bbox 765 2142 911 2175; x_wconf 87' lang='lat' dir='ltr'>domum</span> <span class='ocrx_word' id='word_1_290' title='bbox 941 2150 976 2176; x_wconf 87' lang='lat' dir='ltr'>et</span> <span class='ocrx_word' id='word_1_291' title='bbox 1004 2143 1122 2176; x_wconf 75' lang='lat' dir='ltr'>locuni</span> <span class='ocrx_word' id='word_1_292' title='bbox 1151 2144 1186 2176; x_wconf 93' lang='lat' dir='ltr'>in</span> <span class='ocrx_word' id='word_1_293' title='bbox 1216 2157 1339 2178; x_wconf 87' lang='lat' dir='ltr'>eorum</span> <span class='ocrx_word' id='word_1_294' title='bbox 1369 2145 1528 2178; x_wconf 84' lang='lat' dir='ltr'>claustro</span> <span class='ocrx_word' id='word_1_295' title='bbox 1559 2157 1624 2190; x_wconf 89' lang='lat' dir='ltr'>pro</span> <span class='ocrx_word' id='word_1_296' title='bbox 1653 2145 1763 2178; x_wconf 88' lang='lat' dir='ltr'>scolis</span> <span class='ocrx_word' id='word_1_297' title='bbox 1793 2146 1996 2179; x_wconf 88' lang='lat' dir='ltr'>institutum</span> <span class='ocrx_word' id='word_1_298' title='bbox 2026 2152 2061 2179; x_wconf 94' lang='lat' dir='ltr'>et</span> <span class='ocrx_word' id='word_1_299' title='bbox 2089 2146 2291 2179; x_wconf 87' lang='lat' dir='ltr'>ordinatum</span> 
     </span>
     <span class='ocr_line' id='line_1_25' title="bbox 428 2206 2293 2257; baseline 0.003 -18"><span class='ocrx_word' id='word_1_300' title='bbox 428 2206 619 2249; x_wconf 77' lang='lat' dir='ltr'>habebant,</span> <span class='ocrx_word' id='word_1_301' title='bbox 645 2208 681 2240; x_wconf 92' lang='lat' dir='ltr'>in</span> <span class='ocrx_word' id='word_1_302' title='bbox 707 2208 839 2253; x_wconf 89' lang='lat' dir='ltr'>quibus</span> <span class='ocrx_word' id='word_1_303' title='bbox 861 2209 1006 2254; x_wconf 87' lang='lat' dir='ltr'>quidem</span> <span class='ocrx_word' id='word_1_304' title='bbox 1032 2210 1142 2243; x_wconf 90' lang='lat' dir='ltr'>scolis</span> <span class='ocrx_word' id='word_1_305' title='bbox 1168 2211 1312 2255; x_wconf 81' lang='lat' dir='ltr'>publice</span> <span class='ocrx_word' id='word_1_306' title='bbox 1341 2211 1464 2256; x_wconf 84' lang='lat' dir='ltr'>legero</span> <span class='ocrx_word' id='word_1_307' title='bbox 1491 2219 1526 2244; x_wconf 88' lang='lat' dir='ltr'>et</span> <span class='ocrx_word' id='word_1_308' title='bbox 1553 2212 1626 2257; x_wconf 90' lang='lat' dir='ltr'>legi</span> <span class='ocrx_word' id='word_1_309' title='bbox 1651 2213 1769 2245; x_wconf 87' lang='lat' dir='ltr'>facere</span> <span class='ocrx_word' id='word_1_310' title='bbox 1796 2224 1860 2257; x_wconf 90' lang='lat' dir='ltr'>per</span> <span class='ocrx_word' id='word_1_311' title='bbox 1880 2212 2078 2245; x_wconf 91' lang='lat' dir='ltr'>nonnullos</span> <span class='ocrx_word' id='word_1_312' title='bbox 2099 2212 2293 2246; x_wconf 88' lang='lat' dir='ltr'>canonicos</span> 
     </span>
     <span class='ocr_line' id='line_1_26' title="bbox 428 2273 2293 2324; baseline 0.004 -19"><span class='ocrx_word' id='word_1_313' title='bbox 428 2273 485 2306; x_wconf 91' lang='lat' dir='ltr'>vel</span> <span class='ocrx_word' id='word_1_314' title='bbox 506 2274 595 2307; x_wconf 90' lang='lat' dir='ltr'>alios</span> <span class='ocrx_word' id='word_1_315' title='bbox 614 2274 650 2306; x_wconf 91' lang='lat' dir='ltr'>in</span> <span class='ocrx_word' id='word_1_316' title='bbox 670 2275 829 2319; x_wconf 86' lang='lat' dir='ltr'>predicta</span> <span class='ocrx_word' id='word_1_317' title='bbox 847 2275 999 2308; x_wconf 88' lang='grc'><strong>00010513</strong></span> <span class='ocrx_word' id='word_1_318' title='bbox 1015 2276 1250 2310; x_wconf 88' lang='lat' dir='ltr'>beneficiatos</span> <span class='ocrx_word' id='word_1_319' title='bbox 1267 2278 1310 2310; x_wconf 88' lang='lat' dir='ltr'>ad</span> <span class='ocrx_word' id='word_1_320' title='bbox 1331 2277 1399 2311; x_wconf 90' lang='lat' dir='ltr'>hoc</span> <span class='ocrx_word' id='word_1_321' title='bbox 1420 2278 1561 2311; x_wconf 88' lang='lat' dir='ltr'>habiles</span> <span class='ocrx_word' id='word_1_322' title='bbox 1578 2285 1613 2311; x_wconf 87' lang='lat' dir='ltr'>et</span> <span class='ocrx_word' id='word_1_323' title='bbox 1634 2278 1857 2311; x_wconf 84' lang='lat' dir='ltr'>sufficientes</span> <span class='ocrx_word' id='word_1_324' title='bbox 1875 2278 1918 2311; x_wconf 94' lang='lat' dir='ltr'>de</span> <span class='ocrx_word' id='word_1_325' title='bbox 1933 2279 2093 2311; x_wconf 86' lang='lat' dir='ltr'>sciencia</span> <span class='ocrx_word' id='word_1_326' title='bbox 2109 2278 2293 2324; x_wconf 85' lang='lat' dir='ltr'>theologie</span> 
     </span>
     <span class='ocr_line' id='line_1_27' title="bbox 430 2339 2294 2388; baseline 0.004 -17"><span class='ocrx_word' id='word_1_327' title='bbox 430 2346 462 2372; x_wconf 88' lang='lat' dir='ltr'>et</span> <span class='ocrx_word' id='word_1_328' title='bbox 489 2339 532 2372; x_wconf 91' lang='lat' dir='ltr'>de</span> <span class='ocrx_word' id='word_1_329' title='bbox 559 2341 713 2373; x_wconf 84' lang='lat' dir='ltr'>sciencia</span> <span class='ocrx_word' id='word_1_330' title='bbox 741 2341 966 2374; x_wconf 84' lang='lat' dir='ltr'>decretorum</span> <span class='ocrx_word' id='word_1_331' title='bbox 990 2350 1025 2375; x_wconf 89' lang='lat' dir='ltr'>et</span> <span class='ocrx_word' id='word_1_332' title='bbox 1050 2343 1093 2375; x_wconf 91' lang='lat' dir='ltr'>dc</span> <span class='ocrx_word' id='word_1_333' title='bbox 1115 2343 1275 2388; x_wconf 84' lang='lat' dir='ltr'>qualibet</span> <span class='ocrx_word' id='word_1_334' title='bbox 1296 2345 1507 2386; x_wconf 77' lang='lat' dir='ltr'>earundem,</span> <span class='ocrx_word' id='word_1_335' title='bbox 1534 2344 1704 2377; x_wconf 90' lang='lat' dir='ltr'>omnibus</span> <span class='ocrx_word' id='word_1_336' title='bbox 1725 2345 1768 2378; x_wconf 89' lang='lat' dir='ltr'>ad</span> <span class='ocrx_word' id='word_1_337' title='bbox 1796 2345 1979 2378; x_wconf 90' lang='lat' dir='ltr'>lecciones</span> <span class='ocrx_word' id='word_1_338' title='bbox 2003 2351 2038 2377; x_wconf 84' lang='lat' dir='ltr'>et</span> <span class='ocrx_word' id='word_1_339' title='bbox 2057 2344 2214 2378; x_wconf 78' lang='lat' dir='ltr'>lecturas</span> <span class='ocrx_word' id='word_1_340' title='bbox 2241 2345 2294 2378; x_wconf 89' lang='lat' dir='ltr'>ire</span> 
     </span>
     <span class='ocr_line' id='line_1_28' title="bbox 429 2405 2293 2456; baseline 0.004 -19"><span class='ocrx_word' id='word_1_341' title='bbox 429 2405 648 2447; x_wconf 67' lang='lat' dir='ltr'>volentibus7</span> <span class='ocrx_word' id='word_1_342' title='bbox 676 2408 864 2451; x_wconf 81' lang='lat' dir='ltr'>presertim</span> <span class='ocrx_word' id='word_1_343' title='bbox 888 2408 1111 2442; x_wconf 86' lang='lat' dir='ltr'>beneficiatis</span> <span class='ocrx_word' id='word_1_344' title='bbox 1140 2410 1175 2442; x_wconf 90' lang='lat' dir='ltr'>in</span> <span class='ocrx_word' id='word_1_345' title='bbox 1204 2411 1295 2443; x_wconf 88' lang='lat' dir='ltr'>dicta</span> <span class='ocrx_word' id='word_1_346' title='bbox 1318 2411 1484 2449; x_wconf 72' lang='grc'><strong>00010513,</strong></span> <span class='ocrx_word' id='word_1_347' title='bbox 1511 2418 1795 2451; x_wconf 75' lang='lat' dir='ltr'>consu(›verant;</span> <span class='ocrx_word' id='word_1_348' title='bbox 1819 2412 1990 2456; x_wconf 91' lang='lat' dir='ltr'>quodque</span> <span class='ocrx_word' id='word_1_349' title='bbox 2017 2411 2060 2444; x_wconf 88' lang='lat' dir='ltr'>ab</span> <span class='ocrx_word' id='word_1_350' title='bbox 2081 2412 2179 2444; x_wconf 90' lang='lat' dir='ltr'>omni</span> <span class='ocrx_word' id='word_1_351' title='bbox 2203 2418 2293 2445; x_wconf 87' lang='lat' dir='ltr'>tem-</span> 
     </span>
     <span class='ocr_line' id='line_1_29' title="bbox 431 2473 2294 2523; baseline 0.004 -20"><span class='ocrx_word' id='word_1_352' title='bbox 431 2484 517 2516; x_wconf 89' lang='lat' dir='ltr'>pore</span> <span class='ocrx_word' id='word_1_353' title='bbox 539 2473 698 2517; x_wconf 84' lang='lat' dir='ltr'>magistri</span> <span class='ocrx_word' id='word_1_354' title='bbox 722 2474 757 2505; x_wconf 91' lang='lat' dir='ltr'>in</span> <span class='ocrx_word' id='word_1_355' title='bbox 779 2474 885 2507; x_wconf 87' lang='lat' dir='ltr'>dictis</span> <span class='ocrx_word' id='word_1_356' title='bbox 911 2475 1021 2508; x_wconf 87' lang='lat' dir='ltr'>scolis</span> <span class='ocrx_word' id='word_1_357' title='bbox 1047 2476 1212 2521; x_wconf 85' lang='lat' dir='ltr'>legentes</span> <span class='ocrx_word' id='word_1_358' title='bbox 1234 2484 1270 2509; x_wconf 89' lang='lat' dir='ltr'>ut</span> <span class='ocrx_word' id='word_1_359' title='bbox 1300 2478 1463 2522; x_wconf 82' lang='lat' dir='ltr'>magistri</span> <span class='ocrx_word' id='word_1_360' title='bbox 1491 2478 1526 2510; x_wconf 88' lang='lat' dir='ltr'>in</span> <span class='ocrx_word' id='word_1_361' title='bbox 1553 2478 1659 2511; x_wconf 87' lang='lat' dir='ltr'>dictis</span> <span class='ocrx_word' id='word_1_362' title='bbox 1685 2478 1916 2511; x_wconf 86' lang='lat' dir='ltr'>facultatibus</span> <span class='ocrx_word' id='word_1_363' title='bbox 1939 2485 2108 2523; x_wconf 84' lang='lat' dir='ltr'>regentes</span> <span class='ocrx_word' id='word_1_364' title='bbox 2133 2478 2294 2511; x_wconf 83' lang='lat' dir='ltr'>Parisius</span> 
     </span>
     <span class='ocr_line' id='line_1_30' title="bbox 431 2538 2294 2590; baseline 0.005 -21"><span class='ocrx_word' id='word_1_365' title='bbox 431 2545 466 2570; x_wconf 89' lang='lat' dir='ltr'>et</span> <span class='ocrx_word' id='word_1_366' title='bbox 485 2538 569 2571; x_wconf 90' lang='lat' dir='ltr'>alibi</span> <span class='ocrx_word' id='word_1_367' title='bbox 591 2539 804 2572; x_wconf 83' lang='lat' dir='ltr'>tenebantur</span> <span class='ocrx_word' id='word_1_368' title='bbox 827 2547 860 2573; x_wconf 88' lang='grc'>01</span> <span class='ocrx_word' id='word_1_369' title='bbox 882 2542 1034 2585; x_wconf 86' lang='lat' dir='ltr'>reputati</span> <span class='ocrx_word' id='word_1_370' title='bbox 1055 2543 1209 2583; x_wconf 64' lang='lat' dir='ltr'>fuerant,</span> <span class='ocrx_word' id='word_1_371' title='bbox 1228 2544 1357 2588; x_wconf 87' lang='lat' dir='ltr'>usique</span> <span class='ocrx_word' id='word_1_372' title='bbox 1379 2551 1413 2577; x_wconf 87' lang='lat' dir='ltr'>ct</span> <span class='ocrx_word' id='word_1_373' title='bbox 1434 2545 1549 2589; x_wconf 85' lang='lat' dir='ltr'>gavisi</span> <span class='ocrx_word' id='word_1_374' title='bbox 1570 2545 1713 2577; x_wconf 86' lang='lat' dir='ltr'>fuerant</span> <span class='ocrx_word' id='word_1_375' title='bbox 1733 2544 1950 2590; x_wconf 68' lang='lat' dir='ltr'>privilegiis,</span> <span class='ocrx_word' id='word_1_376' title='bbox 1968 2544 2183 2585; x_wconf 73' lang='lat' dir='ltr'>honoribus,</span> <span class='ocrx_word' id='word_1_377' title='bbox 2200 2545 2294 2590; x_wconf 89' lang='lat' dir='ltr'>juri-</span> 
     </span>
     <span class='ocr_line' id='line_1_31' title="bbox 431 2604 2294 2656; baseline 0.004 -20"><span class='ocrx_word' id='word_1_378' title='bbox 431 2604 511 2645; x_wconf 71' lang='lat' dir='ltr'>bus7</span> <span class='ocrx_word' id='word_1_379' title='bbox 536 2604 775 2646; x_wconf 74' lang='lat' dir='ltr'>libertatibus7</span> <span class='ocrx_word' id='word_1_380' title='bbox 796 2606 967 2650; x_wconf 83' lang='lat' dir='ltr'>proficuis</span> <span class='ocrx_word' id='word_1_381' title='bbox 989 2614 1023 2640; x_wconf 85' lang='lat' dir='ltr'>et</span> <span class='ocrx_word' id='word_1_382' title='bbox 1043 2609 1311 2651; x_wconf 78' lang='lat' dir='ltr'>emolumentis7</span> <span class='ocrx_word' id='word_1_383' title='bbox 1335 2611 1468 2655; x_wconf 90' lang='lat' dir='ltr'>quibus</span> <span class='ocrx_word' id='word_1_384' title='bbox 1490 2611 1684 2644; x_wconf 88' lang='lat' dir='ltr'>utebantur</span> <span class='ocrx_word' id='word_1_385' title='bbox 1707 2618 1742 2644; x_wconf 89' lang='lat' dir='ltr'>et</span> <span class='ocrx_word' id='word_1_386' title='bbox 1768 2610 1973 2656; x_wconf 86' lang='lat' dir='ltr'>gaudebant</span> <span class='ocrx_word' id='word_1_387' title='bbox 1993 2611 2105 2644; x_wconf 90' lang='lat' dir='ltr'>ceteri</span> <span class='ocrx_word' id='word_1_388' title='bbox 2130 2611 2294 2656; x_wconf 82' lang='lat' dir='ltr'>magistri</span> 
     </span>
     <span class='ocr_line' id='line_1_32' title="bbox 430 2670 2294 2723; baseline 0.005 -21"><span class='ocrx_word' id='word_1_389' title='bbox 430 2670 467 2702; x_wconf 92' lang='lat' dir='ltr'>in</span> <span class='ocrx_word' id='word_1_390' title='bbox 488 2671 660 2715; x_wconf 88' lang='lat' dir='ltr'>predictis</span> <span class='ocrx_word' id='word_1_391' title='bbox 677 2672 904 2705; x_wconf 86' lang='lat' dir='ltr'>facultatibus</span> <span class='ocrx_word' id='word_1_392' title='bbox 926 2673 962 2705; x_wconf 92' lang='lat' dir='ltr'>in</span> <span class='ocrx_word' id='word_1_393' title='bbox 984 2674 1076 2706; x_wconf 90' lang='lat' dir='ltr'>dicta</span> <span class='ocrx_word' id='word_1_394' title='bbox 1094 2676 1335 2709; x_wconf 84' lang='lat' dir='ltr'>Universitate</span> <span class='ocrx_word' id='word_1_395' title='bbox 1357 2677 1517 2710; x_wconf 87' lang='lat' dir='ltr'>Parisius</span> <span class='ocrx_word' id='word_1_396' title='bbox 1539 2684 1729 2722; x_wconf 80' lang='lat' dir='ltr'>regentes3</span> <span class='ocrx_word' id='word_1_397' title='bbox 1753 2684 2040 2722; x_wconf 87' lang='lat' dir='ltr'>consuetumque</span> <span class='ocrx_word' id='word_1_398' title='bbox 2061 2678 2177 2711; x_wconf 88' lang='lat' dir='ltr'>fuerat</span> <span class='ocrx_word' id='word_1_399' title='bbox 2197 2677 2294 2723; x_wconf 91' lang='lat' dir='ltr'>quod</span> 
     </span>
     <span class='ocr_line' id='line_1_33' title="bbox 430 2736 2294 2789; baseline 0.005 -21"><span class='ocrx_word' id='word_1_400' title='bbox 430 2736 565 2769; x_wconf 89' lang='lat' dir='ltr'>bedelli</span> <span class='ocrx_word' id='word_1_401' title='bbox 587 2737 760 2770; x_wconf 85' lang='lat' dir='ltr'>dictarum</span> <span class='ocrx_word' id='word_1_402' title='bbox 783 2738 987 2771; x_wconf 84' lang='lat' dir='ltr'>facultatum</span> <span class='ocrx_word' id='word_1_403' title='bbox 1011 2740 1110 2773; x_wconf 84' lang='lat' dir='ltr'>ibant</span> <span class='ocrx_word' id='word_1_404' title='bbox 1130 2742 1173 2774; x_wconf 90' lang='lat' dir='ltr'>ad</span> <span class='ocrx_word' id='word_1_405' title='bbox 1195 2742 1313 2775; x_wconf 89' lang='lat' dir='ltr'>scolas</span> <span class='ocrx_word' id='word_1_406' title='bbox 1335 2743 1421 2776; x_wconf 89' lang='lat' dir='ltr'>dicti</span> <span class='ocrx_word' id='word_1_407' title='bbox 1443 2743 1591 2777; x_wconf 87' lang='lat' dir='ltr'>claustri</span> <span class='ocrx_word' id='word_1_408' title='bbox 1609 2751 1644 2776; x_wconf 90' lang='lat' dir='ltr'>et</span> <span class='ocrx_word' id='word_1_409' title='bbox 1664 2744 1708 2776; x_wconf 89' lang='lat' dir='ltr'>ad</span> <span class='ocrx_word' id='word_1_410' title='bbox 1729 2744 1875 2776; x_wconf 89' lang='lat' dir='ltr'>domum</span> <span class='ocrx_word' id='word_1_411' title='bbox 1893 2744 1979 2777; x_wconf 88' lang='lat' dir='ltr'>dicti</span> <span class='ocrx_word' id='word_1_412' title='bbox 2001 2744 2128 2777; x_wconf 85' lang='lat' dir='ltr'>decani</span> <span class='ocrx_word' id='word_1_413' title='bbox 2149 2744 2294 2789; x_wconf 86' lang='lat' dir='ltr'>quando</span> 
     </span>
     <span class='ocr_line' id='line_1_34' title="bbox 430 2803 2294 2855; baseline 0.005 -21"><span class='ocrx_word' id='word_1_414' title='bbox 430 2803 591 2844; x_wconf 73' lang='lat' dir='ltr'>decebat,</span> <span class='ocrx_word' id='word_1_415' title='bbox 614 2804 703 2836; x_wconf 87' lang='lat' dir='ltr'>festa</span> <span class='ocrx_word' id='word_1_416' title='bbox 727 2816 765 2836; x_wconf 83' lang='lat' dir='ltr'>ac</span> <span class='ocrx_word' id='word_1_417' title='bbox 792 2811 951 2850; x_wconf 89' lang='lat' dir='ltr'>tempora</span> <span class='ocrx_word' id='word_1_418' title='bbox 974 2812 1008 2838; x_wconf 90' lang='lat' dir='ltr'>et</span> <span class='ocrx_word' id='word_1_419' title='bbox 1028 2806 1135 2840; x_wconf 89' lang='lat' dir='ltr'>horas</span> <span class='ocrx_word' id='word_1_420' title='bbox 1158 2808 1290 2852; x_wconf 90' lang='lat' dir='ltr'>quibus</span> <span class='ocrx_word' id='word_1_421' title='bbox 1315 2809 1388 2854; x_wconf 88' lang='lat' dir='ltr'>legi</span> <span class='ocrx_word' id='word_1_422' title='bbox 1415 2816 1449 2842; x_wconf 89' lang='lat' dir='ltr'>et</span> <span class='ocrx_word' id='word_1_423' title='bbox 1473 2810 1609 2843; x_wconf 85' lang='lat' dir='ltr'>cessari</span> <span class='ocrx_word' id='word_1_424' title='bbox 1631 2809 1800 2851; x_wconf 81' lang='lat' dir='ltr'>debebat,</span> <span class='ocrx_word' id='word_1_425' title='bbox 1821 2817 1856 2843; x_wconf 88' lang='lat' dir='ltr'>et</span> <span class='ocrx_word' id='word_1_426' title='bbox 1877 2811 1974 2855; x_wconf 91' lang='lat' dir='ltr'>quod</span> <span class='ocrx_word' id='word_1_427' title='bbox 1995 2811 2113 2843; x_wconf 89' lang='lat' dir='ltr'>dictus</span> <span class='ocrx_word' id='word_1_428' title='bbox 2135 2810 2294 2844; x_wconf 91' lang='lat' dir='ltr'>decanus</span> 
     </span>
    </p>
   </div>
   <div class='ocr_carea' id='block_1_8' title="bbox 430 2869 2293 2922">
    <p class='ocr_par' dir='ltr' id='par_1_10' title="bbox 430 2869 2293 2922">
     <span class='ocr_line' id='line_1_35' title="bbox 430 2869 2293 2922; baseline 0.005 -22"><span class='ocrx_word' id='word_1_429' title='bbox 430 2869 466 2901; x_wconf 89' lang='lat' dir='ltr'>in</span> <span class='ocrx_word' id='word_1_430' title='bbox 487 2870 847 2915; x_wconf 54' lang='lat' dir='ltr'>congregationibus,</span> <span class='ocrx_word' id='word_1_431' title='bbox 872 2873 1082 2916; x_wconf 82' lang='lat' dir='ltr'>propositis⁷</span> <span class='ocrx_word' id='word_1_432' title='bbox 1103 2873 1274 2920; x_wconf 85' lang='lat' dir='ltr'>harengis</span> <span class='ocrx_word' id='word_1_433' title='bbox 1296 2882 1329 2908; x_wconf 85' lang='lat' dir='ltr'>et</span> <span class='ocrx_word' id='word_1_434' title='bbox 1351 2877 1482 2909; x_wconf 88' lang='lat' dir='ltr'>ceteris</span> <span class='ocrx_word' id='word_1_435' title='bbox 1503 2877 1606 2909; x_wconf 84' lang='lat' dir='ltr'>factis</span> <span class='ocrx_word' id='word_1_436' title='bbox 1628 2883 1661 2909; x_wconf 91' lang='lat' dir='ltr'>et</span> <span class='ocrx_word' id='word_1_437' title='bbox 1684 2877 1848 2922; x_wconf 84' lang='lat' dir='ltr'>negociis</span> <span class='ocrx_word' id='word_1_438' title='bbox 1877 2877 2037 2910; x_wconf 89' lang='lat' dir='ltr'>studium</span> <span class='ocrx_word' id='word_1_439' title='bbox 2060 2876 2293 2922; x_wconf 83' lang='lat' dir='ltr'>tangentibus</span> 
     </span>
    </p>
   </div>
  </div>
 </body>
</html>
