2488 3386
436 361 501 393 236
1007 368 1325 391 CHARTULARIUM
1360 368 1551 390 Uvaeas.
1588 368 1717 389 mnis.
2202 353 2302 390 [1378

528 432 613 463 Item
638 437 799 475 reaperta
824 431 890 463 suit
910 430 1009 463 curia
1029 428 1299 462 conservatoris
1320 440 1390 473 que
1415 429 1531 461 suerat
1551 427 1672 461 clausa
1693 428 1769 460 fere
1791 439 1855 472 per
1880 438 2013 460 annum
2039 438 2118 459 cum
2146 426 2302 471 dampno

439 497 703 538 Universitatis,
726 503 761 529 et
776 503 896 541 aperta
917 496 983 529 suit
1003 507 1083 528 cum
1101 494 1254 527 utilitate
1275 495 1367 538 ejus.

528 594 594 616 Mus.
610 593 726 617 Britann.
745 601 794 616 ms.
808 593 869 617 add.
885 593 971 622 17304,
988 592 1033 615 rol.
1050 591 1119 615 1471‘⁴
1134 605 1161 608 —
1174 591 1296 620 BulaeuS,
1310 592 1352 621 lv,
1366 592 1421 615 ¹180.
1434 605 1459 609 —
1473 591 1596 615 Urbanus
1610 591 1644 615 VI
1659 591 1757 615 electus
1771 594 1811 614 est
1826 590 1910 622 April.
1927 591 1954 619 8;
1971 590 2091 614 Clemens
2104 590 2159 619 VII,
2177 590 2248 621 Sept.
2263 590 2302 614 20.

531 678 550 701 l.
569 678 616 701 Ms.
631 681 656 701 et
671 678 728 702 Bul.
743 686 749 702 :
765 688 778 699 α
794 677 906 700 d'Estele
918 686 939 699 ι».
958 676 1112 700 Franciscus
1129 676 1160 699 de
1176 676 1202 699 S.
1219 675 1346 699 Michaele
1362 683 1405 699 an.
1424 675 1484 698 1368
1499 675 1615 706 primum
1630 678 1717 698 rector
1738 675 1796 698 fuit.
1820 674 1877 698 Vid.
1894 678 1944 697 num
1966 675 2035 697 1348.
2052 687 2083 692 —
2103 675 2126 697 2.
2145 673 2303 698 Guillelmus

433 722 541 750 Gorren,
563 725 616 745 nat.
641 722 793 750 Normann.,
814 725 900 744 rector
921 721 1007 744 Martii
1032 720 1147 743 24-Junii
1170 721 1209 745 23.
1231 720 1337 743 Certum
1355 723 1395 743 est
1416 719 1622 743 Universitatem
1637 719 1722 744 Paris.
1742 722 1804 750 post
1824 722 1935 742 mortem
1951 718 2072 749 Gregorii
2094 717 2130 741 Xl
2146 718 2241 748 (Martii
2264 719 2302 746 27)

433 766 548 789 rotulum
563 766 708 789 destinasse
730 775 741 789 «
760 766 793 789 ad
814 773 912 796 papam
932 765 1074 788 creandum
1095 773 1116 793 n,
1139 767 1164 787 et
1185 764 1302 787 rotulum
1324 764 1479 787 conclusum
1499 772 1557 787 esse
1579 764 1670 787 eodem
1693 772 1735 786 an.
1759 764 1826 793 1378,
1843 763 1927 794 April.
1943 763 1971 786 17
1987 762 2051 792 (vid.
2067 762 2124 786 Lib.
2145 769 2218 793 proc.
2240 767 2300 786 nat.

432 810 545 840 Analic.
561 810 587 833 in
603 812 686 834 Auct.
705 810 833 835 Chai-tul.
855 810 986 839 Univers„
1003 810 1022 837 Ι,
1044 809 1077 832 ad
1099 809 1125 832 h.
1141 811 1204 839 nm),
1228 811 1257 831 ut
1279 807 1428 831 mitteretur
1449 808 1483 831 ad
1503 808 1641 831 Urbanum
1661 808 1704 831 VI.
1728 808 1756 830 In
1773 807 1920 832 Inventor.
1942 811 2004 831 nat.
2026 807 2143 831 Picara.
2165 815 2207 831 an.
2230 807 2301 835 1382,

431 855 523 878 Ortob.
536 856 558 877 6.
579 854 640 884 (vid.
658 858 707 877 n¹²¹¹²
723 855 801 883 1470),
819 854 914 877 mentio
930 854 959 876 fit
978 853 1058 876 rotuli
1075 853 1178 876 Picard.
1196 862 1209 874 α
1228 852 1289 876 sacti
1307 852 1458 875 immediate
1479 855 1541 883 post
1562 855 1673 875 mortem
1698 851 1819 883 Gregorii
1840 852 1873 875 XI
1893 861 1917 875 n.
1937 851 1989 875 Iste
2013 851 2115 874 rotulus
2137 854 2224 874 tamen
2250 859 2301 874 non

430 899 550 929 signatus
566 902 612 927 est,
634 907 693 921 cum
713 898 818 921 minime
839 898 872 921 ad
892 898 992 921 curiam
1007 897 1165 928 pervenerit.
1184 896 1274 920 Nuntii
1295 905 1337 920 an.
1361 897 1428 926 1378,
1442 896 1514 920 Junii
1536 896 1575 926 12,
1591 896 1677 919 adhuc
1691 896 1802 919 Parisiis
1818 899 1973 919 manserunt
1988 895 2051 925 (vid.
2067 896 2126 919 Lib.
2144 902 2222 926 proc.
2239 899 2300 920 nat.

431 943 541 974 Anqlic.
558 943 591 966 ad
606 943 631 966 h.
648 945 710 972 am),
727 943 772 966 sed
792 942 881 973 utique
901 951 951 965 non
972 942 1054 965 multo
1074 945 1135 973 post
1151 941 1263 973 profecti
1279 944 1348 970 sunt,
1366 944 1391 964 et
1403 941 1509 972 quidem
1523 941 1689 971 Avenionem,
1702 940 1824 972 quamvis
1842 940 1966 964 Urbanus
1982 940 2014 963 VI
2031 941 2127 964 Romae
2140 940 2182 963 vel
2197 939 2223 963 in
2238 948 2301 971 par-

430 987 500 1010 tibus
518 987 611 1010 vicinis
633 990 789 1010 moraretur.
808 987 873 1010 Cum
888 986 1018 1010 Avenione
1041 987 1141 1009 frustra
1161 994 1259 1017 papam
1275 985 1435 1009 Avenionem
1452 993 1623 1008 reversurum
1644 988 1849 1016 exspectassent,
1866 984 1951 1008 nuntii
1966 984 2103 1007 dissociati
2126 987 2197 1008 sunt.
2213 983 2301 1016 Aliqui

430 1032 539 1055 Romam
558 1031 670 1062 profecti
694 1034 762 1057 sunt.
785 1034 814 1054 ut
835 1031 992 1055 Guillelmus
1013 1031 1044 1054 de
1060 1030 1230 1058 Oesterzeele,
1255 1029 1363 1053 nuntius
1385 1031 1434 1053 sac.
1459 1030 1527 1053 med.
1545 1029 1608 1059 (vid.
1629 1029 1699 1052 inl'ra
1714 1030 1754 1053 De
1780 1029 1932 1053 Schismate
1955 1029 1988 1052 ad
2013 1036 2055 1052 an.
2079 1029 2149 1057 1³78,
2172 1029 2227 1052 Jul.
2247 1029 2299 1058 27);

428 1076 473 1098 alii
489 1076 603 1099 Parisios
619 1084 670 1099 non
686 1076 768 1098 multo
781 1078 842 1106 post
858 1075 907 1098 iter
922 1075 1100 1106 arripuerunt,
1119 1078 1147 1098 ut
1162 1075 1296 1098 Germ-dus
1315 1074 1346 1098 de
1361 1074 1471 1104 Kalkar,
1486 1074 1593 1097 nuntius
1609 1073 1836 1105 nation.'Anglic.‚
1856 1073 1901 1104 qui
1920 1073 1975 1104 jam
1994 1073 2128 1104 Septemb.
2146 1074 2176 1096 30
2195 1073 2222 1096 in
2237 1081 2301 1096 con-

429 1120 581 1151 gregatione
596 1119 721 1151 apparuit
742 1119 804 1149 (vid.
820 1120 878 1143 Lib.
897 1126 977 1150 proc.
993 1123 1051 1143 nat.
1069 1119 1179 1150 Anyl.);
1205 1119 1250 1142 alii
1270 1127 1363 1142 versus
1384 1119 1449 1141 fines
1473 1118 1564 1141 ltaliae
1586 1118 1699 1146 iverunt,
1723 1121 1752 1141 ut
1772 1117 1880 1141 nuntius
1902 1120 1957 1141 nat.
1979 1117 2093 1146 Picard.,
2116 1117 2248 1141 Arnoldus
2268 1117 2301 1141 de

431 1164 564 1192 Emelisse,
581 1164 625 1195 qui
645 1164 678 1187 ad
698 1172 739 1187 an.
757 1164 826 1192 1379,
843 1164 914 1195 Sept.
932 1165 944 1187 7
961 1164 1023 1193 (vid,
1042 1168 1070 1186 n⁰
1091 1164 1170 1193 1424),
1187 1167 1287 1192 narrat,
1311 1172 1338 1186 se
1360 1171 1420 1186 cum
1442 1162 1502 1186 aliis
1525 1152 1624 1186 nuntiis
1647 1162 1763 1186 Parisios
1786 1162 1818 1185 de
1837 1162 1919 1186 Nicia
1940 1165 1966 1185 et
1985 1161 2118 1185 Avenione
2138 1161 2257 1190 rediisse,
2276 1164 2302 1185 et

427 1209 559 1232 Johanues
574 1208 675 1231 Danton
694 1208 790 1238 senior,
807 1208 866 1231 bed.
883 1211 935 1231 nat.
953 1208 1056 1236 Gallie„
1072 1208 1116 1239 qui
1136 1208 1162 1231 in
1178 1208 1264 1231 rotulo
1282 1208 1353 1231 infra
1370 1207 1439 1231 edito
1454 1210 1555 1236 narrat,
1572 1215 1600 1230 se
1616 1215 1627 1230 α
1641 1215 1690 1238 pro
1705 1206 1822 1238 presenti
1840 1206 1927 1230 rotulo
1940 1214 1952 1229 ι)
1969 1214 2027 1229 cum
2044 1205 2104 1229 aliis
2120 1205 2219 1229 nuntiis
2234 1210 2301 1230 ante

426 1253 578 1276 electionem
595 1252 734 1275 Clementis
751 1253 794 1275 VlI
810 1252 920 1275 missum
937 1252 1028 1282 fuisse,
1048 1255 1073 1275 et
1095 1252 1199 1275 stetisse
1221 1256 1246 1276 et
1263 1255 1431 1284 exspectasse
1452 1259 1500 1283 per
1522 1251 1637 1283 quinque
1660 1259 1762 1274 menses
1781 1251 1886 1274 circiter
1902 1250 2006 1279 Niciae,
2027 1250 2174 1275 Massiliae
2188 1253 2213 1274 et
2231 1251 2300 1275 Ave·

426 1297 524 1327 nione,·
538 1297 582 1320 sed
597 1305 655 1319 cum
669 1297 785 1320 rotulum
798 1297 929 1321 Clementi
944 1296 1001 1321 VII
1010 1300 1180 1328 praesentare
1194 1305 1244 1320 non
1258 1296 1398 1328 potuisset,
1411 1296 1527 1320 Parisios
1541 1295 1653 1319 rediisse
1664 1295 1726 1323 (vid.
1740 1304 1767 1326 p.
1780 1296 1844 1326 258).
1855 1295 1930 1319 Certe
1939 1295 2073 1318 ,Iohannes
2087 1295 2189 1318 Danton
2203 1294 2300 1324 senior,

425 1350 502 1372 quein
517 1349 558 1364 an.
575 1341 644 1369 1379,
661 1341 731 1371 Maii,
747 1341 857 1364 Parisiis
873 1341 993 1364 videmus
1007 1341 1069 1371 (vid.
1086 1341 1155 1364 infra
1171 1342 1210 1365 De
1223 1341 1401 1372 Schssmate),
1417 1349 1468 1364 non
1485 1340 1534 1364 fuit
1549 1340 1575 1363 in
1591 1340 1649 1364 istis
1665 1339 1818 1363 civitatibus
1831 1348 1890 1363 cum
1903 1339 2036 1363 Clemente
2048 1339 2103 1367 vn,
2118 1339 2163 1370 qui
2180 1347 2223 1363 an.
2240 1338 2301 1363 1379

426 1389 534 1414 tantum,
551 1385 612 1408 Maii
626 1386 664 1414 22,
679 1393 710 1408 ex
723 1385 799 1408 Italia
812 1385 933 1414 recessit;
946 1385 1019 1409 Junii
1035 1386 1046 1408 1
1061 1385 1149 1409 Niciae
1165 1386 1329 1419 morabatur,
1342 1385 1415 1408 Junii
1427 1385 1498 1408 10-12
1512 1384 1656 1414 Massiliae,
1668 1384 1713 1407 ubi
1726 1384 1750 1408 ei
1766 1383 1839 1407 Juuii
1855 1384 1884 1407 10
1897 1383 2014 1413 (minime
2025 1383 2087 1407 Jun.
2100 1383 2140 1413 25,
2151 1386 2180 1407 ut
2194 1383 2299 1414 Baluxe,

430 1430 482 1454 Vit.
493 1436 561 1460 pap.
574 1431 673 1462 Auen.⁷
689 1430 708 1458 I,
723 1430 792 1458 1252,
810 1430 879 1460 1269,
896 1430 997 1460 scribit)
1013 1430 1161 1453 cardinales
1178 1430 1310 1454 Ebredun.
1327 1433 1352 1453 et
1372 1429 1495 1453 Nicolaus
1516 1429 1548 1452 de
1571 1429 1597 1453 S.
1615 1428 1757 1452 Saturnino
1772 1431 1944 1452 occurrerunt
1962 1427 2050 1457 (Ax-eh.
2062 1428 2120 1452 Vat.
2136 1427 2197 1452 Ohl.
2212 1431 2242 1451 n⁰
2259 1428 2299 1457 43,

425 1474 469 1497 fol.
486 1475 538 1503 56):
555 1474 627 1497 Junii
641 1475 679 1502 20,
695 1474 853 1497 Avenionem
865 1474 974 1497 intravit
989 1474 1051 1503 (vid.
1068 1474 1224 1503 Sauerland,
1236 1474 1310 1499 Hist.
1321 1475 1430 1506 Jahrb„
1445 1474 1512 1502 Xlll,
1525 1474 1588 1503 103),
1603 1473 1649 1496 sed
1664 1473 1798 1496 Johannes
1815 1473 1927 1505 Danton,
1943 1473 2054 1496 fortasse
2067 1480 2127 1495 cum
2137 1472 2253 1495 Arnoldo
2268 1472 2301 1496 de

424 1518 559 1546 Emelisse,
570 1526 662 1541 versus
678 1518 742 1541 fines
754 1518 845 1542 Italiae
859 1518 916 1548 ivit,
925 1518 1014 1550 ibique
1024 1522 1085 1550 post
1093 1518 1246 1542 electionem
1256 1518 1397 1542 Clementis
1411 1519 1457 1542 VII
1468 1526 1516 1549 pro
1528 1517 1651 1549 partibus
1666 1517 1745 1549 hujus
1761 1525 1847 1549 papae
1862 1517 1942 1545 stetit,
1954 1516 2124 1548 speravitque
2139 1524 2238 1548 papam
2248 1516 2299 1540 cito

425 1563 527 1586 ltaliam
548 1562 701 1585 relicturum
722 1566 748 1586 et
768 1563 795 1585 in
819 1563 957 1586 Franciam
981 1564 1172 1594 profecturum.
1189 1563 1315 1586 Clementi
1336 1563 1382 1586 VII
1402 1566 1464 1586 tunc
1486 1562 1565 1586 etiam
1584 1562 1734 1593 Stephanus
1755 1561 1860 1586 Galdeti
1883 1561 2013 1590 adhaesit,
2028 1561 2074 1593 qui
2093 1560 2201 1584 nuntius
2218 1561 2300 1585 theol.

426 1607 528 1630 videtur
545 1607 625 1630 l'uisse
642 1607 704 1636 (vid.
722 1606 792 1630 infra
807 1611 836 1629 n⁰
851 1607 931 1637 1430).
945 1607 1103 1636 Notandum,
1118 1607 1183 1630 duos
1198 1607 1264 1630 istos
1280 1607 1405 1631 nationis
1423 1607 1590 1631 Gallicanae
1605 1606 1745 1638 supposita
1762 1606 1852 1637 fuisse,
1869 1606 1944 1637 cujus
1960 1606 2076 1629 rotulum
2091 1606 2183 1629 Petrus
2196 1605 2229 1629 de
2242 1605 2299 1629 Ail-

425 1651 491 1674 liaco
507 1651 560 1682 jam
575 1654 633 1674 ante
647 1651 850 1675 declarationem
864 1651 897 1674 ab
913 1651 1090 1675 Universitate
1102 1660 1151 1683 pro
1166 1652 1298 1675 Clemente
1310 1652 1355 1675 Vll
1373 1653 1467 1675 factam
1483 1651 1527 1674 isti
1543 1659 1628 1683 papae
1641 1651 1822 1682 praesentavit
1833 1650 1897 1680 (vid.
1909 1650 2068 1675 Introduct.
2083 1650 2116 1673 ud
2132 1654 2183 1673 nm
2198 1650 2258 1674 1428
2274 1652 2300 1674 et

425 1695 494 1719 infra
510 1697 550 1719 De
564 1696 736 1725 Schismate).
751 1710 771 1713 -
792 1696 815 1719 3.
826 1695 884 1720 Vid.
901 1704 982 1727 supra
998 1696 1032 1719 11¹³
1047 1696 1115 1725 1410,
1134 1696 1203 1719 1411.

431 1861 571 1898 1420.
597 1870 723 1897 Clemens
745 1872 797 1897 VII
807 1871 997 1902 Bertrando⁴‚
1013 1872 1146 1908 episcopo
1161 1872 1295 1906 Ostiensi,
1312 1875 1342 1897 ut
1358 1872 1507 1898 Matthaeo
1523 1871 1558 1897 de
1576 1873 1685 1905 Crema,
1707 1871 1775 1897 Ord.
1785 1873 1856 1905 frat.
1870 1872 1952 1907 Min„
1968 1880 2022 1907 per
2035 1871 2191 1897 Iohannem
2207 1870 2299 1897 Blan—

514 1919 641 1954 chardi‘2‚
660 1919 799 1946 decanum
814 1920 1007 1955 Leodiensem,
1025 1920 1213 1954 familiarem,
1229 1925 1256 1947 et
1267 1920 1467 1956 Raymundum
1483 1920 1518 1946 de
1534 1922 1625 1951 Bona,
1646 1920 1713 1946 Ord.
1731 1920 1848 1956 Praeti„
1863 1923 2055 1955 consessorem
2067 1928 2176 1956 papae,
2193 1928 2298 1946 sacrae

513 1968 640 2003 paginae
655 1969 817 2002 magistroS,
840 1969 1016 2002 examinato,
1036 1969 1166 2003 docendi,
1188 1969 1302 2004 legendi
1317 1973 1344 1995 et
1359 1969 1478 2004 regendi
1500 1969 1605 2005 ubique
1625 1969 1654 1995 in
1668 1969 1813 2003 facultate
1826 1969 1982 2005 praedicta
1997 1968 2113 2005 plenam
2129 1972 2156 1994 et
2176 1968 2298 1994 liberam
2342 2002 2346 2005 ,

514 2016 659 2042 licentiam
673 2017 819 2052 publicam
836 2017 954 2052 tribuat,
970 2026 1077 2044 necnon
1092 2018 1224 2044 honorem
1245 2019 1406 2053 magisterii
1423 2018 1579 2054 praedicti.
1606 2019 1672 2045 Dat.
1693 2019 1802 2045 Fundis
1822 2019 1870 2052 viij
1886 2019 1944 2044 kal.
1962 2018 2076 2052 Aprilis,
2093 2025 2172 2044 anno
2189 2018 2295 2052 primo.

516 2076 529 2089 «
546 2066 630 2092 Sacra
644 2066 790 2100 theologia
806 2076 831 2091 ».

1658 2104 1735 2133 1379,
1752 2103 1840 2129 Martii
1851 2104 1895 2132 25.
1910 2103 2009 2129 Fundis.

518 2189 580 2220 Reg.
594 2189 652 2212 Vat.
666 2189 806 2212 Clementis
819 2189 875 2221 Vll,
889 2193 917 2212 n⁰
932 2190 986 2219 291,
1004 2190 1048 2213 sol.
1063 2190 1134 2214 11:3¹1.
1152 2204 1176 2208 -—-
1189 2191 1238 2214 An.
1253 2191 1324 2220 1380,
1338 2191 1399 2214 Maii
1414 2192 1452 2221 19,
1464 2191 1518 2223 jam
1534 2191 1671 2222 magister,
1686 2199 1746 2214 cum
1762 2191 1946 2214 Bartholomeo
1961 2190 1992 2214 de
2008 2190 2106 2217 Padua,
2122 2189 2206 2221 ejusd.
2220 2189 2294 2218 Ord.,

424 2241 439 2255 a
457 2233 588 2256 Clemente
603 2233 648 2256 Vll
664 2233 690 2256 in
707 2233 890 2256 Lombardiam
908 2234 1004 2257 missus
1020 2237 1060 2257 est
1076 2235 1162 2263 (Arch.
1177 2235 1244 2262 Vah,
1262 2234 1376 2259 Introit.
1393 2240 1416 2259 et
1436 2236 1520 2263 Exit..
1537 2240 1566 2258 n⁰
1581 2236 1634 2264 352,
1658 2237 1675 2259 s.
1695 2235 1761 2267 61¹²).
1777 2235 1915 2259 Nescimus
1930 2243 1963 2258 an
1983 2234 2018 2258 sit
2037 2234 2086 2258 iste
2101 2234 2248 2258 Matthaeus
2263 2233 2296 2257 de

423 2277 538 2308 Agaciis,
549 2277 612 2300 Ord.
626 2277 699 2306 Min„
710 2286 779 2309 mag.
791 2278 818 2300 in
831 2278 920 2305 theol.,
936 2278 980 2310 qui
995 2286 1038 2302 an.
1053 2278 1123 2307 1381,
1138 2279 1259 2303 Deccmh.
1276 2281 1313 2308 16,
1330 2281 1413 2303 sactus
1425 2283 1464 2303 est
1477 2280 1558 2312 episc.
1574 2280 1743 2311 Bergomens.
1753 2281 1826 2311 (neg.
1839 2281 1920 2304 Aven.
1933 2279 2060 2303 clement.
2071 2279 2126 2307 Vll,
2140 2279 2193 2302 vol.
2207 2278 2293 2307 xxw,

423 2322 469 2345 sol.
486 2322 534 2351 38).
550 2322 627 2344 Deest
641 2322 712 2352 apud
728 2322 833 2353 Ughelli
849 2325 874 2345 et
887 2322 976 2347 Gams.

518 2406 539 2428 1.
559 2405 720 2428 Bertrandus
735 2406 850 2437 Augerii,
865 2406 928 2430 Ord.
946 2406 1017 2433 Min,
1037 2406 1153 2438 episcop.
1172 2407 1354 2437 Glandatens.,
1373 2416 1415 2432 nn.
1434 2408 1503 2437 1371,
1521 2409 1582 2432 Jun.
1599 2410 1621 2436 8,
1638 2408 1709 2431 card.
1727 2408 1753 2431 S.
1771 2407 1885 2437 Priscae,
1902 2408 1962 2430 1378
1982 2407 2063 2439 episc.
2081 2407 2196 2431 Ostiens.
2217 2406 2294 2436 (Con-

424 2449 500 2472 telori
515 2457 545 2472 ex
560 2449 636 2472 Arcb.
653 2450 710 2473 Vnt.
727 2450 787 2474 Obl.
803 2455 832 2473 n0
848 2452 887 2474 45,
907 2452 923 2474 f.
941 2451 1004 2480 150).
1019 2465 1049 2468 -—
1065 2452 1088 2474 ’2.
1105 2451 1197 2474 Postea
1214 2452 1403 2475 cancellarium
1421 2452 1506 2476 Paris.

428 2615 519 2651 142
529 2616 550 2652 1
561 2644 569 2652 .
592 2624 735 2651 lohannes
751 2626 786 2652 de
801 2626 875 2652 Beke
890 2631 982 2653 rector
1002 2628 1200 2654 Universitatis
1215 2628 1331 2655 electus.

1659 2686 1734 2715 1379,
1750 2685 1818 2711 danii
1830 2685 1873 2715 23,
1890 2684 2004 2710 Parisiis.

511 2767 616 2800 Anno
635 2768 778 2801 Domini
797 2770 894 2811 1379,
915 2769 953 2802 in
968 2770 1093 2815 vigilia
1114 2771 1208 2804 beati
1229 2771 1404 2805 Johannis
1426 2773 1602 2818 Baptiste,
1623 2772 1792 2805 facultate
1809 2772 1937 2805 artium
1955 2777 2176 2817 congregata
2196 2769 2291 2815 apud

423 2833 592 2866 Sanctum
608 2834 789 2867 Julianum
815 2836 1012 2880 Pauper-em
1039 2837 1215 2879 parisius,
1232 2838 1404 2872 advocata
1425 2851 1491 2884 per
1511 2838 1758 2873 venerabilem
1780 2839 1897 2872 virum
1923 2838 2137 2884 magistrum
2163 2835 2294 2870 Johan—

422 2911 503 2932 nem
533 2899 577 2932 de
601 2900 773 2941 Ξῑντιίεῐι*Ἴ
800 2908 975 2934 rectorem
1005 2903 1262 2937 Universitatis
1285 2905 1498 2946 parisiens„
1521 2905 1564 2938 ad
1591 2905 1803 2950 eligendum
1825 2917 1958 2938 novum
1985 2910 2163 2937 rectorem
2190 2913 2291 2935 more
