2488 3386
447 336 511 368 156
1018 345 1337 368 cuni-rumimunt
1372 345 1562 367 UNIVERS.
1600 346 1732 368 rmus.
2208 329 2307 366 [1366

446 433 476 436 ——
490 420 513 443 3,
537 419 612 443 Livre
631 427 713 451 rouge
735 428 740 442 z
765 429 774 442 (ι
798 422 873 451 tagre
891 428 912 442 n.
936 434 960 437 -
986 420 1090 443 4.1bid.
1110 429 1112 431 ·
1132 429 1141 440 «r
1158 420 1241 442 Beron
1261 430 1278 442 υ.
1303 434 1330 435 j
1348 421 1371 442 5.
1394 419 1451 442 vid.
1474 427 1555 450 supra
1575 424 1604 442 n⁰
1622 420 1691 442 1283.
1708 433 1734 437 —
1751 420 1773 442 6.
1793 419 1889 442 Notatu
1905 418 2023 450 dignum,
2045 418 2193 441 derivatum
2213 426 2226 441 e
2246 426 2308 441 voce

447 463 548 487 Gallica
561 464 625 494 plat
641 465 715 495 (pays
727 464 801 495 plat).

453 564 725 600 1327.Elect1'o
741 573 866 599 rectoris.
884 575 925 598 De
941 573 1092 607 fundando
1109 573 1226 607 collegio
1251 576 1312 598 octo
1333 572 1521 605 scholaram,-
1544 572 1579 598 de
1599 574 1779 598 renovatione
1795 573 1955 608 juramenti
1972 572 2132 608 praepositi
2150 572 2257 606 Pari-§.5
2273 572 2308 598 de

535 621 719 656 carnificibus
735 622 764 647 in
780 622 835 648 vico
850 623 876 648 S.
897 623 1061 656 Genovefae.

1465 680 1538 707 1366,
1554 680 1623 705 dum'i
1633 679 1842 712 23-Septembrls
1857 681 1894 710 16,
1909 680 2022 706 Parisiis.

536 750 642 782 Anno
662 750 806 782 Domini
829 751 913 783 1366
928 750 1050 794 vigilia
1072 749 1165 782 beati
1181 749 1356 782 Johannis
1378 750 1538 794 Baptiste
1555 750 1694 783 electus
1713 750 1778 782 fuit
1800 750 1837 782 in
1858 756 2035 783 rectorem
2053 750 2307 784 Universitatis

449 816 665 849 Parisiensis
696 816 867 861 magister
890 816 1073 849 Johannes
1102 817 1230 855 Petri¹,
1252 817 1449 849 canonicus
1475 816 1658 850 Aboensis
1683 829 1722 849 ac
1748 823 1893 849 curatus
1916 816 2071 849 ecclesie
2095 817 2164 858 [de]
2186 817 2307 851 Sunda

450 882 612 926 ejusdem
631 883 797 927 dyocesis
820 882 863 915 de
885 894 998 928 regno
1021 883 1160 915 Suecie.
1184 884 1223 915 ln
1245 884 1349 927 cujus
1371 883 1524 916 rectoria
1540 883 1625 916 licet
1645 883 1746 928 plura
1768 884 1841 916 sint
1859 890 1948 920 acta,
1966 890 2084 916 tamen
2104 883 2151 916 ob
2173 895 2309 917 memo-

449 948 535 980 riam
556 949 758 981 futurorum
780 948 837 981 hic
859 949 1047 993 sequentia
1068 956 1153 982 sunt
1172 949 1318 982 inserta.

538 1015 670 1055 Primo,
697 1016 859 1059 quamvis
886 1016 1057 1060 magister
1084 1015 1291 1048 Moraldus²
1322 1016 1495 1061 magister
1524 1016 1561 1048 in
1587 1016 1771 1062 theologia
1799 1017 1928 1062 viginti
1958 1017 2062 1050 annis
2091 1023 2126 1050 et
2153 1017 2308 1062 amplius

447 1081 592 1114 nomine
616 1082 868 1114 Universitatis
889 1081 1085 1127 litigaverit
1110 1089 1233 1115 contra
1253 1083 1431 1127 quendam
1455 1083 1680 1116 Gousredum
1713 1075 1853 1116 ‘Roffleti
1882 1095 1993 1128 super
2012 1084 2198 1117 fundando
2219 1096 2308 1129 quo-

447 1147 524 1179 dam
548 1147 704 1193 collegio
727 1160 769 1180 ex
790 1154 888 1193 parte
909 1149 1072 1193 episcopi
1093 1149 1363 1191 Macloviensis,
1387 1156 1421 1182 et
1446 1150 1490 1182 ad
1515 1149 1623 1182 finem
1646 1149 1806 1183 debitum
1829 1150 2020 1195 pervenire
2043 1162 2116 1183 non
2137 1151 2308 1195 potuerit,

446 1213 702 1247 nichilominus
723 1214 772 1246 ixa
793 1214 851 1247 die
873 1215 1009 1247 mensis
1029 1215 1115 1248 Julii
1136 1227 1200 1260 per
1217 1216 1361 1248 modum
1383 1216 1578 1249 concordie
1599 1216 1836 1250 amicabiliter
1856 1217 1950 1250 inter
1971 1223 2090 1261 partes
2106 1216 2224 1250 taliter
2243 1217 2311 1251 suit

444 1280 588 1321 factum,
605 1280 775 1313 videlicet
794 1281 891 1325 quod
907 1281 1002 1314 idem
1024 1282 1197 1327 magister
1214 1283 1423 1316 Goufredus
1440 1283 1542 1316 daret
1560 1284 1763 1316 cautionem
1786 1283 2025 1316 sufficientem
2042 1295 2107 1328 pro
2123 1283 2309 1317 fundando

445 1346 600 1391 collegio
622 1353 702 1380 octo
720 1347 953 1388 scholarium,
970 1348 1141 1381 videlicet
1162 1355 1315 1393 quatuor
1336 1349 1372 1381 in
1394 1350 1501 1382 domo
1523 1350 1756 1383 Laudunensi
1774 1357 1810 1383 et
1829 1357 1983 1395 quatuor
1999 1350 2036 1382 in
2053 1350 2160 1383 domo
2178 1350 2310 1384 Maelo-

444 1413 573 1454 viensi,
599 1420 634 1446 et
653 1414 750 1458 quod
772 1413 926 1458 quilibet
951 1426 1075 1447 eorum
1102 1414 1366 1460 septimanatim
1389 1428 1453 1461 pro
1475 1416 1584 1449 bursa
1604 1416 1755 1450 haberet
1775 1423 1856 1450 octo
1878 1416 2019 1450 solidos
2047 1417 2254 1461 parisiens,
2275 1423 2312 1450 et

445 1479 622 1524 inciperet
641 1480 724 1512 dare
746 1480 875 1513 bursas
899 1481 935 1513 in
962 1481 1055 1514 festo
1081 1482 1215 1515 Natalis
1237 1483 1381 1515 Domini
1408 1483 1571 1528 proxime
1592 1484 1774 1528 sequenti,
1797 1483 2001 1516 redditibus
2021 1495 2108 1517 vero
2129 1483 2310 1516 sufficien—

445 1545 542 1578 tibus
563 1558 628 1590 pro
649 1546 781 1579 talibus
802 1546 924 1580 bursis
945 1548 1134 1589 ordinatis,
1161 1549 1251 1581 infra
1277 1561 1321 1582 xx
1348 1549 1499 1583 miliaria
1528 1562 1642 1595 prope
1663 1550 1823 1583 Parisius
1844 1550 2016 1583 redibunt
2036 1550 2079 1583 ad
2105 1550 2224 1595 ipsum
2250 1549 2311 1584 illa

446 1623 515 1656 que
543 1611 622 1644 loco
651 1613 828 1646 cautionis
855 1620 955 1646 erant
984 1614 1074 1647 data.
1108 1615 1278 1648 Promisit
1297 1616 1401 1648 etiam
1424 1616 1521 1661 quod
1547 1617 1747 1650 secundum
1770 1617 2030 1650 conscientiam
2052 1628 2152 1650 suam
2179 1616 2311 1650 melius

444 1678 591 1718 faceret,
613 1679 644 1711 si
666 1686 790 1723 posset
810 1679 1032 1725 obligatione
1053 1681 1119 1714 alia
1142 1694 1214 1714 non
1235 1683 1417 1715 astrictus.
1442 1684 1484 1716 Et
1504 1695 1615 1728 super
1637 1684 1704 1717 ista
1728 1684 1923 1717 concordia
1943 1684 1994 1716 sic
2010 1684 2100 1716 facta
2116 1683 2160 1716 ad
2182 1694 2312 1728 reque-

446 1751 535 1777 stam
553 1745 741 1790 utriusque
763 1746 887 1790 partis,
905 1754 988 1791 puta
1007 1748 1260 1781 Universitatis
1281 1756 1315 1781 et
1331 1749 1485 1794 predicti
1505 1751 1669 1795 magistri
1687 1751 1747 1792 G.,
1769 1757 1804 1784 et
1825 1751 1984 1783 unanimi
2006 1761 2191 1783 consensu
2211 1750 2311 1795 ipso-

445 1823 523 1843 rum
554 1811 662 1844 latum
692 1812 758 1844 fuit
786 1819 961 1845 arrestum
994 1814 1030 1846 in
1058 1814 1295 1855 Parlamento,
1323 1822 1358 1848 et
1387 1816 1649 1850 condemnatus
1682 1818 1749 1850 suit
1779 1817 1964 1862 predictus
1995 1817 2167 1862 magister
2193 1816 2237 1850 G.
2266 1816 2311 1850 ad

445 1877 565 1910 omnia
584 1878 800 1922 supradicta.

535 1945 621 1976 Item
652 1945 859 1989 prepositus
894 1947 1131 1980 Parisiensis³
1169 1948 1253 1981 licet
1287 1949 1471 1982 distulerit
1499 1957 1535 1983 et
1563 1963 1643 1983 cum
1679 1963 1806 1996 magna
1841 1951 1979 1984 cautela
2017 1950 2234 1995 protraxerit
2266 1961 2311 1982 ne
2348 1994 2351 1996 ‚

444 2018 726 2055 recognosceret
755 2023 793 2044 se
818 2013 962 2056 jurasse
990 2013 1046 2046 vel
1078 2022 1267 2048 renovaret
1295 2028 1398 2048 suum
1425 2018 1684 2061 juramentum⁷
1716 2024 1751 2050 et
1777 2018 1821 2050 de
1850 2017 1917 2050 hoc
1947 2017 2171 2050 Universitas
2201 2016 2311 2050 susti-

445 2077 602 2109 nuisset³
631 2077 775 2111 labores
805 2079 981 2123 plurimos
1011 2092 1076 2125 per
1106 2088 1178 2114 tres
1206 2094 1333 2124 annos,
1357 2083 1439 2128 quia
1467 2085 1676 2129 prepositus
1697 2085 1786 2117 dixit
1814 2096 1852 2118 se
1879 2096 1952 2117 non
1972 2084 2088 2116 teneri
2115 2084 2309 2117 renovare‘

438 2143 681 2186 juramentum
699 2144 735 2176 in
752 2144 869 2189 aliqua
886 2146 1120 2179 ecclesiarum
1141 2149 1414 2191 parisiensium,
1434 2151 1677 2184 Universitate
1694 2151 1913 2184 contrarium
1931 2156 2130 2191 asserente,
2150 2149 2233 2194 quia
2253 2149 2311 2183 sui

444 2209 726 2253 predecessores
757 2210 825 2243 hoc
852 2212 1027 2254 fecerunt,
1051 2226 1116 2246 nec
1138 2227 1304 2259 umquam
1327 2216 1443 2249 visum
1465 2217 1533 2249 suit
1556 2218 1775 2250 contrarium
1800 2229 1806 2250 :
1835 2217 1990 2250 finaliter
2011 2217 2090 2261 ipse
2110 2215 2312 2261 comparuit

443 2287 524 2307 cum
546 2276 622 2308 suis
644 2277 886 2311 servientibus
908 2279 944 2310 in
966 2280 1094 2312 Sancto
1118 2281 1255 2326 Eligio⁶
1277 2294 1396 2315 coram
1414 2283 1595 2328 deputatis
1617 2284 1888 2326 Universitatis,
1913 2283 2084 2317 videlicet
2110 2289 2251 2316 rectore
2276 2288 2312 2315 et

444 2348 597 2385 quatuor
617 2344 913 2387 procuratoribus
935 2352 969 2378 et
991 2358 1054 2378 sex
1075 2348 1258 2392 magistris
1282 2349 1317 2381 iu
1341 2349 1537 2395 theologia,
1555 2351 1726 2384 videlicet
1748 2351 1922 2395 magistro
1938 2350 2102 2383 Johanne
2125 2348 2256 2382 Falista
2276 2354 2312 2382 et

444 2408 616 2452 magistro
637 2409 819 2442 Johanne⁷
842 2418 991 2455 regente
1019 2413 1055 2444 in
1084 2413 1190 2446 domo
1212 2414 1554 2459 Augustinensium,
1581 2417 1662 2450 aliis
1690 2417 1917 2458 absentibus,
1945 2417 2008 2449 sed
2038 2416 2119 2448 loco
2147 2415 2310 2460 ipsorum

444 2473 523 2506 aliis
546 2475 650 2507 etiam
673 2477 885 2521 assumptis,
909 2490 951 2510 ex
978 2486 1077 2523 parte
1099 2480 1373 2514 decretistarum
1396 2483 1532 2516 decano
1554 2484 1718 2528 ipsorum
1740 2484 1913 2529 magistro
1934 2483 2098 2517 Johanne
2119 2481 2309 2523 Tonsoris,

445 2546 480 2572 et
498 2541 670 2585 magistro
689 2542 851 2575 Johanne
876 2544 972 2577 Scoti
997 2547 1166 2590 deputato
1186 2559 1228 2579 ex
1250 2555 1347 2592 parte
1368 2549 1548 2590 absentis;
1571 2562 1614 2583 ex
1635 2558 1734 2595 parte
1757 2551 1980 2583 medicorum
2003 2549 2176 2594 magistro
2204 2549 2310 2581 Petro

444 2607 535 2650 Lupi
557 2614 591 2639 et
612 2607 692 2640 aliis
715 2609 990 2653 quamplurimis
1012 2613 1195 2656 magistris
1218 2621 1252 2646 et
1271 2615 1487 2648 scolaribus.
1512 2618 1620 2650 Lecto
1642 2617 1754 2662 igitur
1771 2617 1935 2662 quolibet
1954 2615 2105 2649 articulo
2127 2614 2310 2660 privilegii

444 2684 509 2717 per
529 2673 740 2718 magistrum
762 2676 973 2720 Dyonisiuin
992 2678 1149 2711 Flatonis
1171 2680 1292 2714 verbis
1315 2681 1434 2715 latinis
1457 2683 1734 2727 particulariter,
1753 2683 1938 2729 sigillatim
1960 2689 1995 2715 et
2011 2681 2256 2722 dearticulate,
2275 2686 2311 2714 et

444 2740 607 2783 exposito
634 2741 739 2773 etiam
768 2742 895 2774 eodem
924 2744 1031 2776 modo
1059 2745 1096 2777 in
1124 2746 1263 2779 Gallico
1295 2760 1358 2792 per
1378 2749 1563 2782 dominum
1594 2751 1820 2795 prepositum
1841 2750 1928 2783 satis
1956 2748 2120 2794 pulchre,
2145 2747 2309 2792 quamvis

443 2804 574 2838 dixerit
594 2807 670 2839 suis
693 2808 937 2841 servientibus
958 2810 1054 2854 quod
1083 2812 1183 2855 prius
1209 2813 1273 2845 ista
1298 2826 1369 2846 non
1385 2816 1563 2859 juraverit
1585 2823 1763 2861 tamquam
1785 2816 1855 2849 sibi
1876 2814 2132 2860 impossibilia,
2154 2813 2310 2846 finaliter

442 2877 561 2904 tamen
582 2879 665 2917 post
685 2874 814 2907 multas
835 2874 1086 2909 altercationes
1108 2877 1191 2911 hinc
1214 2879 1297 2912 inde
1318 2881 1426 2914 factas
1454 2883 1620 2926 promisit
1639 2883 1710 2916 fide
1732 2883 1848 2915 media
1874 2894 1913 2915 se
1934 2882 2054 2915 omnia
2082 2887 2308 2914 servaturum
