2488 3386
469 331 534 363 306
1035 339 1351 362 cnxn'rULAmUM
1387 337 1576 359 uxivssns.
1614 336 1743 358 PARIS.
2226 323 2324 359 [1382

469 414 599 446 dictum
631 421 845 458 temptamen
874 414 1071 458 procedere
1100 419 1249 457 poterat,
1279 412 1438 456 alioquin
1465 411 1561 456 quod
1584 422 1690 443 secus
1715 411 1845 442 sactum
1870 410 1986 442 suerat
2006 409 2143 442 nullum
2171 416 2258 447 erat,
2285 422 2324 443 ac

469 480 634 524 impediri
665 487 699 512 et
728 480 878 512 anullari
909 479 1063 512 debebat
1092 491 1099 511 :
1131 478 1388 511 nichilominus
1420 490 1513 522 mag.
1543 477 1724 509 Jordanus
1757 476 1800 508 de
1833 476 1960 517 Clivis,
1992 476 2149 509 nationis
2177 476 2322 521 Anglie,

467 546 638 590 magister
658 546 694 578 in
720 545 856 578 artibus
885 553 919 578 et
945 545 1169 578 bachalarius
1196 545 1231 576 in
1254 544 1449 588 theologia,
1476 556 1514 575 sc
1540 555 1673 588 gerens
1704 554 1768 587 pro
1794 542 2092 575 vicecancellario
2114 543 2323 576 monasterii

467 613 573 644 Beate
595 612 778 645 Genovese
800 612 972 657 predicte,
991 618 1206 656 temptamen
1228 611 1312 643 dicti
1334 610 1402 642 loci
1426 612 1532 642 Beate
1554 610 1739 643 Genovese
1761 609 1940 654 apperire,
1958 621 1997 642 ae
2019 609 2143 654 plures
2164 609 2323 643 scolares

466 678 526 722 qui
543 677 675 710 ibidem
694 678 745 710 ire
763 685 797 710 et
812 678 983 710 accedere
1000 677 1199 717 voluerant,
1218 676 1425 720 dictumque
1443 682 1659 720 temptamen
1676 675 1845 707 claudere
1862 687 2004 708 necnon
2022 675 2146 720 plures
2163 676 2322 709 scolares

467 750 655 788 temptatos
684 756 747 789 pro
775 744 940 777 intrando
962 755 1123 784 examen,
1146 750 1183 775 ut
1210 743 1389 775 licentiam
1419 742 1455 774 in
1483 742 1574 774 dicta
1603 741 1770 774 facultate
1796 742 1922 774 artium
1955 741 2175 782 obtinerent,
2203 743 2320 776 vocari

464 810 580 842 facere
608 811 709 843 nisus
736 812 863 851 suerat,
886 822 1086 855 quanquam
1115 822 1178 854 per
1198 809 1330 842 dictum
1359 808 1521 841 abbatem
1543 808 1599 840 vel
1630 808 1884 841 cancellarium
1910 808 2048 842 electus
2076 821 2148 841 non
2178 809 2320 850 fuisset,

466 888 666 921 quanquam
692 877 795 909 etiam
827 889 898 909 non
919 884 1017 909 esset
1033 876 1204 920 magister
1225 875 1261 907 in
1283 875 1478 919 theologia,
1502 886 1567 907 nec
1588 874 1826 908 cancellarius
1848 875 2021 920 magister
2041 876 2077 908 in
2105 875 2255 917 artibus,
2283 889 2322 909 ac

466 943 583 975 dictus
611 955 702 988 mag.
729 944 907 976 Jordanus
932 944 1174 986 juramentum
1204 942 1402 986 predictum
1434 953 1505 973 non
1527 941 1693 982 secissct3
1717 948 1751 974 et
1778 941 1928 986 insuper
1955 942 2118 987 magistri
2138 942 2322 977 Johannes

465 1009 638 1042 Trouillet
660 1010 833 1049 Picardie,
858 1009 1040 1042 Johannes
1062 1009 1105 1041 de
1124 1007 1288 1041 Vallibus
1310 1008 1503 1040 Normanie
1525 1014 1557 1040 et
1580 1008 1704 1053 Guyso
1727 1008 1858 1053 Anglie
1879 1009 2078 1049 nationum,
2097 1021 2135 1042 se
2157 1009 2320 1043 dicentes

466 1076 657 1119 magistros
679 1076 713 1107 in
735 1075 872 1108 artibus
893 1087 931 1107 ac
953 1087 991 1107 se
1013 1087 1077 1119 pro
1101 1073 1376 1118 temptatoribus
1398 1074 1483 1106 dicti
1510 1074 1753 1119 temptaminis
1783 1076 1891 1107 Beate
1919 1076 2106 1108 Genovese
2134 1083 2318 1121 gerentes,

463 1141 595 1174 dictum
614 1148 828 1186 temptamen
845 1142 952 1173 Beate
969 1141 1154 1174 Genovese
1170 1152 1249 1173 cum
1268 1140 1430 1185 predicto
1448 1140 1620 1185 magistro
1636 1141 1794 1173 Jordano
1811 1141 2052 1186 apperierant,
2071 1141 2321 1187 scolaresque,

462 1207 522 1251 qui
543 1207 675 1240 ibidem
693 1214 933 1248 accesserant,
954 1207 991 1239 in
1013 1206 1178 1251 pluribus
1200 1213 1235 1239 et
1255 1207 1410 1240 diversis
1431 1206 1522 1239 locis
1543 1207 1629 1239 dicti
1651 1208 1860 1240 monasterii
1882 1214 2154 1253 temptaverant,
2177 1209 2319 1253 predic-

461 1280 606 1318 tumque
630 1280 842 1318 temptamen
864 1273 1079 1313 clauserant,
1106 1273 1303 1318 pluresque
1325 1273 1515 1306 scolarium
1546 1285 1610 1318 per
1630 1274 1731 1318 ipsos
1753 1281 1987 1319 temptatores
2008 1282 2224 1308 vocaverant
2251 1287 2317 1309 seu

458 1340 577 1373 vocari
598 1341 768 1380 fecerant,
787 1347 823 1372 ut
845 1340 977 1372 dictum
1001 1352 1148 1372 examen
1171 1341 1277 1372 Beate
1299 1340 1485 1373 Genovese
1507 1340 1680 1373 intrarent
1702 1353 1741 1373 ac
1762 1340 1895 1373 ibidem
1919 1341 2099 1374 licentiam
2122 1342 2157 1375 in
2178 1342 2317 1376 artibus

458 1406 675 1447 obtinerent,
694 1406 830 1451 absque
852 1419 894 1439 eo
913 1406 1009 1450 quod
1031 1407 1271 1451 prenominati
1293 1407 1455 1451 magistri
1476 1407 1670 1448 Jordanus,
1689 1407 1879 1449 Trouillet,
1898 1408 1942 1440 de
1958 1408 2124 1442 Vallibus
2141 1416 2176 1441 et
2191 1410 2316 1455 Guyso

459 1485 522 1517 per
543 1473 658 1505 dictos
684 1473 845 1505 abbatem
876 1480 908 1505 et
939 1473 1190 1505 cancellarium
1223 1474 1330 1505 Beate
1358 1474 1544 1506 Genovese
1574 1473 1708 1506 ibidem
1740 1474 1850 1519 positi
1870 1474 1927 1507 vel
1955 1475 2060 1508 electi
2090 1476 2258 1517 fuissent,
2282 1483 2317 1509 et

457 1539 592 1583 absque
615 1551 656 1571 co
683 1540 779 1583 quod
810 1539 1009 1584 predictum
1033 1541 1275 1584 juramentum
1305 1540 1411 1572 modo
1434 1540 1595 1584 predicto
1617 1541 1804 1582 fecissent,
1826 1553 1895 1586 que
1923 1542 2042 1574 omnia
2075 1543 2315 1587 prenominati

456 1612 491 1638 et
510 1618 632 1638 eorum
656 1605 805 1650 quilibet
828 1606 960 1650 injuste
981 1613 1013 1638 et
1035 1613 1157 1638 contra
1184 1607 1357 1638 rationem
1389 1619 1428 1638 ac
1456 1614 1579 1639 contra
1600 1607 1835 1649 voluntatem,
1859 1608 2111 1641 inhibitionem
2135 1616 2170 1642 et.
2190 1609 2315 1642 desen-

456 1672 594 1704 sionem
623 1673 798 1705 dictorum
827 1672 965 1705 abbatis
995 1679 1030 1705 et
1058 1679 1271 1714 conventus,
1301 1673 1505 1706 cancellarii
1535 1686 1574 1706 ac
1603 1674 1759 1707 nationis
1788 1674 1974 1708 Gallicane
2003 1676 2175 1717 fecerant,
2197 1677 2314 1710 dictos

455 1745 720 1782 conquerentes
744 1739 778 1770 in
800 1751 924 1771 eorum
947 1739 1245 1783 possessionibus
1267 1746 1302 1772 et
1328 1740 1474 1772 saisinis
1502 1740 1748 1785 perturbando
1775 1748 1810 1774 et
1838 1741 2071 1786 impediendo
2092 1742 2254 1776 indebite
2279 1751 2315 1777 et

455 1804 499 1836 de
516 1817 622 1845 novo,
641 1811 678 1837 ut
699 1805 876 1837 dicebant.
897 1807 938 1837 Et
954 1806 1036 1849 quia
1058 1805 1174 1838 dictus
1192 1806 1412 1838 examinator
1429 1807 1615 1840 Castelleti
1634 1807 1756 1852 plures
1773 1807 2011 1842 inhibitiones
2028 1816 2063 1842 et
2079 1809 2313 1844 defensiones

455 1871 714 1915 prenominatis
735 1872 880 1911 fecerat,
903 1872 987 1904 dicti
1008 1872 1187 1904 Jordanus
1210 1879 1244 1905 et
1264 1873 1442 1905 Trouillet
1466 1874 1508 1905 ad
1531 1880 1688 1907 nostram
1711 1874 1927 1907 Parlamenti
1949 1876 2083 1908 curiam
2110 1877 2313 1921 appellave-

455 1944 544 1978 rant,
570 1944 603 1970 et
623 1938 708 1970 dicti
730 1937 774 1970 de
790 1937 954 1970 vallibus
976 1945 1010 1970 et
1030 1939 1153 1983 Guyso
1175 1951 1213 1971 sc
1236 1947 1498 1983 opposuerant,
1523 1940 1655 1984 quibus
1677 1941 1948 1986 opponentibus
1971 1949 2066 1975 certa
2089 1943 2166 1976 dies
2192 1955 2310 1977 coram

455 2003 549 2035 dicto
572 2004 755 2048 preposito
772 2011 896 2036 nostro
912 2005 1022 2037 Paris.
1047 2017 1109 2049 per
1126 2005 1257 2038 dictum
1277 2007 1555 2039 examinatorem
1574 2008 1687 2040 suerat
1709 2009 1903 2053 assignata.
1923 2010 2073 2041 Demum
2092 2009 2184 2043 dicta
2205 2022 2311 2043 causa

454 2070 565 2102 suerat
587 2070 622 2102 in
644 2071 736 2102 dicta
758 2071 971 2103 parlamenti
991 2072 1089 2103 curia
1110 2072 1324 2104 introducta.

543 2137 758 2169 Constitutis
779 2137 889 2181 igitur
910 2144 1055 2182 propter
1076 2137 1142 2170 hoc
1165 2139 1200 2170 in
1223 2139 1313 2171 dicta
1335 2140 1433 2172 curia
1455 2147 1576 2173 nostra
1600 2140 1761 2185 partibus
1782 2142 1973 2175 antedictis
1995 2154 2059 2175 seu
2083 2155 2203 2176 earum
2227 2156 2310 2189 pro-

455 2202 693 2243 curatoribus,
712 2203 949 2247 ordinatoque
971 2216 1034 2248 per
1051 2204 1199 2236 eandem
1222 2206 1355 2238 curiam
1378 2206 1474 2250 quod
1495 2207 1687 2251 appellatio
1710 2208 1887 2241 dictorum
1908 2209 2056 2242 Jordani
2078 2216 2113 2243 et
2132 2211 2309 2244 Trouillet

455 2269 717 2313 oppositionem
739 2269 885 2310 valeret,
908 2270 994 2302 dicti
1015 2278 1280 2314 conquerentes
1306 2272 1371 2304 hec
1399 2279 1433 2305 et
1458 2273 1524 2305 alia
1546 2273 1652 2306 latius
1674 2275 1927 2319 proponendo,
1950 2288 2056 2308 omne
2076 2276 2206 2309 sactum
2228 2289 2310 2322 per-

456 2335 574 2367 tinens
591 2336 851 2379 proponebant,
867 2348 905 2368 ac
923 2348 1048 2369 omnes
1065 2337 1319 2371 conclusiones
1337 2339 1379 2371 ad
1397 2351 1516 2371 casum
1536 2341 1705 2373 novitatis
1722 2348 1928 2386 spectantes
1944 2342 2133 2383 faciebant,
2152 2344 2309 2388 petendo

456 2401 712 2434 recredentiam
741 2402 811 2434 sibi
838 2402 915 2434 fieri
945 2403 981 2434 in
1007 2415 1089 2435 casu
1112 2404 1308 2445 dilationis,
1331 2412 1365 2437 et
1391 2406 1488 2450 quod
1515 2406 1599 2439 dicti
1621 2414 1849 2451 opponentes
1870 2408 1907 2440 in
1929 2408 2106 2453 dampnis,
2130 2410 2308 2444 interesse

456 2474 490 2500 ct
517 2468 685 2512 expensis
713 2469 887 2500 dictorum
917 2470 1214 2513 conquerentium
1244 2472 1608 2516 condempnarentur.
1639 2474 1753 2506 Dictis
1783 2475 2053 2519 opponentibus
2083 2488 2126 2509 ex
2154 2477 2308 2511 adverso

456 2534 741 2578 proponentibus
763 2541 796 2566 et
816 2535 1032 2575 dicentibus,
1052 2536 1147 2579 quod
1169 2537 1328 2569 Pau-isius
1349 2538 1385 2569 in
1403 2539 1645 2572 Universitate
1667 2547 1752 2573 sunt
1773 2548 1926 2585 quatuor
1943 2542 2121 2584 nationes,
2138 2543 2309 2577 videlicet

454 2600 648 2641 Gallicana,
674 2612 814 2633 necnon
835 2602 1009 2641 Picardie,
1031 2603 1223 2635 Normanic
1245 2610 1276 2635 et
1298 2604 1442 2648 Anglic,
1462 2606 1630 2649 quodque
1648 2606 1730 2638 dum
1755 2607 1913 2640 studium
1933 2609 2187 2642 Universitatis
2210 2610 2308 2643 Pari-

453 2667 585 2699 siensis
608 2678 671 2711 per
691 2667 784 2699 clare
807 2667 977 2699 memorie
1006 2668 1175 2700 Karolum
1199 2671 1366 2713 Magnum
1397 2671 1693 2714 predecessorem
1723 2680 1887 2706 nostrum
1910 2674 1954 2706 de
1980 2675 2122 2708 civitate
2149 2677 2306 2709 Romana

451 2733 493 2765 ad
515 2733 690 2765 civitatem
714 2740 869 2765 nostram
897 2733 1136 2766 parisiensem
1158 2735 1366 2767 translatum
1396 2738 1523 2777 suerat,
1546 2738 1581 2769 in
1611 2739 1773 2782 predicto
1802 2741 2022 2773 monasterio
2052 2743 2158 2775 Beate
2184 2736 2306 2776 Geno-

449 2800 527 2832 vese
558 2806 699 2832 creatus
725 2806 759 2832 et
786 2799 971 2831 ordinatus
999 2800 1113 2832 suerat
1140 2801 1377 2834 cancellarius
1404 2803 1493 2835 alter
1523 2805 1777 2849 religiosorum
1806 2808 2017 2840 monasterii
2043 2809 2208 2853 predicti.
2236 2809 2305 2852 Qui

449 2866 593 2910 quidem
619 2865 866 2906 cancellarius,
895 2866 924 2897 si
953 2877 1024 2897 non
1050 2866 1093 2898 sit
1122 2868 1295 2911 magister
1316 2868 1351 2900 in
1373 2869 1522 2902 artibus,
1547 2870 1652 2903 lcbct
1675 2872 2009 2906 vicecancellariuin
2033 2875 2245 2920 magistrum
2267 2876 2304 2908 in

570 2924 608 2946 39.
