2488 3386
465 342 506 374 52
1042 349 1361 372 cinai-uminum
1396 347 1586 370 UNIVERS.
1623 346 1750 368 PARIS.
2228 331 2326 368 [1357

556 426 609 458 20.
634 424 669 458 Si
691 424 771 469 quis
801 423 949 457 excedat
968 435 1157 456 numerum
1181 434 1391 468 puerorum,
1417 421 1556 454 retineo
1585 420 1622 452 in
1647 420 1742 452 mea⁷
1765 418 2008 464 dispositione
2028 418 2183 463 pretium
2211 417 2326 451 scola-

468 492 559 525 rium
581 491 673 524 ultra
694 502 883 524 numerum
904 502 1131 523 concessum.

556 559 609 591 21.
632 557 761 590 Nullus
782 564 883 590 exeat
902 556 1021 590 villam
1047 556 1118 589 nisi
1139 556 1185 589 sit
1204 556 1350 596 festum,
1375 554 1446 587 nisi
1468 554 1511 586 de
1541 552 1685 585 licentia
1707 551 1878 592 cantoris,
1906 558 1940 584 et
1963 551 2034 584 nisi
2062 551 2216 584 dimittat
2240 551 2325 585 sub-

467 627 682 657 monitorem
705 623 955 663 sufficientem,
978 629 1013 655 et
1032 622 1099 655 hoc
1121 622 1164 654 de
1186 632 1367 654 consensu
1389 620 1560 653 cantoris.

555 692 607 723 22.
631 690 766 723 Omnes
788 689 950 734 magistri
967 695 1001 721 et
1016 688 1187 733 magistre
1210 687 1343 720 debent
1363 698 1444 719 esse
1466 686 1503 718 in
1523 685 1687 730 exequiis
1705 684 1959 729 magistrorum
1977 696 2041 718 seu
2058 685 2323 730 magistrarum.

554 758 608 790 23.
630 756 734 789 Nulla
753 755 883 788 mulier
902 754 1031 788 habeat
1050 754 1121 787 nisi
1142 754 1264 787 filias⁸.

554 824 607 856 24.
629 822 758 855 Nullus
780 822 905 854 doceat
926 821 1039 854 libros
1061 821 1304 866 grammatice,
1328 820 1398 853 nisi
1419 819 1466 852 sit
1486 818 1605 851 bonus
1622 818 1877 863 grammaticus
1898 824 1934 851 et
1952 818 2149 851 sufficiens.

552 891 605 922 25.
630 889 665 922 Si
687 888 768 934 quis
789 888 878 921 sciat
897 887 1051 932 aliquem
1074 887 1262 920 docentem
1281 898 1414 931 pueros
1436 886 1515 918 sine
1536 885 1716 925 licentia⁹,
1739 884 1962 918 revelabit¹⁰.

551 956 640 989 26¹¹.
664 957 801 996 [Jurent
826 954 934 999 quod]
963 965 1028 998 pro
1058 953 1169 986 scolis
1194 952 1371 986 habendis
1400 951 1490 984 nihil
1512 951 1693 984 dederunt
1719 958 1780 984 aut
1800 952 2059 996 promiserunt,
2082 951 2266 996 nichilque
2286 951 2323 984 in

462 1022 621 1055 futurum
638 1021 847 1066 promittent
867 1031 931 1052 seu
949 1018 1095 1052 dabunt.

550 1089 603 1121 27.
636 1087 808 1120 Similiter
836 1098 901 1130 pro
936 1085 1047 1118 scolis
1077 1085 1183 1117 alicui
1219 1084 1392 1129 magistro
1423 1083 1663 1129 procurandis
1693 1083 1804 1117 nichil
1833 1083 1876 1116 ab
1906 1083 2027 1128 aliquo
2057 1084 2233 1129 recipient
2257 1095 2322 1117 seu

461 1154 607 1199 aliquod
628 1159 767 1198 pactum
789 1152 931 1185 facient.

547 1221 602 1254 28.
625 1221 727 1260 Item,
753 1219 784 1251 si
805 1218 1018 1263 conti[n]gat
1036 1229 1102 1251 vos
1125 1229 1254 1262 capere
1280 1218 1588 1262 vicemagistrum,
1614 1216 1873 1262 presentabitis
1900 1229 1980 1250 eum
2011 1217 2158 1251 domino
2185 1217 2323 1252 cantori

458 1287 549 1319 infra
576 1292 656 1319 octo
678 1285 768 1326 dies,
791 1291 826 1318 et
845 1291 1035 1329 antequam
1055 1290 1196 1329 pactum
1218 1284 1365 1329 aliquod
1391 1284 1553 1317 feceritis
1580 1295 1662 1316 cum
1687 1284 1768 1329 ipso
1789 1284 2064 1329 vieemagistro;
2092 1291 2127 1317 et
2147 1284 2178 1318 si
2198 1291 2324 1318 cantor

458 1353 505 1386 sit
524 1352 669 1393 absens,
692 1351 802 1384 simili
822 1351 935 1384 forma
956 1350 1214 1395 presentabitis
1235 1350 1513 1395 procuratori¹²,
1535 1350 1572 1383 in
1590 1362 1661 1395 quo
1683 1362 1767 1383 casu
1790 1349 1891 1383 ibitis
1912 1350 1955 1383 ad
1976 1350 2092 1392 illurn,
2115 1363 2221 1396 quem
2246 1363 2324 1396 pro-

457 1425 600 1452 curator
618 1417 722 1452 vobis
739 1417 954 1458 nominabit3
978 1423 1013 1449 et
1025 1429 1098 1450 non
1119 1417 1303 1461 recipietis
1324 1413 1632 1462 vicemagistrum,
1656 1416 1727 1449 nisi
1748 1416 1792 1449 de
1813 1416 2042 1462 beneplacito
2063 1418 2270 1450 cantoris¹⁸.

544 1486 598 1518 29.
628 1486 730 1526 Item,
758 1495 831 1516 non
861 1483 1045 1528 recipietis
1071 1483 1366 1528 vicemagistrum
1397 1483 1468 1515 nisi
1501 1483 1545 1515 de
1570 1494 1754 1516 consensu
1784 1482 1922 1515 domini
1950 1484 2122 1525 cantoris,
2153 1490 2213 1516 aut
2240 1483 2321 1529 ipso

457 1552 620 1593 absente,
643 1550 888 1596 procuratoris
909 1550 1001 1594 ejus,
1020 1561 1085 1582 seu
1106 1549 1265 1594 deputati
1288 1561 1352 1594 per
1373 1549 1505 1595 ipsum.

547 1649 616 1672 Bibl.
632 1649 723 1672 Arsen.
740 1647 825 1671 Paris.
846 1655 895 1670 ms.
912 1647 967 1676 192,
991 1647 1035 1670 sol.
1051 1648 1090 1670 111.
1114 1647 1167 1670 1100
1188 1647 1288 1675 folium,
1307 1648 1376 1679 quod
1394 1648 1516 1670 ultimum
1531 1651 1580 1677 est,
1601 1651 1740 1671 consutum
1762 1651 1802 1671 est
1816 1648 1900 1671 codici
1920 1656 1962 1671 an.
1983 1648 2042 1671 1357
2061 1647 2167 1680 scripto,
2184 1651 2213 1671 ut
2230 1647 2322 1671 tabula

453 1693 613 1725 pascharum
631 1693 686 1722 (fol.
702 1693 731 1715 37
746 1695 771 1715 et
786 1691 836 1721 38¹1)
852 1691 957 1722 probat.
972 1692 1088 1715 Rasurac
1105 1694 1130 1714 et
1143 1691 1299 1714 mutationes
1314 1691 1339 1714 in
1350 1691 1507 1722 juramentis
1526 1692 1619 1715 obviae
1632 1700 1679 1715 nos
1696 1692 1790 1715 docent
1804 1692 1931 1716 minutam
1948 1700 1995 1715 seu
2005 1691 2162 1724 originalem
2177 1700 2235 1716 esse
2249 1691 2322 1716 illius

454 1737 567 1761 cantoris
583 1736 739 1760 Parisiensis
755 1736 799 1767 qui
813 1744 844 1759 ea
858 1735 967 1767 redegit,
980 1735 1101 1759 videlicet
1112 1735 1204 1758 Vitalis
1218 1735 1248 1759 de
1261 1736 1408 1759 Prinihaco.
1426 1737 1488 1759 Inde
1503 1737 1585 1760 edidit
1601 1737 1639 1760 Cl.
1655 1737 1723 1768 Joly,
1741 1737 1852 1761 Scatuts
1865 1740 1891 1761 et
1902 1737 2054 1768 reylemens
2069 1738 2115 1762 des
2126 1736 2224 1767 petites
2236 1736 2323 1762 &coles

453 1784 487 1806 de
499 1781 674 1812 yrammaire
688 1782 720 1805 de
735 1781 764 1805 la
778 1780 852 1810 ville,
870 1780 928 1808 cite',
943 1780 1102 1808 universite',
1119 1781 1311 1811 saux-bourys
1329 1785 1353 1804 ec
1368 1781 1545 1805 banlieue'de
1559 1781 1654 1810 Paris,
1668 1785 1727 1810 etc„
1744 1781 1813 1810 1672,
1829 1790 1856 1812 p.
1874 1781 1928 1809 1-5,
1939 1781 1991 1804 ‘sed
2006 1789 2057 1804 non
2077 1789 2107 1804 ea
2126 1789 2178 1812 qua
2197 1789 2247 1812 par
2266 1784 2323 1805 erat

453 1826 599 1857 diligentia.
615 1826 710 1849 Postea
729 1825 817 1848 codice
837 1824 951 1847 cantoris
972 1824 1047 1855 quasi
1068 1824 1180 1856 perdite.
1202 1825 1257 1848 sola
1275 1825 1378 1848 Claudii
1397 1826 1457 1857 Joly
1478 1826 1592 1849 editione
1614 1826 1654 1849 usi
1676 1829 1737 1849 sunt
1752 1825 1878 1854 Fe'libiem
1899 1826 1972 1850 Hist.
1989 1826 2022 1849 de
2045 1825 2073 1850 la
2090 1825 2155 1850 ville
2174 1826 2207 1849 de
2226 1825 2320 1864 Paris,

454 1872 498 1900 111,
514 1872 570 1900 447,
586 1873 611 1893 et
627 1869 756 1893 Philihert
775 1870 895 1900 Pompelo,
914 1870 1041 1899 Rapport
1056 1870 1212 1899 historique
1225 1876 1278 1894 sur
1300 1869 1337 1894 les
1359 1870 1446 1894 e'coles
1462 1870 1616 1900 primaires
1631 1872 1664 1894 de
1679 1870 1708 1894 la
1723 1870 1790 1894 ville
1802 1871 1836 1894 de
1847 1870 1934 1894 Paris
1949 1870 2042 1900 (Puris,
2061 1870 2140 1900 1839),
2157 1870 2176 1899 Ι,
2193 1878 2220 1901 p.
2236 1870 2275 1894 27.
2290 1883 2323 1889 —

453 1916 550 1939 Eadem
561 1915 712 1946 juramenta
727 1916 752 1937 et
765 1916 864 1936 statuta
879 1913 905 1936 in
924 1921 998 1936 usum
1015 1913 1205 1944 magistrarum
1223 1914 1318 1944 gallice
1334 1914 1447 1944 reddita,
1468 1923 1534 1946 quae
1554 1914 1731 1938 substantium
1747 1915 1776 1938 25
1791 1914 1912 1946 priorum
1932 1914 2106 1937 articulorum
2121 1914 2148 1937 in
2163 1914 2192 1937 27
2207 1913 2321 1938 rubricis

452 1959 593 1987 continent,
610 1958 731 1981 dabimus
749 1957 775 1980 in
795 1958 962 1988 Appendice‚
980 1961 1007 1980 n⁰
1030 1958 1099 1980 1713.
1118 1957 1189 1985 Quae
1207 1958 1276 1989 Joly,
1293 1967 1319 1989 p.
1336 1959 1391 1981 7-13
1406 1958 1542 1987 (Felibien,
1558 1967 1586 1990 p.
1609 1959 1675 1990 447),
1691 1958 1792 1990 publici
1805 1958 1874 1990 juris
1891 1958 1960 1987 fecit,
1976 1958 2052 1990 quasi
2067 1966 2136 1981 anno
2151 1958 2212 1982 1357
2227 1957 2322 1990 gallice
2354 1980 2370 1993 Ι,

452 2012 537 2032 versa,
554 2003 684 2034 plurimas
696 2001 853 2025 mutationes
868 2001 981 2024 offerunt
993 2004 1157 2033 aetatemque
1172 2002 1254 2025 multo
1270 2002 1441 2026 recentiorem
1454 2003 1583 2027 redolent.

547 2047 701 2070 Scholarum
717 2054 861 2077 parvarum
875 2045 1017 2077 magistros
1034 2049 1058 2069 et
1074 2046 1217 2077 magistras
1240 2047 1273 2069 ad
1288 2047 1446 2070 erudiendos
1464 2055 1560 2078 pucros
1579 2050 1604 2071 et
1619 2047 1687 2070 filias
1708 2047 1735 2070 in
1755 2047 1882 2079 religione
1897 2050 1923 2070 et
1939 2046 2114 2078 grammatica
2129 2049 2221 2070 cantor
2234 2046 2319 2071 Paris.

453 2092 577 2116 ecclesiae
592 2090 755 2114 instituebat.
767 2090 876 2113 Scholae
887 2093 989 2113 tantum
1004 2090 1030 2112 in
1043 2090 1130 2113 insula
1143 2091 1227 2119 (sedes
1243 2090 1269 2114 in
1280 2091 1404 2121 civitate),
1417 2091 1442 2114 in
1453 2092 1587 2123 parochiis
1600 2092 1626 2115 S.
1639 2091 1767 2121 Severini,
1781 2092 1808 2115 S.
1820 2091 1964 2119 Eustachii,
1978 2091 2004 2115 S.
2017 2091 2147 2121 Gervasii,
2160 2091 2186 2114 S.
2197 2090 2321 2115 Germani

453 2136 606 2164 Autissiod„
624 2136 650 2159 S.
664 2134 764 2158 Nicolai
778 2134 809 2157 de
825 2134 941 2165 Campis,
958 2135 984 2157 S.
1000 2134 1085 2164 Pauli,
1101 2135 1134 2157 ad
1152 2135 1319 2158 collationem
1335 2136 1488 2159 cancellarii
1506 2136 1590 2160 Paris.
1607 2139 1691 2165 erant,
1707 2139 1740 2159 ut.
1753 2139 1866 2167 apparet
1877 2144 1890 2159 e
1903 2136 1961 2160 doc.
1976 2144 2020 2159 an.
2035 2136 2096 2158 1423
2111 2135 2183 2167 apud
2197 2136 2318 2167 Pomp6e‚

452 2189 478 2212 p.
494 2181 532 2209 29,
551 2183 604 2203 not.
622 2180 646 2202 2.
663 2179 725 2202 Inde
744 2178 814 2202 rixae
834 2178 902 2201 inter
921 2179 1108 2202 cancellarium
1131 2182 1156 2202 et
1173 2182 1315 2203 cantorem.
1332 2180 1406 2203 Certe
1421 2184 1513 2204 cantor
1528 2181 1554 2204 in
1576 2181 1736 2212 quibusdam
1756 2180 1854 2204 scholis
1874 2180 1983 2212 paroch.
2000 2180 2025 2204 S.
2048 2179 2173 2204 Germani
2193 2179 2278 2203 Antis.
2295 2182 2321 2203 et

453 2226 480 2248 S.
497 2224 613 2248 Severini
628 2223 707 2247 etiam
722 2223 864 2254 magistros
880 2223 1043 2252 instituebat,
1065 2226 1093 2246 ut
1108 2231 1121 2246 e
1139 2223 1301 2247 documentis
1317 2233 1360 2248 an.
1377 2225 1447 2253 1359,
1470 2225 1531 2248 Maii
1547 2227 1568 2254 5,
1589 2225 1740 2249 ediscimus.
1761 2225 1793 2248 Et
1808 2224 1973 2248 Universitas
1991 2224 2137 2255 plurimum
2154 2223 2320 2247 auctoritatis

453 2269 521 2301 apud
539 2268 642 2291 scholas
655 2268 682 2290 in
697 2270 771 2298 parte
787 2267 895 2290 sinistra
910 2267 1046 2298 Sequanae
1062 2267 1126 2290 sitas
1140 2267 1264 2294 habebat,
1280 2269 1311 2291 de
1326 2277 1377 2300 quo
1393 2269 1447 2292 vid.
1464 2270 1613 2301 exemplum
1629 2277 1712 2301 supra
1727 2269 1761 2292 ad
1776 2277 1819 2293 an.
1837 2269 1907 2298 1354,
1923 2268 2035 2300 Augusti
2051 2269 2088 2297 25,
2107 2272 2137 2291 n⁰
2151 2268 2220 2296 1220,
2236 2276 2321 2300 quan-

451 2321 531 2345 quam
545 2320 643 2343 parvae
659 2311 763 2334 scholae
780 2311 813 2334 ab
828 2311 1005 2334 Universitate
1022 2311 1107 2335 Paris.
1122 2311 1363 2343 distinguebantur.
1380 2327 1412 2330 —
1426 2314 1455 2336 ln
1475 2314 1622 2337 cathedrali
1636 2314 1695 2346 ipsa
1711 2313 1817 2337 scholae
1831 2321 1930 2345 parvae
1945 2312 2102 2341 existebant,
2120 2315 2150 2336 ut
2164 2315 2254 2336 notum
2272 2315 2319 2343 est,

451 2361 477 2381 et
496 2357 529 2380 ad
548 2365 589 2379 an.
607 2357 676 2385 1363,
699 2355 781 2387 April.
800 2356 838 2383 21,
852 2355 949 2378 mentio
965 2356 994 2378 fit
1010 2364 1020 2378 (‹
1037 2364 1107 2387 mag.
1123 2356 1183 2379 Joh.
1207 2356 1238 2379 de
1258 2358 1364 2388 Arceyo,
1382 2366 1452 2388 mag.
1470 2359 1603 2381 scolarum
1619 2358 1862 2390 grammaticalium
1881 2365 2025 2389 puerorum
2040 2357 2114 2380 chori
2131 2365 2142 2379 υ
2162 2356 2248 2385 (An-ch.
2263 2359 2318 2380 nat.

452 2401 535 2426 Paris.
553 2401 602 2424 LL.
618 2400 683 2428 106¹'‚
699 2408 725 2430 p.
741 2400 805 2429 358).
821 2400 931 2422 Nomina
947 2399 1074 2422 similium
1090 2400 1279 2431 magistrorum
1292 2409 1343 2424 non
1360 2410 1420 2424 raro
1435 2406 1588 2426 occurrunt.

545 2444 665 2476 Magistri
685 2447 710 2467 et
728 2444 871 2474 magistrae
893 2443 988 2467 litteris
1011 2444 1233 2467 testimonialibus
1256 2445 1372 2469 cantoris
1395 2447 1490 2470 muniti
1505 2455 1563 2470 esse
1578 2447 1718 2477 debebant,
1734 2455 1847 2478 quarum
1869 2445 1974 2478 aliquae
1988 2446 2074 2469 adhuc
2092 2448 2244 2476 supersunt.
2259 2445 2317 2468 Jam

454 2491 574 2521 Pompe'e‚
591 2497 617 2520 p.
635 2489 688 2517 175,
705 2488 787 2511 edidit
806 2488 907 2511 litteras
923 2488 1038 2511 cantoris
1054 2488 1147 2511 Vitalis
1166 2489 1197 2511 de
1216 2489 1355 2513 Prinihaco
1373 2490 1415 2521 (de
1431 2499 1482 2522 quo
1500 2491 1635 2520 Chartul.‚
1655 2492 1687 2520 11,
1703 2492 1805 2521 India,
1821 2494 1847 2514 et
1865 2498 1946 2522 supra
1965 2494 1995 2513 n⁰
2009 2490 2078 2519 1232,
2094 2493 2147 2513 not.
2168 2490 2199 2518 1),
2222 2488 2318 2521 quibus

452 2543 495 2558 an.
512 2535 579 2562 1359,
596 2533 680 2564 April.
697 2533 719 2562 2,
736 2532 903 2563 Guydomaro
919 2532 950 2555 de
963 2532 1106 2555 Villaordei
1123 2533 1212 2563 presb.
1234 2534 1343 2557 docendi
1361 2543 1457 2566 pueros
1474 2535 1500 2558 in
1514 2535 1571 2558 vico
1587 2536 1618 2559 de
1631 2535 1839 2567 Quinquempoit
1853 2535 1938 2559 Paris.
1955 2542 2038 2566 usque
2054 2534 2087 2557 ad
2107 2535 2203 2557 festum
2217 2534 2243 2557 S.
2257 2533 2318 2557 Joh-

451 2579 528 2610 Bapt.
545 2577 678 2601 licentiam
696 2576 822 2600 concedit.
845 2576 917 2599 Aliae
936 2579 1039 2599 exstant
1053 2576 1078 2599 in
1099 2577 1174 2601 Arch.
1196 2578 1317 2601 Univers.
1334 2579 1429 2608 Paris.‚
1445 2579 1513 2603 thee.
1530 2580 1549 2610 Ι,
1565 2580 1647 2603 liasse
1669 2581 1692 2608 3,
1709 2580 1735 2603 n¹
1751 2581 1804 2604 1-4.
1821 2580 1864 2603 Sic
1881 2587 1924 2603 an.
1939 2579 2009 2607 1359,
2025 2578 2087 2602 Maii
2104 2580 2126 2606 5,
2142 2577 2213 2601 idem
2227 2580 2319 2601 cantor

451 2626 601 2655 sequentem
616 2622 734 2644 chartam
750 2620 878 2651 sigillavit
893 2628 899 2643 2
917 2629 928 2643 «
945 2621 1081 2644 Universis
1095 2625 1230 2652 presentes
1243 2622 1344 2646 litteras
1356 2623 1516 2654 inspecturis
1530 2624 1623 2647 Vitalis
1639 2625 1670 2648 de
1685 2624 1824 2649 Prinihaeo
1839 2624 1928 2656 legum
1942 2624 2088 2655 professor,
2104 2625 2196 2646 cantor
2210 2621 2319 2646 ecclesie

452 2677 462 2691 «
481 2668 559 2691 Beate
574 2666 654 2689 Marie
671 2664 837 2692 Parisiensis,
856 2665 966 2688 salutem
984 2664 1010 2687 in
1028 2665 1137 2688 Domino
1160 2666 1356 2697 sempiternam.
1373 2667 1468 2690 Notum
1489 2668 1600 2692 facimus
1616 2669 1686 2700 quod
1701 2677 1748 2692 nos
1771 2669 1802 2692 de
1817 2668 1905 2700 gratia
1926 2667 2035 2700 speciali
2050 2675 2080 2690 ac
2095 2666 2192 2690 iutuitu
2211 2665 2318 2698 pietatis

451 2721 462 2735 «
481 2711 608 2742 magistro
623 2710 735 2734 Roberto
750 2708 904 2732 Vavassoris
922 2709 1017 2732 clerico
1033 2709 1160 2740 magistro
1176 2710 1202 2732 in
1218 2710 1319 2734 artibus
1336 2712 1446 2734 docendi
1464 2716 1489 2735 et
1506 2713 1643 2736 erudiendi
1658 2721 1755 2744 pueros
1770 2713 1797 2736 in
1813 2713 1892 2736 scolis
1906 2711 2004 2735 nostris
2020 2711 2046 2734 in
2061 2711 2119 2734 vico
2134 2710 2203 2734 dieto
2219 2710 2317 2734 D'Ave-

451 2765 462 2779 <‹
481 2764 536 2784 ron,
553 2754 677 2786 parochie
692 2753 780 2777 Sancti
797 2753 919 2777 Germani
935 2753 1165 2782 Autisiodorensis,
1178 2754 1204 2776 in
1217 2754 1268 2777 hiis
1284 2755 1310 2778 in
1327 2755 1422 2786 quibus
1438 2765 1485 2779 nos
1501 2760 1526 2780 et
1540 2758 1740 2788 predecessores
1756 2757 1841 2781 nostri
1856 2757 1919 2780 dare
1929 2759 1954 2780 et
1969 2755 2109 2779 concedere
2123 2754 2317 2783 consuevimus,

451 2810 462 2823 «
480 2799 602 2823 videlicet
620 2807 636 2822 a
656 2798 718 2821 data
732 2797 895 2829 presentium
911 2805 993 2828 usque
1009 2797 1042 2820 ad
1059 2797 1160 2821 instans
1178 2799 1273 2821 festum
1287 2799 1438 2823 Nativitatis
1462 2801 1533 2824 beati
1548 2801 1676 2825 Johannis
1692 2802 1820 2833 Baptiste,
1837 2805 1863 2825 et
1877 2801 1909 2825 de
1923 2800 1993 2824 dicto
2010 2801 2075 2823 sesto
2092 2799 2152 2823 Nat.
2168 2798 2238 2822 beati
2256 2798 2316 2822 Joh.

451 2854 461 2867 t(
480 2843 597 2875 Baptiste
612 2851 694 2874 usque
712 2842 744 2865 ad
766 2850 863 2864 annum
880 2841 1063 2865 terminantem
1079 2845 1104 2865 et
1121 2843 1280 2873 completum
1295 2846 1385 2867 tenore
1405 2845 1567 2875 presentium
1589 2846 1756 2869 concedimus
1772 2846 1935 2869 facultatem.
1950 2845 1980 2868 In
1994 2845 2069 2876 cujus
2085 2843 2122 2867 rei
2136 2842 2317 2866 testimonium

449 2898 459 2911 α
479 2888 597 2920 sigillum
612 2890 730 2910 nostrum
747 2886 914 2917 presentibus
929 2886 1024 2909 litteris
1040 2886 1161 2909 duximus
1177 2888 1374 2918 apponendum.
1390 2888 1484 2912 Datum
1497 2897 1566 2913 anno
1579 2889 1681 2913 Domini
1694 2891 1731 2914 M⁰
1744 2890 1818 2914 CCC⁰
1828 2890 1902 2919 uxo,
1918 2889 1960 2913 die
1975 2888 2067 2912 martis
2082 2890 2143 2919 post
2157 2886 2316 2910 dominicam
