2488 3386
416 320 480 351 498
1006 324 1322 347 cn.».n'rULAniuM
1358 324 1548 346 umvnns.
1586 324 1714 346 rmus.
2038 317 2041 319 ’
2181 311 2279 346 11387

418 402 651 446 inquisitore¹
674 407 731 433 aut
761 402 839 445 ejus
860 400 958 433 vices
984 405 1147 444 gerente,
1177 405 1212 431 ut
1243 397 1313 430 sibi
1343 398 1618 443 adjungeretur,
1647 409 1763 442 eoque
1793 404 1853 429 aut
1882 403 2058 429 renuente
2081 403 2139 429 aut
2171 397 2279 430 dissi-

418 468 588 505 mulante,
612 467 844 512 processerit,
872 466 965 511 apud
995 477 1086 510 pene
1117 476 1242 496 omnes
1264 464 1481 497 Parisiensis
1503 464 1662 497 diocesis
1686 463 1892 496 innotuisse
1914 469 2094 508 putamuS,
2124 470 2159 496 et
2184 463 2279 507 apud

416 535 495 567 facti
519 534 662 567 nescios
684 534 809 578 scripti
830 545 940 577 super
966 532 1032 564 hoc
1065 542 1260 576 processus
1292 531 1328 563 id
1357 530 1511 563 faciliter
1539 537 1644 576 atque
1670 530 1875 563 luculenter
1906 536 2075 574 poterunt
2104 530 2276 562 indicare.

417 603 488 633 Hec
509 607 669 633 actorum
692 612 755 644 per
777 612 843 632 nos
865 611 1002 632 summa
1024 605 1091 638 est,
1114 597 1251 642 reliqua
1272 597 1502 642 attingamus.

504 667 596 700 Satis
617 678 800 711 superque
821 666 934 698 fuisse
956 664 1131 697 debuerat
1150 664 1302 696 adverse
1324 664 1414 708 parti
1437 663 1634 696 mendaciis
1660 670 1695 696 et
1725 663 2048 708 perniciosissimis
2080 662 2277 696 mendaciis

415 740 577 766 nostrum
607 733 764 766 studium
797 732 1009 777 replevisse,
1038 742 1180 763 necnon
1209 730 1358 762 infracta
1388 730 1665 774 contumacique
1694 729 1835 762 cervice
1865 729 2088 762 ordinarium
2114 729 2275 773 judicem

414 812 517 833 suum
540 799 793 845 propriamque
816 805 962 831 matrem
984 797 1207 841 contemptui
1228 796 1413 829 habuisse.
1434 796 1504 829 Sed
1521 796 1628 829 finem
1645 796 1864 840 modumque
1882 796 1998 829 nescit
2014 795 2153 828 incoata
2171 796 2276 840 perti-

413 866 549 899 naciter
569 866 753 910 iniquitas⁴
778 866 868 897 Ecce
890 864 983 896 enim
1007 863 1050 896 ad
1066 862 1350 908 appellacionem
1374 862 1551 907 confugit,
1569 869 1604 895 et
1624 874 1700 895 eam
1723 874 1792 907 que
1814 862 1850 894 in
1867 862 2047 906 refugium
2070 862 2276 895 innocentis

412 944 519 965 cause
547 933 708 965 instituta
734 938 801 971 est,
828 931 931 963 nisus
955 937 1010 963 est
1037 930 1080 962 ad
1108 941 1172 962 sue
1199 929 1406 974 punicionis
1435 929 1624 973 diffugium
1655 940 1854 961 assumere.
1882 929 2052 961 Ceterum
2083 929 2126 961 ad
2149 930 2276 961 Roma-

412 1011 491 1032 nam
520 999 653 1031 curiam
679 1005 711 1030 ct
733 998 775 1030 ad
797 998 955 1030 omnium
979 1008 1085 1029 aures
1114 1008 1189 1028 eam
1212 995 1462 1036 incolentium,
1487 995 1594 1028 sicuti
1616 995 1714 1028 fideli
1736 994 1918 1027 relacione
1944 995 2152 1035 didicimus,
2180 1007 2276 1028 nunc

409 1065 649 1110 apertissimis
670 1065 900 1097 circonsonat
922 1063 1131 1103 mendaciis,
1151 1074 1246 1095 nunc
1268 1062 1506 1095 clandestinis
1528 1061 1849 1094 susurracionibus
1871 1061 2139 1106 circonstrepit,
2157 1063 2274 1095 nunc²

409 1132 583 1164 conviciis
604 1131 726 1175 seipso
748 1130 976 1175 dignissimis
997 1130 1034 1161 in
1056 1141 1122 1162 nos
1144 1136 1340 1173 nostraque
1363 1128 1552 1173 supposita
1573 1140 1635 1161 ore
1661 1128 1900 1173 spurcissimo
1922 1127 2154 1168 debachatur,
2180 1140 2274 1161 nunc

409 1198 679 1237 excusaciones,
699 1209 793 1230 nunc
810 1197 1066 1229 aecusaciones
1088 1196 1168 1228 sine
1186 1196 1346 1228 veritatis
1368 1195 1511 1240 glutino
1529 1195 1700 1228 confusas
1722 1194 1885 1227 involvit.
1910 1196 1952 1227 Et
1973 1195 2081 1227 modo
2102 1195 2273 1228 invidiam

406 1264 550 1308 allegat,
572 1264 679 1296 modo
702 1275 901 1303 rancorem,
920 1263 1028 1295 modo
1049 1262 1291 1295 inconsultam
1314 1262 1600 1307 precipitemque
1616 1261 1747 1306 judicii
1768 1261 2005 1302 sentenciam,
2022 1262 2105 1306 jure
2127 1261 2273 1306 quidem

408 1332 556 1376 optimo,
586 1337 621 1363 ut
642 1331 703 1375 qui
729 1330 902 1363 sordidus
923 1336 991 1369 est,
1019 1329 1206 1362 sordescat
1233 1328 1362 1361 adhuc.
1386 1330 1429 1361 Et
1450 1329 1479 1361 si
1506 1323 1620 1373 isqui
1641 1328 1677 1360 in
1698 1329 1811 1360 Deum
1836 1334 1870 1361 et
1890 1334 2047 1361 sanctam
2070 1334 2273 1361 sanctarum

408 1405 554 1430 matrem
577 1398 655 1441 ejus
678 1397 890 1430 temerarius
911 1403 978 1437 est,
1001 1397 1037 1428 in
1059 1395 1226 1428 homines
1247 1390 1451 1440 reperiatur
1471 1395 1628 1440 injurius
1654 1406 1660 1427 :
1688 1394 1775 1439 quid
1798 1394 1939 1435 mirum,
1965 1394 2098 1439 quidve
2125 1401 2274 1440 stupen-

406 1465 489 1497 dum
502 1466 515 1496 ἰ’
535 1464 652 1497 Nichil
673 1464 806 1508 quippe
828 1463 1014 1496 insolitum
1037 1463 1168 1507 agitur.
1196 1463 1353 1507 Antiqua
1376 1474 1434 1495 res
1458 1468 1525 1503 est,
1549 1468 1587 1495 ut
1609 1461 1769 1494 veritatis
1792 1462 1921 1506 inopes
1950 1461 2104 1494 falsitate
2126 1473 2165 1494 se
2187 1473 2273 1495 con-

407 1538 541 1575 tegant,
568 1537 603 1563 et
629 1543 649 1563 0
678 1531 809 1563 utinam
831 1530 1052 1562 conviciator
1077 1530 1145 1562 iste
1172 1536 1297 1562 noster
1327 1536 1395 1561 tam
1425 1529 1611 1573 proximus
1633 1534 1732 1561 esset
1754 1528 1916 1561 veritatis
1943 1528 2139 1573 agnieioni,
2167 1540 2271 1573 quam

406 1598 514 1642 longe
536 1597 579 1630 ab
607 1597 676 1630 hiis
703 1609 828 1630 sumus
854 1597 957 1629 viciis
979 1608 1049 1641 que
1070 1596 1264 1641 confingit!
1290 1596 1453 1628 Ferimus
1481 1595 1546 1628 hec
1573 1595 1716 1628 leviter.
1745 1595 1886 1627 Scimus
1913 1595 2082 1639 equidem
2109 1595 2270 1628 nundum

374 1653 379 1657 ⁵
403 1664 491 1697 adeo
513 1664 652 1697 facilem
674 1671 797 1696 contra
814 1675 880 1696 nos
901 1663 1099 1696 invaluisse
1121 1662 1385 1703 credulitatem,
1404 1669 1441 1695 111
1463 1662 1543 1695 talia
1565 1662 1609 1694 de
1631 1661 1738 1694 nobis
1760 1661 2006 1706 suspicentur,
2025 1661 2120 1706 apud
2141 1673 2271 1707 graves

406 1731 596 1775 presertim
619 1737 654 1763 et
674 1742 737 1763 eos
759 1730 820 1774 qui
841 1742 908 1763 nos
930 1741 1123 1774 moresque
1147 1736 1293 1762 nostros
1314 1735 1554 1774 agnoverunt.

494 1797 564 1830 Sed
585 1797 752 1842 opinatur
777 1797 943 1830 fortassis
971 1797 1133 1841 degener
1162 1795 1220 1828 1110
1247 1796 1510 1840 viperinusque
1540 1794 1650 1836 tilius,
1681 1807 1748 1828 nos
1778 1807 1796 1827 a
1826 1795 2090 1840 prosecucione
2119 1806 2271 1828 erronee

405 1864 625 1897 assercionis
651 1876 715 1896 sue
741 1864 926 1896 deterrere
954 1863 1128 1908 perhanc
1155 1862 1439 1908 appellacionem
1463 1862 1587 1907 utique
1614 1861 1792 1903 frivolam,
1816 1873 1953 1906 perque
1974 1861 2271 1894 commissionem

406 1943 509 1975 quam
533 1930 856 1975 importunissimis
874 1930 1024 1963 extorsit
1045 1930 1256 1969 mendaciis,
1275 1929 1401 1974 vigore
1418 1929 1522 1973 cujus
1540 1928 1725 1973 quoslibet
1745 1940 1809 1973 pro
1829 1928 1933 1961 libito
1950 1928 2146 1961 voluntatis
2162 1928 2273 1961 citare

406 1997 488 2038 sibi,
517 2004 554 2030 ut
581 1997 839 2038 intelleximus,
861 2008 1075 2030 concessum
1098 2003 1165 2029 est.
1188 1997 1234 2029 At
1253 2008 1352 2036 vero,
1381 1996 1411 2028 si
1433 1996 1479 2028 ita
1501 2002 1635 2040 sperat,
1656 1995 1803 2028 fallitur.
1832 1995 1960 2028 Omnia
1982 1995 2144 2040 profecto
2170 1995 2271 2040 prius

406 2064 548 2108 passuri
569 2076 694 2096 sumus
716 2063 956 2104 incommoda,
975 2075 1079 2108 quam
1102 2063 1196 2096 inter
1217 2074 1284 2095 nos
1305 2062 1498 2095 hereticam
1521 2062 1682 2094 sinamus
1703 2061 1883 2106 pullulare
1904 2061 2125 2106 pravitatem.
2145 2062 2271 2104 Quam-

407 2143 510 2175 quam
533 2142 618 2163 sane
645 2130 680 2162 id
707 2130 804 2175 quod
832 2130 868 2162 111
890 2130 996 2162 nohis
1018 2136 1084 2170 est,
1108 2129 1297 2174 peregisse
1320 2129 1436 2162 videri
1457 2140 1654 2173 possumus
1675 2134 1711 2161 et
1731 2140 1840 2173 posse
1861 2128 2039 2167 videmur,
2062 2127 2271 2161 ulteriorem

408 2209 515 2229 cause
537 2197 758 2229 decisionem
782 2209 824 2229 ex
845 2197 977 2229 summi
1004 2196 1186 2241 pontificis
1212 2195 1344 2235 officio,
1370 2194 1476 2228 nobis
1497 2195 1601 2228 aliter
1621 2207 1694 2227 non
1715 2194 2038 2240 prosequentibus,
2061 2201 2270 2239 expectare,

409 2275 487 2295 nam
505 2275 640 2296 morem
657 2270 819 2296 nostrum
838 2263 1009 2296 duntaxat
1028 2263 1071 2296 ab
1088 2262 1342 2308 antiquissimo
1358 2262 1498 2307 jugiter
1515 2261 1746 2294 observatum
1764 2261 1920 2294 insecuti
1938 2272 2083 2302 sumus;
2102 2260 2271 2306 proposi-

410 2330 540 2370 tiones,
571 2330 710 2374 judicio
741 2330 886 2374 quidem
919 2337 1045 2363 nostro
1075 2329 1212 2374 liquida
1242 2341 1280 2362 ac
1313 2328 1428 2362 solida
1458 2328 1607 2362 veritate
1637 2327 1968 2372 condampnandas,
2004 2339 2049 2360 ne
2080 2327 2174 2372 apud
2204 2339 2272 2360 nos

411 2396 698 2441 dogmatizentur
718 2396 930 2437 inhibendo,
954 2403 989 2429 et
1009 2396 1176 2429 subditos
1192 2397 1408 2440 juratosque
1434 2401 1593 2435 nostros,
1624 2394 1654 2427 si
1682 2406 1771 2439 quas
1801 2393 2011 2438 hujusmodi
2032 2393 2203 2434 dixerint,
2228 2393 2272 2427 ad

412 2462 675 2495 retractandum
697 2463 961 2507 compellendo.

501 2529 578 2561 Hiis
599 2529 767 2561 omnibus
795 2529 945 2570 accedit,
972 2530 1068 2574 quod
1099 2542 1171 2562 non
1201 2530 1279 2562 sine
1308 2540 1436 2573 magna
1463 2528 1706 2560 admiracione
1738 2539 1853 2572 nuper
1877 2527 2094 2568 audivimus,
2118 2528 2273 2572 majores

412 2607 541 2639 nempe
567 2595 715 2628 Ordinis
743 2596 777 2628 S.
806 2596 984 2628 Dominici
1012 2598 1067 2639 (an
1096 2603 1192 2629 totus
1220 2595 1331 2631 Ordo,
1359 2594 1522 2627 nundum
1550 2594 1697 2636 scimus)
1725 2593 1883 2638 adjuncti
1912 2600 1997 2626 sunt
2022 2593 2106 2626 huic
2126 2594 2273 2638 proprie

413 2662 535 2694 matris
562 2662 795 2705 veritatisque
823 2663 1075 2707 contemptori,
1105 2662 1172 2695 sul)
1200 2662 1264 2695 11110
1294 2669 1411 2694 tamen
1432 2660 1698 2706 protestacione
1720 2662 1781 2703 (ne
1802 2660 1889 2704 quid
1914 2660 1959 2693 de
1980 2660 2112 2693 auditis
2133 2660 2272 2693 omitta-

413 2729 521 2771 mus),
544 2728 641 2772 quod
663 2728 807 2760 nonnisi
830 2729 1105 2772 proposiciones
1127 2741 1243 2769 veras,
1268 2735 1328 2761 aut
1348 2740 1417 2773 que
1439 2727 1533 2760 beati
1554 2727 1691 2759 Thome
1713 2726 1911 2759 doctrinam
1935 2733 2083 2772 tangere
2105 2733 2272 2771 possunt,

412 2794 584 2838 prosequi
607 2794 831 2826 intendunt³.
860 2794 984 2837 Qualis
1006 2796 1051 2828 sit
1081 2795 1146 2828 hec
1167 2795 1351 2840 adjunctio
1373 2801 1408 2827 et
1427 2805 1532 2838 quam
1554 2799 1667 2834 cauta,
1693 2805 1737 2825 ne
1759 2805 1835 2826 eam
1857 2800 2039 2826 versutam
2060 2793 2271 2834 dixerimus,

411 2860 562 2893 aliorum
586 2861 632 2893 sit
656 2861 846 2905 judicium.
877 2862 950 2893 Nos
978 2868 1095 2894 autem
1125 2862 1300 2894 millesies
1327 2861 1497 2901 diximus,
1524 2866 1557 2892 et
1587 2866 1624 2892 ut
1650 2859 1816 2893 videmus
1847 2871 1919 2892 non
1949 2859 2093 2900 sufficit,
2120 2859 2273 2904 qualiter

534 2920 574 2943 63.
