2488 3386
461 340 524 372 134
1037 345 1358 368 CHARTULAMUM
1393 344 1584 366 nNivssns.
1621 342 1749 364 PARIS.
2223 329 2322 365 [1365

547 425 620 450 Item
639 423 781 450 Richardo
796 422 922 450 Hervoti.
939 422 1081 447 Briocens.
1098 421 1184 450 dioc.‚
1202 427 1278 453 mag.
1296 420 1326 445 in
1341 421 1407 448 art..
1424 419 1526 445 rectori
1543 418 1675 452 parroch.
1693 417 1760 443 eccl.
1778 416 1814 442 de
1829 416 1989 442 Plebenova
2004 416 2035 442 in
2050 416 2185 449 Quintin,
2206 416 2322 443 Coriso-

459 473 562 506 pitens.
580 473 653 499 dioc.

548 522 620 547 Item
636 521 762 547 Johanni
778 521 869 547 IIaIet.
886 520 980 553 presb.
997 518 1177 544 Macloviens.
1195 517 1280 547 dioc..
1298 525 1375 550 mag.
1393 517 1423 542 in
1439 518 1492 542 art.

548 571 620 596 Item
636 571 719 596 Petro
735 569 866 598 Beliardi,
883 569 1093 594 Cenomanens.
1110 567 1196 596 dioc..
1214 574 1290 599 mag.
1308 566 1338 591 in
1354 567 1419 593 art..
1436 565 1539 591 rectori
1556 565 1687 598 parroch.
1705 564 1772 589 eccl.
1789 563 1825 589 de
1840 563 1988 593 Canehan,
2005 564 2230 597 Rolhomagens.
2247 563 2321 589 dioc.

549 620 621 645 Item
643 619 755 644 Thema
778 618 878 647 Coleti,
903 617 995 651 presb.
1014 617 1158 649 Bajocens.
1182 615 1268 644 dioc..
1292 623 1368 647 mag.
1391 615 1420 640 in
1441 616 1507 643 art..
1532 613 1635 639 rectori
1655 612 1872 646 par1·0ch.eccl.
1898 612 1934 638 de
1956 613 2129 646 Burgonovo
2144 612 2180 638 de
2199 613 2323 642 Foresta,

460 668 670 694 Cenomanens.
688 667 761 693 dioc.

549 717 621 742 Item
637 716 747 742 Judoco
762 716 797 741 de
813 715 897 744 Beka,
914 714 1040 740 subdiac.
1062 714 1232 739 Tornacens.
1254 712 1339 742 dioc..
1357 712 1407 745 qui
1423 711 1523 737 omnia
1542 711 1619 736 bona
1638 710 1854 743 patrimonialia
1877 710 1909 735 in
1930 710 2027 736 studio
2047 710 2184 744 expendit
2202 711 2276 743 [can.
2295 710 2324 736 in

459 766 525 792 eccl.
545 766 570 791 S.
589 765 659 791 Piati
675 764 832 791 Sicliniens.
851 764 969 789 Tornac.
987 763 1051 788 dioc
1064 763 1082 795 ].

549 815 622 840 Item
637 813 738 846 Egidio
753 812 918 846 Hanequin,
934 811 1115 837 Noviomens.
1133 810 1206 836 dioc.
1224 810 1336 843 [recipit
1350 817 1412 835 can.
1431 809 1461 834 in
1477 809 1543 834 eccl.
1563 808 1588 833 S.
1607 808 1742 841 Quintini
1757 808 1788 833 in
1804 808 2011 840 ViromandiaJ.

548 863 621 888 Item
636 863 718 888 Petro
733 862 768 887 de
783 861 920 889 Taberna,
937 860 1031 894 presb.
1048 859 1189 885 Attrebat.
1207 858 1280 884 dioc.
1298 858 1409 891 [recipit
1424 865 1487 883 can.
1505 857 1535 882 in
1553 857 1578 882 S.
1598 857 1682 883 Petro
1698 857 1861 889 Duacens.].

549 912 622 937 Item
637 910 764 936 Johanni
779 910 878 939 Tuike,
892 909 1019 935 subdiac.
1032 908 1202 933 Tornacens.
1219 907 1292 932 dioc.
1310 907 1355 939 [de
1367 914 1430 942 can.
1448 906 1501 932 sub
1516 907 1626 939 expect.
1643 906 1723 938 preb.
1734 905 1801 931 eccl.
1815 905 1840 931 S.
1853 905 1927 932 Petri
1938 905 2048 931 Ariens.
2059 906 2213 932 Morinens.
2226 906 2325 940 dioc.].

549 960 622 985 Item
638 959 754 985 Galtero
769 958 804 984 de
820 957 993 987 Aldenardo,
1007 957 1102 990 presb.
1120 956 1274 982 Morinens.
1289 955 1363 981 dioc.

548 1009 621 1034 Item
637 1007 742 1034 Jacobo
759 1006 948 1036 Mindavaine,
965 1006 1059 1038 presb.

549 1057 623 1083 Item
639 1057 722 1082 Petro
738 1055 846 1084 oberti,
864 1055 930 1081 cler.
949 1054 1102 1080 Morinens.
1117 1054 1190 1080 dioc.

550 1106 623 1131 Item
638 1105 776 1138 magistro
792 1104 950 1130 Guillelmo
963 1103 1086 1136 Anglici,
1104 1103 1197 1136 presb.
1213 1102 1387 1135 Rothomag.
1402 1101 1476 1127 dioc.

549 1155 621 1180 Item
638 1161 715 1187 mag.
732 1153 857 1179 Roberto
873 1152 1004 1181 Bailleul,
1021 1151 1114 1185 presb.
1131 1151 1294 1177 Lexoviens.
1312 1151 1385 1177 dioc.

550 1204 622 1228 Item
637 1210 714 1235 mag.
732 1202 844 1234 Rogero
859 1201 894 1227 de
910 1200 1098 1230 Vistrebecco,
1115 1200 1181 1226 cler.
1200 1200 1362 1226 Lexoviens.
1380 1200 1454 1226 dioc.

550 1252 621 1277 Item
642 1258 718 1283 mag.
736 1250 849 1276 Nicolao
869 1249 904 1275 de
924 1249 1095 1278 Cherentiis,
1113 1249 1206 1282 presb.
1228 1249 1401 1281 Rothomag.
1426 1249 1500 1274 dioc.
1522 1248 1568 1281 [de
1591 1256 1654 1275 can.
1676 1249 1730 1274 sub
1749 1250 1858 1281 expect.
1882 1249 1961 1282 preb.
1983 1249 2050 1274 eccl.
2068 1248 2132 1274 coll.
2156 1249 2182 1275 S.
2202 1249 2277 1276 Petri
2293 1249 2329 1275 de

461 1300 636 1329 Gerboredo,
654 1300 814 1325 Beracens.
831 1298 927 1331 dioc.].

548 1349 621 1375 Item
637 1355 713 1381 mag.
731 1347 886 1380 Radulpho
901 1347 937 1373 de
952 1347 1040 1373 Bosco
1056 1346 1167 1376 HuIIni.
1184 1346 1278 1380 presb.
1296 1347 1471 1379 Rothomag.
1489 1346 1563 1372 dioc.

551 1398 623 1423 Item
639 1404 716 1430 mag.
734 1396 892 1422 Guillelmo
908 1395 1056 1429 Bosquier,
1073 1395 1247 1428 Rothomag.
1265 1395 1339 1421 dioc.

549 1447 622 1472 Item
637 1453 715 1478 mag.
732 1445 845 1471 Nicolao
861 1444 1024 1474 Oresnovel,
1041 1445 1108 1470 cler.
1126 1444 1300 1477 Rothomag.
1317 1444 1391 1470 dioc.

551 1496 624 1521 Item
639 1502 716 1527 mag.
731 1494 858 1520 Johanni
872 1494 908 1520 de
923 1494 1117 1523 Grandevffla,
1134 1493 1227 1526 presb.
1247 1493 1292 1527 [de
1307 1501 1370 1519 can.
1385 1494 1452 1520 eccl.
1470 1494 1535 1519 0011.
1551 1494 1577 1519 S.
1596 1493 1726 1527 Sepulcri
1742 1494 1778 1520 de
1792 1494 1921 1520 Cadomo
1937 1494 2080 1527 Bajocens.
2098 1494 2195 1527 dioc.].

551 1545 623 1570 Item
640 1551 716 1576 mag.
736 1543 866 1568 Michaeli
883 1542 1044 1572 Bertrandi‚
1061 1543 1127 1568 cler.
1147 1542 1312 1568 Ebroicens.
1330 1542 1404 1568 dioc.

551 1593 623 1618 Item
638 1599 714 1625 mag.
732 1591 854 1617 Arnesto
869 1591 904 1617 de
920 1591 1025 1617 Wluen
1039 1590 1183 1625 [Vulven],
1200 1591 1267 1616 cler.
1283 1591 1455 1624 TraJectens.
1470 1591 1544 1617 dioc.
1562 1591 1609 1624 [de
1621 1599 1684 1617 can.
1698 1592 1753 1618 suh
1767 1593 1876 1625 expect.
1890 1592 1970 1626 preb.
1983 1592 2050 1618 eccl.
2067 1591 2132 1618 coll.
2148 1592 2174 1618 S.
2189 1590 2333 1618 Johannis

462 1642 493 1667 in
510 1641 635 1674 Leodio].

554 1691 627 1716 Item
643 1698 719 1723 mag.
735 1690 828 1716 Adam
843 1689 970 1715 Hobonis
984 1689 1020 1715 de
1035 1690 1154 1719 Catwic,
1168 1690 1262 1723 presb.
1279 1690 1451 1723 TraJectens.
1468 1689 1542 1716 dioc.
1560 1690 1607 1722 [de
1621 1697 1684 1716 can.
1699 1690 1766 1716 eccl.
1785 1690 1811 1716 S.
1829 1690 1966 1717 Gereonis
1979 1690 2103 1723 CoIon.].

552 1740 623 1764 Item
640 1747 715 1772 mag.
734 1739 902 1765 Hermanno
918 1739 1145 1767 Buttenbroech.
1164 1739 1230 1765 cler.
1248 1739 1348 1765 Colon.
1366 1739 1439 1764 dioc.
1463 1739 1509 1771 [de
1523 1746 1586 1765 can.
1603 1739 1671 1765 eccl.
1690 1739 1716 1765 S.
1735 1739 1881 1765 Patrocliti
1896 1740 2037 1765 Zosacien.
2056 1739 2183 1773 predicte
2197 1738 2294 1772 dioc.].

550 1789 622 1813 Item
639 1795 715 1821 mag.
733 1788 859 1813 Johanni
876 1787 1006 1817 Arnoldi.
1021 1788 1088 1813 cler.
1107 1788 1271 1814 Coloniens.
1289 1788 1362 1814 dioc.
1381 1788 1493 1821 [recipit
1508 1796 1571 1814 030.
1587 1788 1641 1814 sub
1656 1789 1766 1821 expect.
1785 1789 1865 1822 preb.
1884 1789 1951 1814 eccl.
1971 1787 2223 1822 Paderburnens.].

550 1837 623 1863 Item
638 1844 714 1869 mag.
732 1837 877 1862 Willelmo
891 1836 1046 1869 Meynardi.
1064 1837 1130 1862 cler.
1147 1837 1318 1870 Trajectens.
1335 1837 1408 1863 dioc.
1426 1837 1538 1870 [recipit
1552 1845 1614 1863 can.
1630 1837 1661 1862 in
1676 1837 1743 1863 eccl.
1762 1837 1788 1863 S.
1807 1837 1960 1863 Salvatoris
1974 1838 2172 1871 Trajectens.].

552 1887 625 1911 Item
641 1894 717 1918 mag.
736 1885 870 1911 Mauritio
885 1885 1021 1915 Danielis,
1038 1886 1131 1918 presb.
1149 1886 1319 1919 Trajectens.
1337 1886 1410 1912 dioc.
1428 1885 1475 1921 [de
1489 1894 1552 1912 can.
1569 1886 1636 1912 eccl.
1653 1886 1679 1912 S.
1697 1886 1812 1912 Martini
1828 1887 1858 1912 in
1875 1887 1999 1919 LeodjoJ.

553 1935 625 1960 Item
641 1936 674 1960 ut
688 1934 791 1967 prefati
806 1934 935 1967 magistri
947 1934 1032 1967 juxta
1046 1934 1169 1960 diversas
1184 1935 1333 1960 facultates
1353 1934 1458 1967 signati
1474 1935 1584 1961 felicius
1604 1936 1705 1961 vacent
1724 1935 1821 1961 studio
1836 1935 2011 1964 litterarum,
2028 1935 2192 1968 dignemini
2211 1942 2334 1962 examen

464 1991 566 2010 eorum
581 1983 763 2010 committere
778 1983 825 2009 cui
840 1983 884 2009 vel
900 1983 1007 2016 quibus
1022 1985 1112 2009 vestre
1127 1984 1268 2017 placuerit
1284 1983 1438 2010 sanctitati.
2103 1983 2156 2019 [37]

559 2058 643 2090 Fiat.
669 2059 706 2090 B.
729 2072 775 2081 μ’
794 2059 834 2090 Et
856 2057 954 2102 quod
974 2058 1152 2102 premissa
1174 2064 1358 2091 transeant
1378 2058 1457 2090 sine
1479 2057 1545 2090 alia
1568 2057 1735 2091 lectione.
1758 2079 1800 2082 —q
1822 2059 1909 2091 Fiat.
1933 2060 1971 2091 B.
1993 2080 2032 2082 —
2053 2060 2131 2092 Dat.
2153 2058 2334 2092 Avinione

469 2124 661 2157 undecimo
683 2124 751 2156 kal.
774 2124 946 2168 Augusti,
968 2136 1061 2156 anno
1082 2125 1207 2157 tercio.

561 2209 623 2239 Reg.
642 2209 698 2231 Vnt.
718 2208 812 2239 Suppl.
831 2208 931 2231 Urbani
948 2209 977 2236 V,
996 2217 1038 2231 an.
1053 2210 1076 2233 3.
1092 2217 1118 2239 p.
1135 2210 1158 2238 2,
1178 2209 1222 2232 sol.
1243 2209 1291 2232 151.

564 2280 585 2302 1.
601 2279 705 2302 Similes
724 2279 850 2302 formulae
868 2279 894 2302 in
912 2280 1082 2310 sequentibus
1101 2280 1179 2303 etiam
1195 2281 1435 2312 supplicationibus
1461 2281 1639 2311 inveniuntur,
1655 2290 1721 2313 quas
1741 2285 1828 2305 tamen
1846 2282 2047 2313 supprimimus.
2064 2281 2185 2305 Occurrit
2200 2281 2308 2314 insuper
2325 2289 2331 2305 z

471 2333 481 2346 «ι
501 2324 565 2347 Cum
583 2332 675 2346 manus
694 2327 780 2347 vestra
798 2324 934 2346 benedicta
953 2324 1105 2355 signaverat
1127 2335 1149 2348 ».
1168 2328 1216 2348 etc.
1234 2325 1372 2356 Philippus
1391 2326 1523 2357 Sapientis
1541 2326 1590 2349 fuit
1607 2326 1718 2357 collegii
1736 2326 1878 2357 Sorbenae,
1894 2330 1919 2349 et
1934 2330 2019 2349 rector
2036 2329 2154 2358 tempore
2169 2326 2257 2355 rotuli,
2277 2326 2293 2349 i.
2312 2334 2336 2350 e.

472 2369 539 2397 1365,
559 2368 645 2391 Martii
660 2369 763 2391 24-Jun.
776 2369 814 2391 23.
827 2369 873 2391 An.
890 2369 948 2391 1371
965 2372 1074 2399 paratus
1088 2369 1121 2392 ad
1135 2370 1259 2399 legendas
1276 2370 1423 2393 Sententins
1437 2371 1509 2402 (Reg.
1526 2372 1605 2394 Aven.
1623 2371 1702 2402 Greg.
1718 2371 1760 2401 XI,
1777 2371 1827 2394 vol.
1846 2371 1874 2400 V,
1891 2372 1909 2394 f.
1923 2372 1987 2400 368).
2003 2371 2143 2402 Philippus
2158 2380 2168 2393 (ι
2181 2370 2311 2395 Vanbelze
2323 2380 2336 2392 1»

470 2412 558 2436 licent.
574 2421 615 2435 an.
635 2413 694 2435 1375
708 2421 720 2435 0
737 2412 822 2436 Catal.
841 2413 932 2436 licent.
951 2427 977 2430 —
996 2414 1018 2436 2.
1034 2414 1199 2437 Constructio
1218 2414 1243 2436 in
1258 2414 1428 2445 sequentibus
1446 2423 1505 2438 cum
1521 2424 1531 2437 «
1547 2424 1605 2446 pro.
1624 2425 1634 2438 υ

478 2561 618 2599 1309.
642 2579 657 2596 «
671 2569 791 2596 Botulus
806 2571 970 2596 nunciorum
985 2571 1076 2597 studii
1089 2572 1273 2599 Parisiensis.
1291 2583 1303 2597 »

1820 2618 1894 2648 136⁵,
1910 2617 2015 2650 August}
2027 2617 2053 2643 8.

564 2690 667 2721 Pater
693 2687 915 2730 beatissime,
942 2689 1120 2722 sanctitati
1148 2696 1267 2723 vestre
1296 2691 1502 2736 supplicant
1530 2692 1595 2725 filii
1623 2692 1736 2726 vestri
1771 2692 1928 2725 humiles
1959 2699 1994 2725 et
2022 2691 2143 2725 devoti
2174 2697 2337 2725 oratores

477 2755 599 2788 nuncii
613 2762 732 2789 vestre
750 2755 1006 2788 Universitatis
1023 2756 1150 2797 Paris.7
1167 2756 1227 2800 qui
1242 2757 1279 2789 in
1301 2758 1420 2790 rotulo
1443 2759 1605 2803 predicte
1622 2760 1877 2793 Universitatis
1894 2758 2005 2792 nichil
2022 2758 2263 2792 obtinuerunt·

563 2841 599 2866 Et
613 2840 709 2874 primo
724 2840 862 2873 magistro
876 2840 996 2866 Ricardo
1009 2840 1115 2870 Viardi.
1132 2841 1204 2867 diac.
1222 2850 1299 2875 mag.
1317 2843 1347 2869 in
1361 2845 1413 2869 art.
1431 2846 1459 2871 et
1478 2844 1508 2870 in
1522 2845 1637 2875 medic..
1652 2846 1812 2879 paratoque
1828 2845 1859 2871 in
1877 2845 1956 2871 brevi
1972 2845 2066 2877 legere
2081 2852 2182 2871 cursus
2197 2844 2228 2870 in
2243 2843 2336 2870 facul-

477 2892 535 2916 tate
551 2889 703 2922 theologie.
