2488 3386
496 328 560 359 246
1063 335 1379 358 CHARTULARtUM
1414 334 1605 356 umvsns.
1642 333 1771 355 PAats.
2074 339 2085 347 ·
2255 319 2354 356 [1379

494 411 586 443 dicta
608 410 679 442 filia
699 416 830 450 vestra,
853 409 1043 454 presertim
1065 409 1193 441 artium
1220 408 1383 447 facultas,
1409 419 1492 440 suas
1520 406 1750 440 consueverit
1779 406 1897 438 facere
1922 406 2240 451 congregationes,
2263 406 2353 440 adeo

494 476 633 520 magnis
654 475 815 520 indigeat
836 475 1138 520 reparationibus,
1164 475 1260 519 quod
1281 487 1299 507 a
1321 474 1506 519 religiosis
1527 473 1617 505 inibi
1645 474 1720 505 Deo
1743 471 2003 513 servientibus,
2025 472 2086 517 qui
2108 479 2255 517 propter
2276 473 2352 506 red-

493 543 630 575 dituum
660 542 867 574 tenuitatem
896 542 953 574 vix
981 541 1114 574 habent
1141 541 1237 573 unde
1267 541 1409 585 possint
1438 539 1648 580 sustentari,
1681 539 1839 583 reparari
1869 545 2025 583 nequeat
2062 539 2141 572 sine
2178 539 2351 584 suffragio

492 615 525 641 et
546 609 657 653 gratia
678 608 875 652 apostolice
897 608 1107 647 sanctitatis,
1130 620 1211 652 ymo
1233 607 1277 639 sit
1299 607 1335 639 in
1358 613 1492 639 tantum
1517 606 1663 641 ruinosa
1686 606 1758 648 (sic)
1780 612 1818 638 ut
1842 605 1913 650 ipsi
1935 605 2099 650 religiosi
2120 605 2179 639 vix
2198 606 2351 639 audeant

491 675 643 707 officium
676 674 858 706 celebrare
884 674 1044 707 divinum
1075 685 1139 706 seu
1168 674 1356 718 quisquam
1387 672 1479 705 alius
1510 672 1683 713 habitare,
1713 671 1882 716 quatinus
1912 671 2098 716 sepedicte
2130 671 2203 704 filie
2230 679 2350 705 vestre

490 741 791 785 contemplatione
813 741 983 785 dignetur
1002 747 1121 773 vestre
1143 740 1341 772 sanctitatis
1363 738 1560 771 liberalitas
1580 738 1624 771 ad
1650 738 1784 771 dictum
1815 738 2073 771 monasterium
2102 739 2209 771 tantis
2235 739 2350 772 ruinis

490 807 689 840 desolatum
712 807 837 839 oculos
858 807 999 851 pietatis
1020 806 1218 851 apostolice
1239 812 1467 847 convertere,
1491 817 1530 838 ac
1552 805 1722 837 omnibus
1739 816 1824 838 vere
1845 804 2094 849 penitentibus
2115 811 2151 838 et
2170 806 2351 839 confessis

490 874 550 918 qui
581 874 624 905 de
654 873 759 905 bonis
787 885 805 905 a
833 874 908 905 Deo
938 872 1007 905 sibi
1035 872 1175 905 collatis
1203 872 1247 904 ad
1275 872 1360 904 dicti
1392 871 1601 905 monasterii
1630 871 1931 904 restaurationem
1962 883 2089 904 manus
2122 872 2351 917 porrexerint

489 940 696 984 adjutrices,
730 946 763 972 et
795 940 856 984 qui
889 939 1020 971 dictum
1054 939 1311 971 monasterium
1347 938 1383 970 in
1412 937 1670 971 festivitatibus
1702 938 1838 971 Natalis
1867 938 2018 980 domini,
2049 938 2350 980 Circoncisionis,

491 1005 708 1050 Epyphanie,
732 1005 904 1046 Pa[s]che,
927 1005 1178 1045 Ascensionis,
1202 1005 1475 1046 Penthecostes,
1497 1005 1697 1046 Trinitatis,
1721 1004 1959 1046 Eucharistie,
1987 1004 2083 1038 beati
2113 1005 2289 1039 Johannis
2314 1012 2350 1039 et

489 1072 656 1105 Omnium
680 1078 883 1104 sanctorum
906 1083 945 1104 ac
966 1072 1003 1104 in
1023 1072 1115 1104 sesto
1133 1072 1296 1116 Virginis
1318 1071 1420 1104 beate
1442 1072 1554 1104 Marie
1571 1078 1606 1104 et
1626 1083 1690 1116 per
1706 1083 1830 1104 eorum
1853 1071 2011 1112 octabas,
2029 1084 2172 1105 necnon
2188 1072 2225 1105 in
2244 1072 2349 1106 festis

487 1145 690 1171 sauctorum
711 1138 842 1171 Juliani
865 1138 1031 1178 Ferieoli,
1055 1138 1232 1183 Eutropii,
1257 1138 1366 1171 Blasii
1387 1145 1422 1171 et
1444 1138 1569 1179 Fiacri,
1588 1150 1743 1183 quorum
1765 1138 1899 1171 ibidem
1922 1139 2096 1171 memorie
2113 1145 2344 1180 venerantur,

487 1205 522 1236 in
544 1216 605 1237 sex
634 1204 825 1237 dominicis
846 1205 1131 1249 Quadragesime
1159 1217 1197 1237 ac
1225 1216 1289 1249 per
1310 1211 1416 1237 totam
1440 1204 1675 1238 ebdomadam
1707 1211 1863 1238 sanctam
1895 1205 2136 1250 personaliter
2155 1212 2191 1239 et
2216 1206 2346 1239 devote

485 1271 719 1311 visitaverint,
749 1271 886 1316 aliquas
916 1271 1163 1316 indulgentias
1194 1278 1399 1316 perpetuaS,
1429 1278 1536 1316 prout
1565 1272 1743 1304 sanctitati
1771 1278 1891 1305 vestre
1921 1284 2123 1317 congruum
2149 1271 2344 1312 videbitur,

486 1337 769 1370 misericorditer
798 1337 999 1382 elargiri....
1027 1358 1070 1361 ——
1099 1338 1322 1371 Concessum
1355 1338 1399 1370 de
1425 1350 1518 1371 anno
1549 1345 1582 1371 et
1609 1338 1839 1383 quadragena
1860 1339 1895 1371 in
1918 1345 2145 1384 perpetuum.
2169 1359 2213 1364 -—
2239 1340 2345 1381 [Dat.]

485 1404 662 1436 Avinione
683 1408 718 1436 v⁰
740 1404 806 1436 kal.
830 1403 1057 1445 Novembris,
1079 1416 1172 1437 anno
1196 1404 1328 1449 primo:

574 1502 637 1531 Reg.
654 1502 710 1524 vat.
731 1502 824 1532 Suppl.
842 1501 982 1524 Clementis
1000 1502 1054 1530 VH,
1071 1502 1150 1532 an.1y
1166 1511 1191 1533 p.
1210 1505 1232 1530 5,
1250 1502 1293 1525 sol.
1313 1502 1366 1526 127.

576 1587 598 1609 1.
614 1586 670 1611 Vid,
688 1589 750 1609 tom.
768 1586 788 1609 11
810 1586 947 1613 Chim-tul„
966 1591 993 1608 n0
1009 1586 1077 1609 1120.
1093 1600 1122 1603 —
1138 1587 1161 1609 2¹.
1177 1586 1281 1609 Minime
1297 1588 1334 1610 ad
1347 1589 1491 1617 futuram,
1508 1587 1552 1610 sed
1571 1588 1609 1611 ad
1621 1591 1790 1618 perpetuam
1805 1588 1846 1611 rei
1862 1586 2037 1611 memoriam.
2058 1587 2114 1610 Vid.
2134 1595 2215 1618 supra
2230 1591 2259 1610 n⁰
2273 1587 2344 1611 1404.

483 1645 512 1647 —
527 1632 550 1655 3.
566 1632 592 1653 In
611 1631 748 1662 chartul„
765 1631 784 1659 1,
798 1635 827 1652 11⁰
841 1631 880 1653 32.
895 1644 926 1648 —
940 1631 963 1654 4.
983 1630 1036 1653 Vid.
1054 1639 1134 1661 supra
1151 1631 1259 1659 11013118,
1279 1631 1322 1653 ubi
1338 1632 1394 1654 loco
1411 1640 1422 1653 «
1440 1632 1598 1654 florenorum
1618 1641 1628 1654 υ
1646 1631 1742 1655 dicitur
1754 1641 1765 1654 «
1783 1633 1933 1655 francorum
1951 1640 1971 1654 n.
1990 1631 2080 1663 Episc.
2097 1631 2279 1655 cumei-aceris.
2295 1631 2346 1655 suit

482 1675 572 1697 Petrus
594 1675 718 1697 Andreae.
736 1688 763 1691 —
783 1677 805 1698 5.
822 1675 858 1697 Ex
873 1674 1010 1699 Iustu-um.
1036 1675 1148 1699 miscell.
1172 1675 1247 1698 Arch.
1270 1676 1325 1698 Vat.
1351 1679 1472 1706 apparet,
1496 1676 1660 1699 Bernardum
1675 1676 1767 1705 Curiti,
1786 1676 1830 1707 qui
1850 1676 1928 1699 etiam
1949 1684 2006 1699 can.
2028 1675 2123 1705 Puris„
2143 1675 2199 1707 jam
2214 1684 2257 1700 an.
2273 1676 2342 1704 135⁰,

482 1719 564 1749 April.
581 1720 619 1744 23.
635 1719 799 1742 collectorem
818 1719 929 1750 apostol.
956 1719 1051 1747 t'uisse;
1069 1719 1132 1742 ihid.
1150 1719 1332 1742 documentum
1349 1728 1391 1743 nu.
1416 1720 1484 1749 1365,
1505 1720 1588 1751 April.
1606 1721 1643 1748 24,
1665 1720 1690 1743 in
1712 1729 1762 1752 quo
1785 1720 1939 1752 designatur
1959 1720 2066 1743 nuntius
2088 1723 2114 1743 et.
2130 1720 2263 1744 collector.
2279 1721 2344 1744 Cum

481 1767 549 1786 esset
568 1763 709 1787 archidiac.
729 1763 794 1794 Augi
821 1763 845 1786 in
866 1764 928 1786 eccl.
952 1764 1096 1794 anton-ug..
1122 1772 1164 1787 an.
1186 1764 1254 1792 1370,
1279 1765 1404 1787 Nos-emh.
1422 1766 1458 1792 12,
1484 1766 1568 1788 sactus
1584 1768 1623 1788 est
1647 1762 1728 1796 episc.
1754 1765 1858 1789 Ebroic.
1875 1765 1948 1796 (aeg.
1971 1765 2028 1788 Vnt.
2048 1765 2158 1796 Gregor.
2178 1765 2220 1794 Xl,
2241 1769 2270 1788 ιιο
2289 1765 2342 1794 290,

482 1808 525 1830 fol.
541 1808 603 1837 133).
621 1822 647 1825 —
667 1809 689 1831 fi.
708 1808 735 1830 In
752 1816 800 1831 ms.
817 1808 940 1839 spatium.
958 1809 985 1831 In
1004 1809 1121 1839 margine
1137 1808 1262 1831 scribitur
1277 1817 1282 1831 ζ
1299 1818 1309 1831 (ι
1325 1809 1415 1832 Simile
1433 1809 1549 1840 spatium
1565 1813 1605 1832 est
1625 1809 1650 1832 in
1669 1809 1793 1840 originali
1809 1818 1830 1833 1).
1845 1824 1876 1827 -
1896 1811 1917 1833 7.
1937 1809 2043 1833 Scilicet
2063 1810 2127 1834 Ord.
2149 1810 2175 1833 S.
2199 1810 2342 1840 Benedicti,

481 1853 695 1881 Pracmonstrat.,
712 1852 958 1883 Hospitaluriornm,
975 1855 1000 1875 ct
1015 1853 1188 1884 quorumdum
1204 1854 1341 1876 domorum
1357 1853 1387 1877 O.
1404 1855 1430 1877 S.
1448 1854 1580 1877 Benedicti
1596 1857 1621 1877 et
1636 1862 1692 1885 reg.
1709 1854 1772 1878 Ord.
1792 1855 1820 1877 S.
1835 1855 1900 1885 Aug.
1919 1867 1946 1871 ——
1963 1855 1986 1878 8.
1999 1854 2046 1877 MS.
2065 1862 2070 1877 ;
2089 1863 2100 1877 (ι
2116 1854 2260 1886 dignemini
2276 1863 2298 1878 »-
2313 1868 2343 1872 —

480 1898 503 1919 9.
520 1897 593 1924 Quod
610 1900 634 1919 et
648 1897 743 1919 factum
755 1900 802 1919 cst.
818 1897 873 1919 Yid.
890 1897 956 1919 infra
972 1898 1004 1919 ad
1020 1897 1144 1928 temporis
1159 1901 1246 1920 notam
1258 1898 1281 1920 ni
1298 1898 1366 1926 1433,
1383 1898 1408 1920 in
1425 1899 1474 1921 fine
1486 1901 1538 1922 nat.
1555 1898 1723 1930 Anglicanue.
1735 1912 1763 1916 —
1775 1899 1813 1922 10.
1830 1898 1954 1930 collegiis
1968 1898 2115 1922 Becodiuno
2129 1901 2155 1922 et
2167 1898 2343 1923 Boissiacensi

481 1941 572 1964 Octob.
591 1942 628 1968 ⁶28,
650 1949 690 1963 an.
715 1941 783 1969 1379,
807 1950 821 1963 n
842 1941 972 1964 Clemente
995 1942 1049 1970 Vll,
1070 1942 1210 1973 privilegia
1231 1951 1311 1973 supra
1332 1943 1474 1973 impetratu
1494 1951 1618 1966 concessa
1635 1946 1696 1966 sunt
1711 1944 1784 1974 (Reg.
1799 1944 1878 1967 Aven.
1900 1943 1982 1968 Clem.
1998 1944 2052 1972 VH,
2070 1944 2121 1967 vol.
2141 1944 2182 1971 XI.
2204 1943 2249 1967 l'ol.
2265 1943 2340 1971 221³:

482 1986 535 2012 XH,
553 1986 570 2008 s.
587 1986 648 2014 208).
665 1999 696 2002 —
711 1985 748 2008 11.
772 1986 799 2008 In
816 1986 984 2016 sequentihus
1002 1986 1165 2009 Universitas
1181 1987 1231 2009 tria
1246 1987 1387 2018 privilegia
1405 1988 1437 2010 ab
1456 1988 1605 2011 Innocentio
1624 1988 1657 2011 1v
1676 1996 1800 2011 concessa
1818 1987 1902 2017 affert,
1921 1996 1988 2019 quae
2006 1988 2106 2011 scilicet
2120 1988 2146 2011 in
2164 1988 2300 2018 Chartul„
2321 1989 2345 2018 Ιι

481 2034 509 2052 n0
524 2030 578 2058 209,
595 2034 622 2051 11⁰
638 2030 691 2059 211,
709 2029 741 2052 „is
757 2030 800 2052 '142
816 2033 841 2053 et
858 2031 902 2053 235
920 2033 1031 2054 exstant.
1047 2044 1077 2048 —
1093 2031 1132 2054 12.
1146 2031 1221 2059 Quod
1234 2031 1322 2062 utique
1338 2040 1428 2054 verum
1444 2035 1492 2061 est,
1508 2040 1568 2055 num
1584 2033 1683 2055 Adnmo
1699 2033 1730 2055 de
1747 2033 1875 2055 Nemours
1894 2033 1935 2061 (de
1951 2040 2002 2063 quo
2019 2040 2101 2064 supra
2117 2037 2146 2055 n⁰
2160 2032 2230 2062 1261,
2248 2035 2302 2056 not.
2318 2034 2342 2064 3)

481 2074 503 2104 xj
520 2074 572 2096 kal.
588 2074 718 2102 Decemb„
736 2074 751 2097 i.
771 2082 792 2099 c.
813 2074 936 2097 Novemb.
953 2075 990 2104 21,
1007 2083 1048 2098 an.
1063 2075 1122 2098 1377
1138 2076 1251 2106 (erratur
1266 2076 1291 2098 in
1309 2076 1382 2100 Gall.
1398 2077 1505 2105 christ„
1525 2077 1557 2106 X,
1577 2077 1646 2107 1430>
1666 2077 1799 2106 defuncto,
1815 2077 1838 2100 ei
1856 2077 1983 2100 successit
1998 2077 2083 2100 adhuc
2098 2077 2148 2100 suh
2165 2077 2293 2109 Gregorio
2308 2077 2339 2101 ΧΙ

481 2119 571 2141 Petrus
587 2118 703 2149 quidam,
717 2127 791 2149 qutun
807 2122 891 2141 tamen
909 2127 978 2141 mors
995 2119 1131 2150 impedivit
1144 2120 1176 2142 nd
1192 2121 1385 2151 possessionem
1404 2121 1501 2148 venire,
1515 2125 1542 2144 ut
1555 2125 1679 2144 narratur
1697 2121 1722 2144 in
1737 2122 1798 2153 Reg.
1817 2123 1896 2145 Aven.
1912 2122 1994 2145 Clem.
2012 2122 2065 2150 Vll,
2083 2121 2134 2145 vol.
2151 2122 2237 2151 xxlx,
2253 2123 2270 2145 l'.
2286 2122 2340 2150 148,

480 2166 505 2185 et
520 2163 683 2185 solummodo
699 2171 740 2185 an.
756 2163 824 2188 1370,
839 2163 912 2186 Febr.
927 2164 963 2191 11,
979 2165 1148 2187 confirmatur
1159 2173 1295 2188 successor
1307 2165 1440 2188 Johannes
1456 2166 1487 2189 de
1502 2166 1621 2189 Diodona
1636 2166 1700 2195 (vid.
1716 2174 1797 2197 supra
1811 2171 1840 2189 η’)
1855 2166 1924 2195 1310,
1942 2169 1994 2190 not.
2011 2166 2044 2196 1),
2060 2166 2199 2190 defunctus
2212 2174 2254 2190 an.
2270 2166 2340 2194 1409,

481 2207 552 2237 Sept.
569 2208 590 2229 8.
611 2220 637 2223 —
655 2207 692 2230 13.
705 2207 751 2230 Ms.
771 2207 840 2230 clure
856 2215 861 2230 ·.
879 2216 891 2230 ‹(
910 2208 940 2231 de
957 2208 1043 2239 gratia
1059 2217 1081 2231 n.
