2488 3386
488 348 553 380 316
1066 357 1382 379 CHARTULARIUM
1417 355 1605 378 univsns.
1643 354 1771 376 PARIS.
2247 341 2346 378 [1383

489 431 788 464 sustentationem
819 431 856 463 in
887 430 1066 464 studendo
1096 430 1243 474 recepit,
1271 437 1306 463 et
1332 430 1423 463 alius
1450 429 1530 462 loco
1557 428 1673 473 ipsius
1704 427 1937 472 subrogetur,
1966 427 2038 460 nisi
2067 439 2132 472 per
2159 427 2344 461 dominum

488 496 650 529 abbatem
672 497 780 530 certis
804 497 848 529 de
872 497 991 530 causis
1011 496 1119 528 fuerit
1139 508 1217 528 curn
1240 508 1282 528 eo
1305 496 1565 540 dispensatum.
2057 489 2060 492 ”

577 564 664 595 Item
690 563 886 596 diffinimus
915 569 949 595 et
977 562 1198 603 ordinamus,
1224 562 1320 606 quod
1350 561 1473 594 nullus
1501 560 1698 605 religiosus
1725 560 1783 593 vel
1813 559 1964 592 scolaris
1996 560 2034 592 in
2063 560 2159 593 dicto
2189 560 2345 606 collegio

488 629 681 673 recipiatur
701 641 767 662 nec
788 629 987 662 inhabitare
1004 629 1243 673 permittatur,
1266 628 1337 661 nisi
1358 628 1410 660 illi
1439 634 1587 668 tantum,
1610 627 1671 671 qui
1689 626 1796 659 modo
1819 633 1854 659 et
1872 627 1986 659 forma
2007 627 2178 671 superius
2199 639 2346 672 expres,-

489 695 574 728 satis
594 695 729 728 fuerint
756 695 793 727 in
814 695 909 727 dicto
931 694 1086 739 collegio
1108 695 1255 739 recepti.
1286 695 1373 727 Item
1395 693 1492 738 quod
1514 693 1636 726 nullus
1662 692 1861 738 religiosus
1887 693 1930 726 de
1956 693 2052 726 dicto
2075 693 2247 739 collegio,
2269 694 2345 727 sive

488 761 534 793 sit
564 761 663 806 prior
688 760 745 794 vel
779 760 869 793 alter
896 760 1060 801 scolaris,
1090 766 1208 792 teneat
1241 759 1374 792 ibidem
1405 759 1590 805 proprium
1621 759 1793 792 famulum
1820 759 1878 793 vel
1906 759 2116 792 familiarem
2151 760 2344 805 specialem

488 827 597 859 eciam
620 827 696 860 suis
718 826 921 871 sumptibus
942 826 1100 871 propriis
1122 826 1179 859 vel
1207 827 1389 871 expensis.
1413 827 1501 859 Item
1522 825 1713 859 statuendo
1739 825 1937 859 diffinimus
1958 833 1993 859 et
2016 826 2227 860 ordinamus
2248 827 2345 872 quod

488 892 585 925 nulle
606 893 777 925 mulieres
798 893 835 925 in
857 893 952 925 dicto
973 892 1129 936 collegio
1152 892 1427 925 introducantur
1447 904 1513 924 nec
1534 892 1716 924 introduci
1737 892 1990 937 permittantur
2010 892 2078 926 sub
2099 893 2345 926 excommuni—

487 959 637 991 cationis
665 970 767 1003 pena,
791 958 862 991 nisi
888 958 1022 990 fuerint
1049 965 1143 990 tante
1166 957 1364 991 nobilitatis
1391 965 1425 991 et
1452 958 1671 991 excellencie
1693 958 1827 1003 quibus
1848 971 1921 991 non
1941 959 2078 992 debeat·
2094 959 2214 993 aditus
2235 959 2346 992 dene-

485 1025 574 1069 gari,
598 1031 633 1057 et
652 1031 735 1057 tunc
766 1024 809 1056 de
837 1024 988 1057 licencia
1016 1024 1148 1069 prioris
1169 1024 1205 1056 in
1228 1024 1322 1057 dicto
1349 1024 1506 1070 collegio
1538 1025 1774 1072 presidentis.
1797 1031 1944 1070 excepta
1965 1025 2023 1058 die
2045 1026 2239 1059 confratrie
2259 1025 2346 1059 bur-

485 1091 652 1135 gencium
675 1091 900 1132 Parisiens.⁸‚
924 1097 959 1123 et
979 1090 1178 1123 ebdomada
1200 1097 1333 1124 sancta.

573 1157 660 1188 Item
682 1156 878 1189 diffinimus
901 1163 936 1189 et
957 1156 1166 1189 ordinamus
1188 1157 1285 1201 quod
1309 1157 1477 1190 decetero
1501 1157 1601 1202 prior
1621 1157 1815 1190 scolarium
1839 1158 1925 1191 dicti
1946 1157 2094 1204 collegii
2116 1165 2152 1192 et
2172 1158 2346 1204 subprior

484 1222 569 1254 dicti
590 1222 735 1267 collegii
752 1222 825 1255 sint
840 1222 1013 1255 annuales
1035 1229 1069 1255 et
1089 1235 1153 1267 per
1174 1235 1284 1255 unum
1306 1236 1436 1256 annum
1457 1230 1592 1256 tantum
1614 1231 1824 1257 remaneant
1843 1224 1880 1257 in
1897 1236 1964 1257 suo
1986 1224 2116 1267 officio,
2135 1225 2207 1259 nisi
2228 1225 2344 1259 domi-

484 1300 551 1321 nus
573 1288 824 1321 Cluniacensis
845 1295 993 1334 propter
1012 1301 1136 1321 eorum
1158 1289 1250 1322 bene
1272 1290 1398 1323 merita
1423 1290 1566 1323 duxerit
1585 1303 1665 1323 cum
1687 1291 1825 1324 eisdem
1846 1290 1950 1324 aliter
1971 1291 2257 1337 dispensandum
2279 1304 2344 1326 seu

484 1354 778 1387 ordinandum....
816 1356 904 1387 Item
938 1355 1035 1399 quod
1067 1355 1235 1388 decetero
1275 1356 1398 1389 nullus
1433 1357 1630 1402 religiosus
1663 1357 1802 1390 habens
1837 1357 2053 1391 beneficium
2087 1358 2343 1404 quodcumque

483 1420 615 1453 modici
630 1420 763 1453 valoris
784 1421 901 1465 possit
920 1421 957 1453 in
974 1421 1069 1454 dicto
1091 1421 1247 1467 collegio
1270 1408 1379 1455 eciam
1402 1423 1479 1456 suis
1500 1423 1706 1468 sumptibus
1727 1424 1886 1469 propriis
1907 1436 2094 1457 remanere
2116 1436 2182 1458 nec
2202 1424 2344 1458 inhabi-

482 1493 568 1528 tare,
588 1487 696 1519 eciam
715 1493 891 1532 tamquam
910 1488 1009 1532 prior
1026 1500 1091 1521 nec
1109 1495 1144 1521 ut
1162 1488 1333 1533 subprior
1349 1496 1408 1522 aut
1424 1497 1463 1523 ut
1483 1490 1648 1531 scolaris,
1666 1491 1911 1536 precipientes
1928 1491 1964 1524 in
1980 1491 2112 1525 virtute
2129 1491 2344 1525 obediencie

483 1560 517 1585 et
537 1552 604 1586 sub
626 1554 1013 1586 excommunicacionis
1035 1567 1137 1599 pena,
1162 1567 1265 1600 quam
1296 1556 1445 1589 ferimus
1474 1557 1510 1589 in
1535 1556 1606 1590 hiis
1637 1557 1784 1602 scriptis
1810 1558 1923 1602 priori
1946 1564 1981 1591 et
2007 1557 2193 1603 subpriori
2214 1565 2249 1591 et
2268 1558 2344 1591 cui-

482 1631 623 1663 cunque
648 1619 750 1652 alteri
779 1619 1016 1660 benefficiato.
1046 1621 1143 1665 quod
1164 1621 1255 1654 infra
1285 1634 1445 1655 mensem
1472 1636 1490 1655 a
1516 1630 1678 1668 tempore
1707 1624 1841 1657 noticie
1866 1624 2048 1669 presentis
2074 1624 2301 1658 diffinitionis
2325 1636 2343 1658 a

482 1685 577 1717 dicto
598 1685 753 1730 collegio
775 1686 930 1727 recedat,
953 1686 984 1719 si
1003 1686 1114 1731 aliqui
1135 1687 1207 1720 sint
1230 1688 1274 1720 de
1295 1689 1456 1733 presenti
1475 1689 1533 1723 vel
1554 1697 1660 1723 erunt
1680 1702 1746 1735 pro
1768 1697 1943 1735 tempore.

574 1781 642 1804 Bibl.
660 1785 713 1805 nat.
727 1781 820 1810 Paris„
837 1791 914 1806 nouv.
933 1783 1043 1815 aequis„
1064 1785 1133 1813 2263,
1150 1785 1195 1808 sol.
1210 1786 1247 1808 71.
1260 1799 1290 1803 —
1305 1786 1360 1811 Fol.
1379 1787 1427 1809 92¹»
1439 1786 1542 1810 initium
1560 1787 1638 1819 hujus
1656 1788 1805 1811 documenti
1823 1789 1876 1811 fere
1892 1791 1921 1811 ut
1938 1796 2020 1819 supra
2035 1788 2152 1817 affertur,
2167 1789 2213 1812 sed
2233 1789 2266 1813 ad
2281 1789 2345 1813 defi-

482 1825 606 1848 nitionem
619 1834 661 1849 an.
677 1826 736 1849 1398
751 1826 872 1857 pertinet.

575 1910 596 1933 1.
613 1910 668 1933 Fol.
686 1910 712 1933 71
731 1918 735 1933 z
752 1918 762 1933 «
780 1911 856 1942 relig.
874 1920 895 1934 ».
910 1925 942 1928 —
957 1912 1057 1935 2.1bid.
1071 1920 1077 1936 :
1094 1921 1104 1936 «
1119 1914 1260 1944 profiscere
1272 1922 1294 1937 ».
1310 1928 1336 1932 -
1352 1915 1376 1938 3.
1390 1915 1456 1938 Ibid.
1470 1923 1475 1938 :
1488 1924 1499 1938 «
1516 1920 1677 1947 occupant».
1694 1931 1720 1935 —
1734 1918 1757 1941 4,
1772 1918 1819 1942 An.
1837 1918 1906 1947 1403,
1922 1918 2056 1950 Septemb.
2070 1919 2099 1941 10
2113 1922 2171 1949 (non
2188 1919 2258 1949 1400,
2274 1918 2343 1942 utin

482 1953 552 1978 Bibl.
571 1953 663 1984 Clun„
678 1963 705 1985 p.
721 1955 790 1981 1674.
807 1958 832 1978 et
850 1955 922 1979 Gall.
939 1956 1042 1984 christ„
1063 1957 1105 1986 lv,
1122 1958 1190 1987 1157)
1209 1958 1379 1982 confirmatur
1395 1959 1421 1982 in
1441 1960 1530 1983 abbat.
1547 1960 1674 1989 Cluniae„
1693 1970 1751 1984 cum
1769 1965 1839 1985 esset
1850 1962 2000 1986 licentiatus
2016 1962 2043 1986 in
2063 1963 2158 1986 decret.
2176 1963 2248 1994 (Reg.
2264 1964 2353 1993 Ανειι.ν

482 1997 577 2020 Bened.
593 1998 661 2027 xm,
676 1999 728 2021 vol.
743 1999 816 2028 XXX,
833 2000 850 2023 f.
867 2000 930 2030 124).
943 2014 974 2017 —
985 2003 1007 2023 5.
1019 2001 1054 2024 De
1069 2001 1207 2031 Causanis,
1218 2011 1260 2025 an.
1273 2003 1342 2032 1363,
1356 2004 1442 2027 Martii
1455 2005 1476 2032 1,
1491 2005 1573 2028 abhas
1590 2006 1615 2028 S.
1629 2006 1769 2029 Theofredi
1782 2006 1912 2030 Aniciens.
1929 2007 2011 2030 dioec.
2022 2010 2084 2038 post
2095 2007 2196 2030 obitum
2208 2007 2344 2031 Amblardi

482 2041 630 2064 nominatus
643 2045 690 2071 est,
707 2051 765 2065 cuin
780 2046 849 2066 esset
860 2044 934 2075 prior
946 2045 1078 2075 prioratus
1094 2046 1125 2068 de
1141 2046 1292 2074 Guillestra,
1308 2048 1442 2072 Ebrodun.
1456 2048 1548 2078 dioec.,
1560 2052 1584 2072 et
1598 2050 1749 2073 licentiatus
1765 2051 1792 2073 in
1808 2051 1904 2075 decret.
1923 2052 1996 2083 (Reg.
2010 2052 2089 2075 Aven.
2105 2051 2171 2075 Urb.
2187 2052 2217 2081 V,
2232 2052 2285 2075 vol.
2301 2052 2345 2081 vl,

482 2086 499 2108 f.
514 2085 593 2115 1371‘),
612 2094 653 2110 an.
670 2087 739 2117 1375,
754 2088 783 2110 10
797 2088 915 2117 Januar.,
931 2090 1024 2112 transl.
1039 2090 1070 2112 ad
1084 2094 1195 2114 monast.
1215 2091 1331 2115 Cluniae.
1349 2093 1421 2123 (Reg.
1437 2094 1516 2117 Aven.
1533 2094 1612 2125 Greg.
1636 2095 1679 2124 XI,
1694 2095 1746 2118 vol.
1763 2095 1836 2125 XXV,
1852 2097 1869 2119 f.
1884 2097 1950 2126 42¹0).
1968 2096 2079 2119 Eri-atur
2098 2096 2125 2119 in
2144 2096 2216 2120 Gall.
2234 2096 2344 2126 christ-9

482 2130 512 2158 ΙΙ,
531 2131 584 2153 768.
599 2130 658 2153 Jam
670 2131 752 2162 April.
767 2132 789 2161 2,
806 2140 848 2156 an.
863 2132 934 2161 1383,
946 2133 972 2155 in
987 2134 1053 2157 lecto
1066 2138 1195 2158 extremae
1214 2136 1398 2167 aegritudinis,
1415 2137 1489 2168 cujus
1508 2146 1589 2169 supra
1602 2139 1680 2162 etiam
1696 2140 1793 2163 mentio
1810 2140 1847 2168 fit,
1865 2140 2047 2170 decumbebat,
2066 2143 2092 2164 et
2105 2140 2159 2164 Jul.
2174 2141 2189 2163 6
2204 2140 2343 2164 defunctus

482 2177 521 2196 est
541 2174 624 2203 (Gall.
643 2175 749 2204 christ..
766 2176 807 2205 IV,
828 2176 906 2206 1156).
926 2191 957 2194 —
973 2179 996 2200 6.
1016 2178 1252 2202 Chateau-Landon
1278 2180 1523 2211 (Seine—et-Marne).
1544 2197 1570 2200 —
1592 2184 1615 2206 7.
1634 2183 1676 2206 Sic
1699 2183 1724 2206 in
1747 2192 1808 2213 ms„
1828 2184 1948 2215 quamvis
1969 2185 2078 2216 paulum
2094 2187 2171 2208 antea
2185 2185 2255 2208 clare
2268 2194 2281 2206 α
2299 2193 2316 2207 v
2330 2192 2342 2207 »³

481 2221 601 2248 ponatur,
619 2219 687 2250 quod
702 2220 791 2251 utique
806 2220 947 2244 correctius
965 2225 1013 2245 est.
1027 2222 1084 2246 Vid.
1102 2223 1238 2251 chartul„
1256 2225 1287 2252 II,
1302 2233 1329 2256 p.
1344 2226 1396 2254 704,
1414 2229 1467 2249 not.
1481 2227 1519 2250 38.
1535 2241 1566 2244 -—
1578 2228 1600 2251 8.
1618 2227 1713 2259 Agitur
1729 2228 1819 2260 utique
1833 2229 1865 2252 de
1882 2229 2046 2260 Confratria
2063 2235 2171 2259 ‘maana
2185 2229 2219 2253 Β.
2233 2228 2345 2253 Mariae

482 2262 587 2290 Paris„
603 2263 634 2285 de
657 2271 708 2294 qua
729 2263 781 2286 vid.
805 2265 838 2287 Le
860 2265 931 2288 Roux
946 2266 977 2288 de
992 2266 1079 2298 Lincy,
1099 2267 1268 2293 Recherches
1281 2276 1334 2293 sur
1349 2270 1376 2293 la
1393 2270 1505 2295 Grande
1520 2272 1659 2302 confre'rie
1674 2272 1861 2297 Notre-Dame
1875 2280 1935 2297 aux
1947 2274 2056 2304 pretres
2071 2277 2097 2297 et
2111 2274 2258 2303 bouryeois
2268 2274 2301 2297 de
2314 2273 2344 2298 la

484 2306 549 2330 ville
563 2307 595 2330 de
606 2307 706 2337 Paris;
719 2308 802 2336 Paris,
815 2309 883 2332 1844.

489 2440 628 2478 1479.
655 2451 772 2477 Carolus
794 2453 834 2487 Vl,
853 2461 904 2478 rea·
923 2455 1103 2490 Francorum,
1131 2457 1354 2492 Universitatem,
1376 2459 1436 2493 ejus
1452 2459 1582 2495 collegia,
1601 2462 1764 2496 magistros,
1781 2462 1937 2497 scholares,
1958 2461 2093 2497 bedellos,
2116 2462 2253 2488 librarios
2280 2462 2343 2488 Uni-

574 2499 725 2534 versitatis,
745 2508 839 2526 eorum
855 2501 962 2536 domus,
980 2503 1094 2528 scholas
1110 2513 1128 2529 a
1144 2506 1340 2540 juvaminibus
1356 2507 1391 2532 de
1407 2516 1474 2533 novo
1491 2517 1578 2544 super
1593 2509 1724 2535 domibus
1739 2519 1790 2536 seu
1805 2510 1926 2545 locagiis
1941 2510 2037 2537 Paris.
2055 2519 2108 2547 pro
2123 2513 2202 2545 facto
2219 2518 2342 2545 guerra-

573 2556 632 2572 rum
649 2547 762 2573 indictis
779 2549 884 2584 quittos
898 2554 924 2575 et
937 2550 1041 2577 liberos
1057 2561 1118 2578 esse
1133 2553 1259 2580 mandat.
1277 2555 1340 2581 Dat.
1359 2556 1482 2582 Parisius
1497 2565 1575 2583 anno
1586 2559 1705 2584 Domini
1720 2559 1965 2590 MCCCLXXXIII,
1979 2560 2026 2586 die
2038 2560 2104 2593 xviij
2120 2560 2237 2594 Aprilis-

676 2667 680 2672 .
807 2668 811 2673 .
836 2668 840 2672 .
1042 2669 1047 2674 ,
1683 2644 1758 2673 1383,
1774 2644 1865 2676 Aprilis
1884 2645 1923 2674 18,
1939 2644 2054 2670 Ρανίεῆε.

577 2665 692 2690 Recuezl
704 2668 750 2691 des
762 2668 912 2698 przvzleyes
927 2669 959 2692 de
972 2668 1148 2695 l'Umversite'
1158 2673 1190 2695 de
1204 2673 1298 2701 Paris,
1315 2682 1342 2704 p.
1359 2675 1397 2697 88.
