2488 3386
460 330 524 363 536
1032 336 1350 358 CHARTULARIUM
1388 336 1577 358 umivssns.
1615 337 1745 359 PAnts.
2221 323 2320 359 [1390

460 413 556 457 quod
578 413 746 445 decetero
770 412 891 444 nullus
913 411 1064 444 scolaris
1089 417 1148 442 aut
1173 409 1422 442 bacchalarius
1445 410 1482 442 in
1503 409 1662 454 legibus,
1684 410 1741 443 vel
1767 410 1877 442 eciam
1903 410 2069 455 graciose
2092 409 2316 451 licenciatus,

458 479 664 512 admittatur
680 479 715 510 in
732 479 844 510 forma
861 478 1072 522 legistarum
1091 476 1133 508 ad
1150 487 1298 508 examen
1316 487 1380 521 pro
1402 475 1552 508 licencia
1573 476 1708 520 injure
1730 476 1904 509 canonico
1926 476 2086 508 Parisius
2107 476 2316 521 optinenda,

460 545 529 578 nisi
551 545 651 590 prius
674 557 736 589 per
752 545 879 588 xxiiij0‘
895 555 1039 576 menses
1056 542 1256 587 completos
1277 542 1321 574 ad
1342 542 1474 582 minus,
1493 542 1529 574 in
1546 542 1663 575 tribus
1680 542 1796 584 annis,
1816 549 1895 575 tres-
1910 542 2025 575 libros
2041 542 2137 587 juris
2153 543 2318 575 canonici

459 612 612 656 integre,
635 610 801 655 beneque
829 617 863 643 et
895 610 1067 643 decenter
1096 608 1239 653 legerit,
1271 615 1397 653 quarto
1428 608 1522 641 libro
1550 609 1792 643 Decretalium
1825 609 1972 641 minime
2005 615 2225 653 computato,
2247 609 2316 642 nisi

458 690 537 710 cum
556 690 598 710 eo
620 677 751 722 legerit
771 677 1019 710 Clementinas.
1039 676 1127 708 Cum
1153 674 1215 707 illo
1239 681 1356 707 tamen
1377 674 1438 719 qui
1458 674 1550 707 duos
1571 675 1685 708 libros
1706 682 1742 708 et
1763 676 1934 720 majorem
1954 682 2089 720 partem
2112 675 2215 708 tercii
2237 687 2318 720 per-

459 743 600 788 legerit,
624 743 820 776 dummodo
838 743 954 775 dictos
971 742 1098 786 xxiiijffl
1118 752 1263 773 menses
1285 741 1321 773 in
1343 740 1460 774 tribus
1483 741 1587 774 annis
1608 741 1858 786 compleverit,
1881 742 2014 787 poterit
2035 753 2098 786 per
2114 741 2316 774 facultatem

458 810 681 855 dispensari;
710 810 755 842 ita
784 816 900 842 tamen
930 808 1025 853 quod
1055 808 1187 840 dictum
1210 807 1342 840 librum
1364 819 1429 852 per
1456 819 1559 840 51111111
1582 809 1825 852 juramentum
1851 808 2034 853 complere
2055 815 2220 841 teneatur
2243 819 2249 840 ε
2273 808 2317 841 (10

458 889 529 921 quo
552 876 657 908 fidem
681 876 786 908 faciet
806 875 977 915 facultati,
1001 875 1071 907 nisi
1094 886 1136 906 ex
1151 875 1250 918 justa
1272 880 1305 906 01
1324 874 1527 906 rationabili
1549 886 1655 907 causa
1677 886 1788 919 super
1809 875 1925 919 ipsius
1946 874 2030 907 libri
2051 874 2317 920 complemento

458 955 522 988 per
548 943 749 975 facultatem
776 942 884 974 suerit
904 954 982 974 cum
1012 953 1054 973 eo
1081 941 1349 985 dispensatunr,
1381 940 1551 973 omnibus
1573 940 1784 974 doctoribus
1806 941 2019 986 regentibus
2041 941 2083 974 ad
2108 941 2317 986 hujusmodi

457 1009 771 1054 dispensacionem
799 1008 997 1041 faciendam
1021 1007 1188 1052 primitus
1214 1019 1278 1052 per
1305 1014 1380 1040 tres
1401 1007 1531 1040 missas
1553 1007 1760 1052 specialiter
1783 1008 1954 1040 evocatis.
1977 1008 2147 1052 Antiquis
2174 1008 2317 1041 statutis

456 1075 574 1119 quoad
594 1075 804 1107 licenciatos
824 1075 860 1107 in
876 1075 959 1119 jure
980 1074 1078 1107 civili
1100 1074 1135 1106 in
1158 1074 1279 1119 rigore
1301 1074 1476 1106 examinis
1498 1074 1533 1106 in
1555 1086 1622 1107 suo
1644 1074 1776 1107 robore
1797 1074 1981 1107 duraturis
2000 1086 2006 1106 :
2029 1074 2201 1107 videlicet
2220 1074 2318 1119 quod

456 1141 578 1174 nullus
599 1141 803 1174 licentiatus
829 1141 865 1173 111
891 1140 1037 1185 legibus
1065 1141 1101 1172 in
1128 1141 1249 1185 rigore
1276 1140 1451 1173 examinis
1477 1141 1683 1173 admittatur
1707 1141 1750 1173 ad
1777 1140 1963 1173 licenciam
1986 1141 2122 1185 injure
2143 1140 2317 1174 canonico

456 1208 626 1248 Parisius,
662 1207 732 1240 nisi
763 1207 799 1239 in
830 1207 973 1240 duobus
1009 1207 1126 1248 annis,
1158 1219 1231 1239 non
1262 1207 1444 1240 currendo
1475 1207 1537 1239 sed
1573 1214 1770 1252 temperate
1799 1214 1834 1240 et
1866 1207 2050 1247 decenter,
2086 1207 2218 1252 legerit
2254 1219 2319 1252 per

454 1285 512 1305 xv¹
534 1285 679 1306 menses
701 1273 901 1318 completos
922 1274 965 1306 ad
986 1274 1119 1314 minus,
1138 1280 1173 1306 et
1188 1274 1224 1306 in
1246 1274 1337 1318 ipsis
1358 1274 1450 1306 duos
1468 1273 1582 1306 libros
1598 1274 1694 1318 juris
1714 1274 1893 1315 canonici,
1911 1280 2038 1318 quarto
2055 1273 2149 1306 libro
2171 1273 2317 1307 minime

455 1347 673 1385 computato,
706 1340 774 1373 nisi
806 1352 885 1372 cum
919 1340 981 1373 illo
1013 1340 1146 1385 legerit
1176 1340 1427 1374 Clementinczs.
1455 1341 1591 1373 Poterit
1620 1347 1738 1373 tamen
1766 1352 1846 1373 cum
1873 1340 1936 1373 illo
1962 1340 2023 1385 qui
2049 1340 2181 1386 legerit
2205 1352 2316 1373 unum

454 1406 585 1439 librum
607 1413 666 1439 aut
686 1408 857 1451 majorem
876 1413 1011 1451 partem
1033 1406 1196 1447 alterius,
1220 1392 1303 1439 duni
1326 1414 1443 1440 tamen
1466 1407 1659 1452 perfecerit
1679 1419 1836 1448 menses,
1860 1419 1925 1452 per
1944 1406 2148 1439 facultatem
2170 1407 2318 1452 dispen-

453 1473 524 1506 sari
552 1485 558 1505 2
582 1474 627 1506 ita
649 1480 780 1514 tamen,
803 1474 899 1518 quod
926 1474 1044 1518 ipsum
1075 1473 1206 1506 librum
1237 1474 1466 1518 postmodum
1501 1474 1663 1519 perficiat
1692 1486 1757 1518 per
1781 1475 2039 1518 juramentum.
2073 1474 2112 1505 ln
2142 1473 2317 1518 predictis

453 1551 538 1572 vero
561 1539 719 1581 casibus,
736 1540 843 1584 xxviij
867 1540 945 1572 dies
966 1540 1161 1573 continuos
1183 1553 1247 1586 pro
1269 1552 1395 1573 mense
1412 1541 1604 1573 statuimus
1624 1540 1840 1585 computari.

542 1607 642 1647 Item,
666 1607 746 1651 quia
764 1607 858 1639 inter
878 1613 1020 1639 ceteros
1041 1607 1156 1640 libros
1172 1607 1426 1649 Decretalium,
1446 1614 1570 1640 sextus
1591 1607 1684 1640 liber
1701 1607 1800 1640 utilis
1816 1619 1898 1640 esse
1916 1606 2157 1651 dignoscitur,
2179 1607 2316 1640 idcirco

452 1684 532 1713 nos,
555 1673 712 1706 decanus
730 1680 763 1706 et
784 1673 978 1718 collegium
1002 1674 1143 1718 prefati,
1166 1674 1356 1707 statuimus
1378 1681 1413 1707 et
1428 1674 1652 1715 ordinamus,
1671 1674 1768 1719 quod
1790 1674 1850 1718 qui
1873 1680 2011 1706 sextum
2034 1673 2165 1706 librum
2186 1673 2316 1707 Decre-

452 1739 577 1773 talium
609 1739 745 1772 utiliter
772 1740 937 1784 beneque
969 1747 1003 1773 et
1029 1740 1150 1773 debite
1177 1741 1388 1786 perlegerit,
1420 1741 1488 1774 hoc
1519 1753 1583 1786 pro
1612 1753 1684 1774 11110
1711 1740 1805 1773 libro
1834 1747 1868 1773 et
1896 1741 2022 1785 majori
2044 1746 2144 1785 parte
2166 1739 2316 1773 alterius

451 1806 568 1838 eidem
591 1806 874 1850 computabitur3
894 1807 940 1840 ita
961 1807 1073 1852 quod,
1091 1808 1122 1840 si
1139 1808 1175 1840 in
1197 1808 1311 1840 forma
1327 1808 1609 1848 canonistarum,
1628 1808 1720 1840 duos
1742 1807 1857 1840 libros
1873 1806 2114 1840 Decretalium
2130 1818 2211 1839 011111
2227 1807 2314 1847 V1·⁰;

453 1872 483 1904 si
512 1884 598 1905 vero
626 1873 663 1905 in
689 1874 801 1906 forma
827 1873 1037 1918 legistarum
1066 1881 1103 1906 ut
1126 1874 1331 1907 licentiatus
1359 1875 1395 1907 in
1425 1874 1571 1919 legibus
1598 1875 1634 1907 in
1661 1875 1783 1919 rigore
1811 1874 1986 1906 examinis
2014 1880 2152 1906 sextum
2182 1872 2314 1906 librum

451 1939 689 1973 Decretalimn
720 1952 797 1972 cum
830 1940 1062 1974 Clementinis
1085 1941 1142 1974 vel
1171 1941 1399 1974 medietatem
1425 1941 1574 1974 alterius
1603 1941 1687 1974 libri
1710 1941 1963 1981 Decretaliutn,
1991 1940 2051 1973 alii
2072 1951 2158 1973 vero
2183 1939 2315 1985 legiste

451 2005 544 2037 duos
564 2005 678 2038 libros
699 2018 778 2038 cum
806 2014 921 2045 sexto,
941 2008 1082 2052 integre
1104 2007 1236 2053 legerit
1259 2020 1265 2040 :
1288 2008 1331 2041 ad
1353 2020 1501 2041 examen
1526 2020 1590 2053 pro
1614 2008 1765 2040 licencia
1787 2008 1823 2040 in
1844 2008 1927 2052 jure
1951 2006 2126 2039 canonico
2154 2006 2315 2039 Parisius

451 2072 646 2116 optinenda
668 2073 800 2117 poterit
820 2074 970 2106 admitti.
994 2075 1131 2107 Poterit
1150 2081 1269 2107 tamen
1290 2075 1440 2108 facultas
1461 2075 1633 2108 lecturam
1656 2074 1806 2107 alterius
1828 2073 1911 2106 libri
1939 2085 2003 2106 seu
2030 2072 2177 2117 majoris
2203 2072 2314 2117 partis

451 2137 565 2182 ipsius
598 2139 714 2171 eidem
746 2140 921 2181 indicere,
949 2141 979 2173 si
1006 2140 1073 2174 hoc
1103 2141 1262 2174 facultati
1292 2141 1456 2174 videatur
1482 2141 1653 2186 expedire
1676 2152 1683 2173 z
1711 2153 1815 2186 quam
1843 2152 1907 2185 per
1936 2151 2041 2173 suum
2067 2140 2312 2184 juramentum

451 2204 632 2237 tenebitur
651 2206 850 2250 adimplere
872 2214 906 2239 01
927 2207 970 2240 de
988 2207 1055 2240 hoc
1077 2208 1183 2240 fidem
1205 2209 1324 2241 facere
1340 2208 1511 2241 facultati.

540 2272 638 2312 Item,
663 2273 743 2316 quia
765 2273 857 2306 circa
880 2273 1088 2318 hujusmodi
1111 2275 1266 2308 lecturas
1284 2281 1319 2307 et
1339 2275 1456 2308 scolas
1474 2274 1679 2308 doctorales
1696 2274 1959 2319 quamplurime
1977 2273 2121 2305 fraudes
2138 2271 2312 2305 hactenus

452 2344 532 2369 sunt
555 2339 762 2378 commisse,
789 2346 823 2372 et
847 2340 1056 2373 insimiliter
1077 2342 1251 2374 committi
1274 2349 1444 2386 poterunt
1464 2342 1500 2374 in
1521 2342 1680 2374 futurum
1707 2353 1713 2373 :
1737 2341 1872 2373 idcirco
1897 2351 1976 2379 nos,
1999 2338 2126 2384 prefati
2153 2338 2312 2371 decanus

452 2409 486 2434 et
513 2404 719 2448 collegium,
754 2405 962 2450 hujusmodi
992 2408 1195 2450 fraudibus,
1223 2415 1393 2453 quantum
1428 2420 1637 2454 possumus,
1671 2407 1818 2441 obviare
1847 2406 2026 2447 volentes,
2057 2405 2248 2438 statuimus
2278 2411 2314 2438 et

453 2469 674 2510 ordinamus,
697 2472 792 2515 quod
817 2473 985 2506 decetero
1007 2474 1160 2518 quilibet
1185 2475 1412 2508 bachalarius
1437 2475 1566 2520 legens
1587 2475 1623 2507 in
1644 2476 1727 2519 jure
1753 2474 1926 2506 canonico
1949 2472 2121 2512 Parisius,
2149 2471 2313 2516 quolibet

452 2547 544 2567 anno
566 2536 601 2567 in
624 2537 801 2582 principio
824 2551 887 2571 sue
909 2539 1046 2573 lecture
1068 2553 1173 2574 unam
1196 2542 1359 2574 cedulam
1381 2554 1399 2574 a
1420 2542 1568 2587 proprio
1591 2542 1753 2581 doctore,
1776 2539 1844 2573 sub
1866 2551 1937 2584 quo
1959 2545 1994 2571 et
2014 2539 2049 2570 in
2072 2539 2176 2582 cujus
2201 2537 2311 2571 scolis

452 2600 560 2645 leget,
584 2602 698 2646 ipsius
721 2603 879 2637 doctoris
904 2612 936 2638 et
959 2607 1084 2639 decani
1106 2608 1285 2641 facultatis
1307 2609 1440 2653 sigillis
1459 2608 1665 2653 sigillatam,
1689 2607 1851 2652 recipere
1879 2612 2062 2645 teneatur3
2088 2617 2193 2650 quam
2214 2604 2309 2637 idem

452 2667 689 2706 bachalarius,
727 2682 805 2702 cum
843 2672 885 2704 ad
917 2672 1087 2706 lecturam
1120 2686 1218 2706 suam
1250 2675 1492 2720 incipiendam
1533 2674 1746 2720 proclamari
1773 2672 1941 2713 voluerit,
1972 2671 2117 2705 bedello
2148 2670 2311 2716 generali

451 2733 628 2767 facultatis
656 2736 780 2769 afferet
807 2749 869 2769 seu
899 2739 1017 2771 afferri
1043 2740 1160 2781 faciet,
1188 2747 1226 2773 111
1251 2741 1494 2785 proclametur
1516 2753 1522 2773 :
1546 2740 1706 2785 alioquin
1733 2739 1900 2772 bedellus
1929 2738 2112 2783 generalis
2138 2743 2198 2770 aut
2223 2736 2310 2769 sub-

451 2799 617 2833 bedellus
638 2813 702 2845 per
728 2814 791 2835 sua
807 2804 1009 2847 juramenta
1037 2807 1216 2839 neminem
1244 2807 1518 2852 proclamabunt
1538 2814 1597 2840 aut
1624 2807 1755 2839 facient
1776 2805 2006 2851 proclamari3
2030 2811 2065 2837 et
2085 2804 2202 2837 statim
2226 2807 2320 2848 pro-J

451 2865 662 2899 clamatione
684 2868 772 2901 facta
794 2869 976 2903 tenebitur
998 2872 1113 2905 dictus
1132 2872 1300 2906 bedellus
1320 2874 1377 2907 vel
1399 2873 1639 2907 subbedellus
1659 2873 1702 2906 ad
1725 2873 1899 2905 decanum
1923 2871 2089 2912 transire,
2109 2877 2143 2903 et
2163 2869 2309 2902 nomina

2483 2911 2488 3011 *nu—h„
2485 2892 2488 2902 1,
2486 2858 2488 2862 .
2483 2839 2488 2845 .
2478 2826 2488 2831 1
