2488 3386
444 347 507 378 506
1010 349 1329 372 annTULAamM
1363 348 1552 370 UNIVERS.
1590 347 1717 369 PAnis.
2202 334 2299 370 [1387

447 483 585 519 1566.
615 490 786 517 Universitas
802 490 894 515 Paris.
915 497 1030 514 cansam
1048 491 1146 512 contra
1159 486 1380 512 praedicatores
1397 486 1425 511 in
1441 485 1625 511 Par-lamento
1639 489 1817 521 praesentat.

1605 581 1682 611 1388,
1698 581 1845 607 Decembris
1862 582 1885 611 7,
1901 581 2014 607 Parisiis.

528 678 648 712 Lundi
679 678 744 723 vije
766 679 858 722 j0ur
882 676 923 709 de
947 675 1146 708 Decembre.
1173 694 1216 698 -
1243 674 1293 706 Ce
1323 674 1409 717 jour
1443 679 1526 705 sont
1551 685 1743 717 comparus
1776 685 1820 705 en
1853 673 1885 705 la
1919 679 2023 706 court
2052 672 2096 705 de
2127 683 2234 704 ceans
2265 671 2298 704 le

440 752 582 778 recteur
603 751 638 777 et
657 744 709 776 les
731 744 882 788 deputez
904 742 947 774 de
969 740 1200 774 l'Universite
1218 739 1261 772 de
1283 739 1397 780 Paris,
1423 746 1486 772 ont
1509 739 1571 772 fait
1591 739 1668 772 dire
1694 746 1729 771 et
1756 751 1934 784 proposer
1955 751 2018 784 par
2038 739 2070 771 la
2091 738 2233 771 bouche
2254 738 2298 770 de

441 823 548 844 mess.
572 813 682 855 F'erry
701 808 867 843 Cassinel
888 819 1045 851 evesque
1067 806 1303 843 d'Auceurre,
1322 817 1390 850 que
1412 805 1646 838 l'Universite
1667 817 1684 837 a
1707 805 1841 838 certain
1862 817 1969 838 cause
1990 804 2166 838 touchans
2187 804 2219 837 la
2239 804 2299 849 foy

440 885 564 911 contre
585 877 638 909 les
658 876 839 911 Jacobins,
869 881 903 906 et
929 880 991 906 ont
1011 876 1086 905 estc
1115 872 1168 904 les
1189 883 1249 904 cas
1270 883 1448 916 proposez
1469 871 1600 904 devant
1627 871 1659 903 le
1688 883 1751 916 roy
1776 878 1901 904 contre
1932 871 1986 904 les
2006 870 2189 912 Jacobins,
2212 882 2297 903 aux-

440 944 542 990 quels
562 944 613 976 fut
634 943 779 987 assigne
795 942 880 986 jour
901 952 993 985 pour
1014 938 1231 983 respondre,
1255 944 1289 971 et
1310 949 1445 982 pource
1465 949 1534 982 que
1556 937 1589 970 le
1618 949 1681 982 roy
1706 937 1899 982 empesche
1921 937 2078 970 d'autres
2098 937 2297 982 besoignes

439 1023 483 1044 ne
504 1011 558 1043 les
578 1022 595 1042 a
618 1021 685 1054 peu
707 1020 807 1053 ouyr,
826 1007 851 1039 il
872 1019 889 1039 a
910 1006 1059 1039 commis
1081 1005 1112 1037 la
1134 1005 1311 1049 besoigne
1333 1007 1350 1037 ἐι
1371 1015 1487 1037 mons.
1506 1003 1539 1036 16
1563 1003 1801 1044 chancelier¹,
1825 1007 1842 1036 Ξι
1863 1004 2047 1049 l'evesque
2070 1004 2113 1037 de
2136 1004 2296 1048 Bayeus²

439 1084 474 1110 et
493 1080 511 1110 a
531 1088 638 1109 mess.
663 1076 800 1108 Arnaut
820 1074 863 1106 (16
885 1072 1037 1106 Corbie³
1061 1071 1216 1116 premier
1238 1071 1425 1115 president
1451 1082 1495 1102 en
1516 1070 1731 1111 Parlement,
1755 1070 1886 1103 devant
1912 1070 2074 1115 lesquels
2102 1070 2127 1102 il
2153 1081 2297 1115 compa-

439 1150 563 1176 rurent
588 1141 779 1186 aujourdui
804 1143 822 1173 a
843 1139 902 1184 viij
920 1140 1026 1184 jours
1052 1141 1069 1171 a
1093 1138 1213 1171 Sainte
1240 1137 1450 1178 Katherine,
1474 1143 1506 1169 et
1535 1136 1610 1169 lors
1631 1136 1656 1168 il
1678 1136 1757 1169 leur
1782 1137 2014 1182 assignerent
2034 1138 2120 1181 jour
2145 1148 2253 1169 ceans
2278 1138 2296 1169 a

437 1209 641 1254 aujourdui,
660 1215 694 1240 et
714 1219 848 1252 pource
869 1206 894 1238 il
915 1212 996 1238 sont
1017 1216 1132 1238 venus
1154 1216 1197 1236 en
1219 1203 1251 1236 la
1268 1210 1371 1236 court
1392 1210 1425 1236 et
1443 1215 1481 1235 se
1504 1209 1586 1235 sont
1607 1209 1797 1247 presentez
1814 1210 1846 1235 et
1868 1210 2080 1248 presentent
2096 1209 2220 1235 contre
2241 1202 2295 1235 les

435 1276 604 1309 Jacobins
625 1282 659 1307 et
680 1281 742 1307 ont
763 1273 885 1318 requis
906 1272 966 1317 qui
988 1272 1059 1304 soit
1079 1271 1294 1316 enregistrc¹

510 1386 586 1409 Arch.
604 1389 656 1408 nat.
672 1384 753 1408 Paris.
766 1385 812 1407 ΧΗ·
829 1384 897 1410 1474,
912 1383 956 1406 fol.
969 1382 1041 1405 21111).
1055 1383 1082 1405 ln
1095 1382 1214 1413 margine
1227 1382 1324 1412 legitur
1338 1389 1343 1404 ·.
1361 1391 1374 1403 (ι
1385 1381 1464 1404 Curia
1477 1381 1508 1404 de
1520 1380 1716 1412 presentatione
1727 1380 1913 1404 Universitatis
1927 1380 2012 1403 Paris.
2024 1383 2115 1403 contra
2126 1379 2261 1403 Jacobitns
2272 1387 2293 1403 1).

527 1483 549 1505 Ί.
565 1483 641 1505 Petro
654 1482 685 1504 de
700 1481 788 1505 Giueo.
804 1494 834 1498 —
851 1481 872 1503 2.
887 1480 993 1503 Nicolao
1009 1479 1040 1501 de
1056 1478 1147 1507 Bosco,
1161 1478 1192 1501 de
1208 1487 1258 1509 quo
1274 1486 1364 1509 supra.
1385 1492 1409 1495 —
1426 1479 1448 1501 3.
1465 1478 1514 1506 Qui
1525 1478 1615 1501 eodem
1629 1486 1717 1500 mense
1736 1479 1819 1500 fuctus
1836 1480 1875 1500 cst
1890 1477 2062 1500 cancellarius
2078 1477 2213 1500 Franciae.

438 1684 578 1720 1567.
604 1692 749 1717 Sententia
771 1691 1071 1717 ervommunicationis
1092 1689 1154 1715 lata
1174 1693 1272 1715 contra
1292 1688 1447 1715 Johamzem
1463 1688 1498 1714 de
1514 1689 1680 1714 Montesono
1696 1698 1713 1713 α
1733 1688 1823 1714 trihus
1840 1688 2049 1723 cardinalibus,
2067 1688 2170 1724 quibus
2190 1688 2290 1714 doctri-

520 1750 574 1766 nae
590 1743 650 1775 ejus
664 1740 870 1776 dijudicandae
887 1748 954 1765 cura
971 1740 1121 1764 commissa
1137 1738 1194 1772 fuit
1209 1747 1227 1763 a
1245 1732 1384 1764 Clemente
1403 1739 1461 1763 VII.

1596 1796 1670 1825 1389,
1687 1796 1804 1822 danum-ii
1815 1796 1859 1825 27,
1875 1795 2004 1821 Arenione.

520 1892 752 1925 Miseratione
777 1891 895 1924 divina
924 1890 1062 1923 Guido¹
1091 1890 1286 1934 episcopus
1306 1889 1524 1930 Penestrin.‚
1551 1889 1783 1922 Leonardus²
1806 1889 1858 1921 tit.
1882 1889 1916 1921 S.
1943 1889 2031 1921 Sixti
2051 1895 2085 1921 et
2104 1888 2288 1921 Amelius³

432 1959 483 1991 tit.
508 1959 541 1991 S.
566 1957 713 1991 Eusebii
735 1964 856 1990 sancte
878 1958 979 1989 Rom.
1002 1956 1089 1989 eccl.
1113 1955 1235 2000 presb.
1259 1955 1473 1996 cardinales,
1501 1955 1645 2000 judices
1676 1962 1711 1988 et
1742 1955 1982 1988 commissarii
2012 1966 2076 1999 per
2104 1954 2289 1987 sanctissi-

431 2038 525 2058 mum
547 2026 584 2057 in
604 2024 749 2058 Christo
770 2030 906 2069 patrem
933 2030 967 2056 et
994 2023 1179 2055 dominum
1208 2029 1372 2055 nostrum
1394 2022 1618 2056 Clementem
1640 2022 1761 2055 divina
1782 2021 2009 2066 providentia
2029 2033 2154 2066 papam
2176 2021 2287 2066 septi—

430 2104 525 2124 mum
547 2103 652 2124 cause
674 2103 738 2123 seu
766 2090 885 2123 causis
913 2102 951 2122 ac
979 2089 1141 2134 partibus
1167 2089 1407 2134 infrascriptis
1434 2088 1641 2133 specialiter
1661 2088 1835 2133 deputati,
1863 2088 2045 2121 universis
2070 2094 2106 2120 61
2130 2087 2287 2132 singulis

429 2158 630 2199 abbatibus,
658 2157 854 2202 prioribus,
884 2156 1094 2201 prepositis,
1116 2156 1275 2197 decanis,
1303 2155 1580 2196 archidiaconis,
1602 2154 1824 2195 cantoribus,
1854 2154 2069 2195 scolasticis,
2097 2160 2287 2199 precento-

431 2224 542 2265 ribus,
561 2231 595 2257 61.
615 2223 861 2264 thesaurariis,
884 2223 1068 2255 canonicis
1089 2222 1347 2255 cathedralium
1371 2229 1406 2254 et
1425 2221 1695 2267 collegiatarum
1719 2221 1968 2262 ecclesiarum,
1990 2220 2174 2265 gardianis
2195 2220 2283 2253 Ord.

427 2292 506 2323 frat.
529 2291 723 2331 Minorum,
745 2289 929 2334 prioribus
951 2289 1126 2322 Ordinum
1149 2290 1297 2321 fratrum
1325 2288 1608 2330 Predicatorum,
1638 2288 1898 2321 Heremitarum
1925 2288 1959 2320 S.
1983 2288 2094 2332 Aug.,
2121 2293 2155 2319 et
2181 2286 2284 2319 beate

429 2357 539 2389 Μαι-16
561 2357 604 2389 (16
626 2358 746 2389 Monte
764 2355 931 2396 Carmeli,
950 2356 1154 2400 ceterisque
1177 2355 1360 2400 religiosis
1381 2356 1632 2400 cujuscunque
1653 2354 1843 2399 religionis
1865 2360 1900 2386 et
1918 2353 2081 2394 Ordinis,
2098 2353 2284 2398 presiden-

428 2423 537 2464 tibus,
565 2423 739 2467 exemptis
766 2429 802 2455 et
828 2434 900 2454 non
929 2422 1116 2466 exemptis,
1151 2434 1293 2454 necnon
1322 2422 1557 2454 ecclesiarum
1585 2420 1862 2466 parrochialium
1895 2419 2112 2461 rectoribus,
2137 2419 2282 2452 vicariis

429 2485 624 2529 perpetuis,
643 2484 837 2528 capellanis
859 2484 991 2516 curatis
1008 2490 1044 2516 et
1063 2496 1135 2516 non
1152 2484 1297 2524 curatis,
1316 2484 1467 2516 notariis
1488 2483 1644 2529 publicis
1662 2489 1696 2515 et
1712 2481 1971 2515 tabellionibus
1988 2493 2052 2526 per
2068 2481 2230 2514 civitates
2247 2488 2282 2514 et

427 2551 592 2584 dioceses
610 2563 648 2583 ac
670 2550 872 2595 provincias
893 2551 1263 2595 (36811111118118161130]ι
1282 2557 1316 2583 61
1336 2550 1671 2595 Terragonensem5
1695 2549 1732 2581 in
1752 2549 1934 2593 Aragonia
1956 2555 1991 2581 et
2011 2547 2220 2582 Cathalonia
2241 2560 2280 2581 ac

424 2629 490 2662 per
510 2618 671 2650 civitates
692 2624 726 2649 et
747 2617 912 2649 dioceses
932 2617 1252 2657 Avinionensemss,
1271 2616 1612 2662 Rothomagensem,
1631 2622 1665 2648 et
1685 2615 1948 2648 Ρ11Γ181611861117
1971 2621 2005 2647 61
2025 2614 2106 2647 aliis
2126 2614 2280 2647 ubilibet

423 2684 643 2721 constitutis,
667 2683 711 2715 ad
731 2694 835 2727 quem
858 2694 921 2715 seu
944 2695 1034 2727 quos
1058 2690 1246 2728 presentes
1274 2690 1398 2716 nostre
1419 2683 1538 2715 littere
1560 2682 1793 2727 pervenerint
1813 2693 1877 2714 8611
1902 2681 2035 2714 suerint
2057 2687 2276 2726 presentate‚

424 2750 575 2782 salutem
603 2750 639 2781 111
665 2749 831 2790 Domino,
859 2755 894 2781 61
918 2750 1053 2782 nostris
1073 2762 1154 2794 ymo
1175 2750 1298 2783 verius
1328 2749 1539 2794 apostolicis
1566 2748 1717 2781 firmiter
1745 2747 1895 2780 obedire
1922 2747 2111 2780 mandatis.
2134 2747 2277 2780 Dudum

423 2823 498 2848 orta
528 2816 730 2860 questionis
759 2815 904 2847 materia
931 2815 1023 2847 inter
1044 2816 1240 2849 discretum
1262 2816 1376 2849 virum
1407 2840 1428 2849 ..
1456 2821 1725 2860 procuratorem
1755 2814 1934 2847 facultatis
1962 2826 2063 2847 sacre
2093 2813 2277 2859 theologie

422 2882 679 2916 Universitatis
701 2881 916 2913 Parisicusis
938 2888 970 2913 et
992 2882 1104 2926 ipsam
1127 2882 1405 2915 Universitatem
1428 2894 1470 2914 ex
1491 2888 1590 2926 parte
1612 2893 1693 2922 una,
1719 2887 1753 2913 et
1778 2881 1988 2926 magistrum
2011 2880 2208 2913 Johannem
2231 2879 2276 2912 (16

541 2941 580 2962 64.
