2488 3386
467 328 510 360 80
1045 338 1362 360 εΗΑΒτυιΑῐιιυΜ
1397 338 1586 359 univssas.
1623 336 1751 358 ranis.
2229 324 2328 360 [1362

472 435 611 471 1263.
635 453 649 469 «
667 444 787 469 Rolulus
802 444 955 478 facultatis
971 445 1146 470 decretorum
1163 445 1339 470 parisiensis
1355 454 1369 470 »
1386 444 1426 470 ad
1446 444 1588 470 Urbanum
1610 444 1755 470 Vmissus.

1757 508 1830 537 1362,
1844 507 1989 533 Νονθιηὸνίε
2001 508 2044 534 23.

556 591 739 624 sanctitati
760 598 879 624 vestre
901 591 1105 636 supplicant
1124 592 1235 625 vestri
1256 591 1412 623 humiles
1433 598 1466 623 et
1488 591 1608 624 devoti
1630 590 1694 623 filii
1716 590 1877 623 universi
1899 591 2062 634 magistri
2082 592 2193 625 vestri
2217 592 2327 625 studii

468 658 695 698 Parisiensis‚
713 658 881 702 quatinus
902 657 1113 690 doctoribus
1132 658 1309 690 facultatis
1327 657 1554 690 decretorum
1576 657 1793 689 parisiensis
1814 656 2054 702 infrascriptis
2075 657 2119 690 de
2139 657 2329 692 beneficiis

466 730 501 756 et
526 724 652 768 gratiis
680 724 832 756 inferius
852 724 1043 764 annotatis,
1066 730 1172 768 prout
1201 724 1237 756 in
1268 735 1390 756 eorum
1414 722 1742 768 supplicationibus
1768 722 1926 767 singulis
1953 724 2172 766 continetur,
2200 724 2329 770 digne-

466 789 553 821 mini
573 789 858 822 misericorditer
879 790 1071 834 providere
1092 802 1170 822 cum
1193 789 1501 834 acceptationibus

552 887 686 920 Magistro
701 887 824 913 Heberto
838 887 873 913 de
893 887 1021 913 Sarcellis
1040 887 1151 913 doctori
1165 887 1360 916 decretorum,
1382 887 1528 913 licentiato
1542 887 1573 912 in
1593 887 1705 920 legibus
1724 895 1756 913 ac
1771 888 1910 921 magistro
1924 888 1955 914 in
1974 890 2040 918 art.,
2058 889 2168 915 decano
2186 889 2330 916 facultatis

462 936 645 962 decretorum
660 936 795 969 predicte.
813 936 849 961 de
861 943 924 961 can.
941 937 969 961 et
982 936 1062 968 preb.
1080 936 1231 968 dignitate,
1248 937 1404 969 personatu
1420 936 1463 962 vel
1478 936 1574 962 officio
1587 944 1655 962 cum
1669 944 1739 962 cura
1753 937 1797 962 vel
1812 937 1872 963 sine
1887 945 1956 963 cura
1971 937 2086 964 ecclesie
2097 937 2215 964 Carnot.

552 984 684 1017 Magistro
707 984 853 1017 Stephano
874 984 909 1009 de
929 984 1061 1013 Parisius,
1078 984 1187 1010 decano
1207 984 1366 1012 parisiensi.
1391 984 1502 1010 doctori
1522 984 1718 1014 decretorum,
1739 985 1895 1012 concedere
1913 985 2052 1018 dignetur
2071 987 2205 1013 sanctitas
2225 989 2327 1017 vestra.

463 1033 624 1058 beatissime
639 1034 729 1066 pater,
746 1034 868 1058 vestram
883 1034 909 1058 et
926 1033 1080 1066 apostolice
1095 1033 1167 1059 sedis
1186 1033 1420 1059 benedictionem
1438 1034 1466 1058 et
1485 1033 1619 1066 gratiam.
1638 1049 1671 1052 —
1687 1034 1840 1060 Benedicat
1859 1034 1911 1060 tibi
1929 1035 2007 1061 Deus
2024 1037 2054 1061 et
2072 1035 2185 1062 noveris
2204 1036 2329 1069 gratiam

462 1080 535 1107 sedis
547 1081 701 1113 apostolice
716 1080 850 1107 l1abere·.
2008 1076 2012 1081 “

551 1129 683 1161 Magistro
696 1129 821 1154 Johanni
839 1129 875 1155 de
895 1130 1036 1163 Fresneyo
1053 1131 1119 1156 actu
1134 1130 1246 1163 regenti
1264 1130 1386 1155 Parisius
1401 1130 1431 1156 in
1446 1130 1567 1156 decretis
1581 1138 1612 1156 ac
1628 1130 1775 1157 licentiato
1791 1131 1821 1158 in
1842 1132 1963 1165 legibus,
1979 1132 2015 1158 de
2029 1132 2202 1159 canonicatu
2220 1134 2249 1160 et
2267 1140 2328 1167 pre-

462 1177 564 1205 benda.
579 1177 729 1210 dignitate.
746 1179 912 1210 personatu,
929 1178 1025 1204 officio
1040 1178 1084 1204 vel
1101 1178 1241 1204 beneficio
1256 1186 1325 1204 cum
1341 1186 1409 1204 cura
1424 1179 1467 1205 vel
1483 1179 1544 1205 sine
1561 1187 1630 1205 cura
1646 1181 1766 1206 vacante
1780 1181 1824 1206 vel
1841 1182 1977 1207 vacaturo
1992 1181 2023 1206 in
2042 1181 2157 1208 ecclesia
2171 1182 2327 1215 Bajocensi.

550 1226 683 1258 Magistro
702 1226 829 1251 Johanni
851 1226 925 1252 Galli
934 1226 954 1256 ²,
978 1227 1133 1260 utriusque
1152 1227 1226 1260 juris
1246 1227 1407 1260 professori,
1424 1229 1491 1254 actu
1514 1228 1626 1261 regenti
1644 1228 1768 1255 Parisius
1786 1229 1816 1254 in
1831 1229 1960 1259 decretis,
1977 1238 2040 1256 can.
2061 1230 2241 1264 prebendato
2258 1231 2327 1258 eccl.

462 1274 616 1306 Baj0cens.,
633 1274 668 1299 dc
683 1274 834 1307 dignitate.
852 1277 1007 1308 personatu
1021 1275 1064 1301 vel
1077 1276 1172 1301 officio
1184 1275 1315 1309 ejusdem
1330 1276 1454 1302 ecclesie.

548 1322 681 1354 Magistro
697 1322 844 1356 Stephano
859 1323 1005 1349 Lebistant
1021 1324 1132 1350 doctori
1147 1324 1342 1353 decretorum,
1358 1324 1388 1350 in
1402 1324 1471 1358 jure
1485 1325 1560 1351 civili
1576 1325 1735 1356 licentiato,
1749 1326 1785 1353 de
1800 1326 1942 1360 dignitate
1956 1327 2133 1354 thesaurarie
2149 1328 2207 1355 sive
2220 1335 2284 1355 can.
2299 1329 2329 1355 et

459 1370 539 1403 preb.
554 1370 584 1396 in
599 1371 713 1396 ccclesia
726 1371 838 1397 Ebroic.

547 1419 681 1452 Magistro
696 1420 807 1445 Nicolao
820 1420 855 1446 de
871 1421 976 1453 Perayo
992 1421 1102 1447 doctori
1117 1421 1148 1447 in
1163 1422 1293 1451 decretis.
1311 1415 1459 1448 licentiato
1472 1423 1502 1448 in
1518 1423 1640 1456 legibus.
1658 1424 1694 1449 de
1709 1431 1773 1449 can.
1788 1426 1817 1450 et
1832 1425 1912 1458 preb.
1929 1425 1960 1450 in
1974 1425 2041 1451 eccl.
2058 1425 2233 1459 Rothomag.

547 1467 680 1500 Magistro
695 1468 819 1494 Roberto
833 1469 916 1494 Fabri
928 1469 963 1495 de
978 1469 1107 1495 Granciis
1119 1470 1304 1496 decretorum
1319 1471 1440 1501 doctori,
1458 1472 1605 1497 licentiato
1620 1472 1651 1497 in
1666 1472 1779 1505 legibus
1791 1474 1819 1499 et
1836 1475 1902 1503 art.‚
1919 1475 1986 1500 actu
2000 1473 2111 1506 regenti
2127 1473 2259 1505 Pal-isius,
2275 1474 2327 1508 qui

457 1515 573 1541 dudum
596 1516 683 1542 etiam
698 1524 713 1541 a
730 1518 860 1550 tempore
875 1526 930 1543 xxx
949 1525 1097 1543 annorum
1113 1520 1141 1544 et
1163 1519 1290 1552 amplius
1309 1520 1405 1553 primo
1420 1521 1591 1546 auctoritate
1612 1521 1646 1547 se.
1662 1529 1702 1547 re.
1725 1521 1840 1547 domini
1859 1522 2001 1548 Johannis
2019 1530 2093 1556 pape
2113 1522 2188 1548 XXII
2206 1522 2328 1549 canoni-

457 1565 555 1589 catum
572 1565 685 1590 ecclesie
699 1565 893 1591 Noviomensis
907 1566 1009 1592 habuit
1024 1567 1078 1592 sub
1093 1568 1290 1600 expectatione
1305 1569 1384 1601 preb.
1401 1568 1445 1603 [de
1459 1577 1522 1595 can.
1537 1569 1668 1602 ejusdem
1683 1570 1798 1596 ecclesie
1813 1570 2016 1606 Noviomens.].

547 1613 679 1645 Magistro
695 1613 819 1639 Hamoni
834 1615 921 1644 Ruffi,
937 1615 1074 1641 Leonens.
1089 1616 1174 1645 dioc..
1189 1616 1299 1642 doctori
1312 1617 1495 1643 decretorum
1509 1619 1575 1643 actu
1589 1618 1700 1651 regenti
1715 1618 1837 1645 Parisius
1851 1627 1883 1645 ac
1896 1619 2042 1646 licentiato
2055 1619 2086 1645 in
2100 1619 2222 1653 legibus.
2237 1619 2327 1647 eccle-

456 1661 529 1686 siam
544 1661 753 1694 parrochialem
769 1662 804 1688 de
818 1662 940 1688 Limolio
956 1664 1117 1689 Parisiensis
1132 1665 1249 1691 diocesis
1264 1665 1420 1695 obtinenti,
1438 1666 1473 1692 dc
1486 1674 1549 1692 can.
1567 1668 1595 1692 et
1607 1667 1688 1700 preb.
1705 1667 1772 1693 eccl.
1790 1668 1936 1702 Andegav.

546 1709 680 1742 Magistro
695 1711 806 1743 Rogero
823 1711 956 1739 Mustelli.
974 1712 1148 1745 Rothomag.
1165 1713 1251 1741 dioc.'.
1267 1714 1377 1739 doctori
1390 1714 1586 1743 decretorum.
1603 1715 1753 1742 licenciato
1770 1716 1800 1742 in
1816 1716 1938 1750 legibus,
1952 1717 1988 1743 de
2003 1724 2066 1743 can.
2081 1718 2110 1743 et
2122 1716 2203 1751 preb.
2219 1724 2326 1743 vacan-

459 1758 536 1783 tibus
552 1758 581 1783 in
598 1758 664 1783 eccl.
683 1759 856 1792 Rothomag.
1859 1799 1862 1802 Ι

546 1806 679 1838 Magistro
699 1807 839 1833 Durando
859 1808 894 1834 de
914 1809 1063 1839 Fontibus,
1087 1810 1241 1844 utriusque
1258 1811 1333 1844 juris
1353 1812 1514 1845 professori,
1533 1812 1569 1838 de
1588 1820 1651 1838 can.
1675 1814 1704 1839 ct
1723 1813 1803 1846 preb.
1822 1813 1853 1839 in
1876 1813 1991 1840 ecclesia
2011 1813 2171 1844 Parisiens..
2194 1814 2324 1844 Carnot..

460 1854 616 1887 Bajocens,
632 1855 818 1888 Rothomag.,
836 1857 1032 1887 Laudunens.‚
1050 1858 1092 1883 vel
1105 1859 1279 1885 Camerac.⁵⁵.

544 1903 679 1935 Magistro
694 1904 829 1937 Philippo
843 1905 1004 1931 Wallevant
1019 1907 1128 1932 doctori
1141 1907 1353 1934 decretor11m⁴.

545 1951 693 1984 Supplicat
713 1953 857 1978 sanctitati
882 1955 973 1980 vestre
996 1955 1117 1981 devotus
1141 1956 1218 1981 filius
1240 1959 1331 1983 vester
1352 1958 1461 1983 Alanus
1482 1958 1561 1988 Nuzi,
1585 1958 1714 1984 bedellus
1733 1959 1874 1991 generalis
1894 1959 2091 1985 Universitatis
2113 1959 2275 1986 Parisiensis
2293 1959 2325 1986 in
2348 1998 2353 2001 Ι

456 1999 592 2025 facultate
604 2000 799 2029 decretorum.
817 2002 956 2034 quatinus
971 2003 1023 2028 sibi
1038 2004 1161 2036 gratiam
1175 2005 1309 2032 facientes
1323 2006 1358 2032 de
1374 2007 1571 2032 matricularia
1586 2007 1653 2033 eccl.
1671 2007 1820 2034 Parisiens.
1838 2008 1919 2034 laicis
1932 2008 2056 2034 conferri
2071 2010 2218 2035 consueta.

545 2047 693 2081 Supplicat
703 2050 846 2075 sanctitati
857 2052 948 2077 vestre
959 2051 1139 2077 Guillermus
1149 2053 1232 2078 Golto
1246 2054 1364 2080 clericus
1379 2055 1518 2081 Leonens.
1532 2056 1627 2088 dyoc.‚
1639 2056 1824 2082 subbedellus
1833 2056 1974 2089 generalis
1986 2057 2130 2083 facultatis
2139 2057 2326 2084 decretorum>

457 2095 603 2121 Parisiens.
2116 2104 2170 2140 [13]

548 2183 632 2216 Sine
653 2183 820 2218 lectione.
838 2206 882 2209 —
897 2187 984 2219 Fiat.
1007 2188 1047 2220 B.
1065 2208 1107 2212 —
1123 2189 1201 2221 Dat.
1225 2190 1404 2223 Avinione
1425 2191 1500 2236 viiij
1524 2191 1593 2224 kal.
1616 2192 1864 2233 Decembris⁵,
1886 2205 1980 2225 anno
2001 2193 2130 2238 primo.

551 2280 612 2310 Reg.
626 2281 682 2303 vat.
699 2282 792 2312 Suppl.
809 2283 909 2306 Urbani
925 2284 952 2311 V,
970 2292 1011 2308 an.
1027 2285 1047 2313 1,
1065 2294 1090 2316 p.
1108 2286 1130 2314 1,
1145 2286 1190 2310 fol.
1207 2288 1243 2310 76.
1260 2301 1287 2305 —·
1304 2288 1449 2319 Unicuique
1464 2289 1571 2312 additur
1587 2298 1597 2313 α
1615 2290 1680 2313 Fiat.
1697 2290 1727 2314 B.
1745 2298 1766 2313 »-

550 2364 573 2387 1.
592 2364 620 2387 ln
636 2365 754 2395 margine
771 2374 775 2388 :
798 2374 808 2389 et
826 2367 885 2390 talis
902 2372 941 2391 est
963 2368 1071 2392 intentio
1092 2378 1169 2401 pape.
1190 2371 1344 2403 Jo[hnnn‹=.s]
1367 2380 1387 2395 ».
1410 2373 1568 2404 Stephanus.
1583 2374 1616 2397 ub
1632 2374 1690 2398 eod.
1707 2382 1760 2404 un.,
1779 2374 1841 2398 Maii
1858 2376 1881 2404 3,
1898 2383 1946 2406 per
1961 2374 2087 2406 resignat.
2106 2374 2175 2398 Petri
2189 2375 2221 2398 de
2237 2375 2324 2399 Monte

459 2407 573 2440 Revello,
594 2408 649 2431 dec.
670 2409 754 2433 Paris.
772 2411 845 2441 (Reg.
868 2413 1094 2437 Aven.1nnocent.
1115 2415 1156 2443 Vl,
1179 2415 1231 2439 vol.
1253 2416 1364 2444 XXVIII,
1387 2418 1404 2442 f.
1424 2418 1487 2447 154),
1510 2426 1552 2442 an.
1575 2419 1702 2450 sequenti,
1719 2419 1839 2442 Decemb.
1855 2419 1893 2447 11,
1909 2419 1938 2442 fit
1952 2419 2033 2450 episc.
2052 2418 2135 2443 Paris.
2153 2419 2226 2450 (Reg.
2242 2419 2322 2443 Aven-

459 2451 523 2474 Urb.
539 2451 568 2479 V,
585 2453 636 2475 vol.
651 2453 717 2481 VIII,
736 2454 780 2477 sol.
805 2455 885 2484 1381‘),
901 2457 1086 2487 predecessore
1103 2458 1158 2489 ejus
1174 2459 1291 2482 Johanne
1307 2460 1438 2488 defuncto,
1455 2465 1480 2485 et
1495 2470 1537 2486 an.
1554 2463 1623 2490 1304,
1642 2463 1730 2486 Martii
1746 2464 1767 2491 3,
1785 2466 1952 2486 consecratus
1966 2466 2006 2486 est
2021 2463 2079 2493 (LL.
2096 2463 2166 2491 106⁵,
2182 2471 2209 2495 p.
2225 2464 2279 2492 476,
2296 2463 2322 2487 in

458 2495 534 2518 Arch.
551 2497 624 2525 nat.).
641 2498 688 2520 An.
705 2497 773 2526 1368,
790 2499 921 2529 Septemb.
938 2501 975 2529 22,
994 2501 1142 2532 Stephanus
1158 2507 1262 2526 creatur
1277 2505 1348 2527 card.
1366 2505 1405 2528 tit.
1421 2506 1447 2529 S.
1460 2506 1577 2538 Eusebii‚
1594 2507 1638 2538 qui
1654 2515 1696 2531 an.
1710 2508 1779 2535 1369,
1792 2507 1929 2530 Februarii
1944 2508 1981 2536 13,
1998 2507 2084 2538 primo
2099 2507 2208 2532 intravit
2222 2507 2323 2531 curiam

457 2538 619 2570 (Contelori).
635 2541 740 2564 Minime
754 2542 821 2565 idem
838 2547 877 2566 est
892 2552 922 2566 ac
937 2545 1084 2576 Stephanus
1099 2547 1130 2569 de
1143 2547 1259 2570 parisius
1271 2556 1312 2571 an.
1330 2549 1390 2572 1314
1402 2549 1427 2572 in
1444 2550 1583 2579 Chartul.,
1600 2551 1631 2579 II,
1648 2555 1677 2574 n0
1692 2552 1745 2580 712,
1761 2551 1857 2583 quibus
1871 2551 2061 2575 confundendis
2076 2551 2200 2581 Bulaeus,
2212 2551 2254 2580 lv,
2267 2551 2324 2581 991,

458 2591 550 2606 ansam
566 2584 683 2614 praehet.
695 2598 725 2603 —-
736 2586 758 2608 2.
777 2587 835 2617 Ipse
858 2591 913 2610 erat
933 2589 1039 2612 nuntius
1055 2590 1176 2614 Univers.
1200 2600 1249 2622 pro
1267 2593 1355 2616 facult.
1371 2593 1467 2617 decret.
1482 2595 1586 2626 (Suppl.
1598 2595 1662 2618 Urb.
1683 2596 1712 2624 V,
1727 2604 1769 2619 nn.
1787 2596 1808 2624 1,
1825 2604 1852 2627 p.
1876 2597 1898 2624 3,
1919 2596 1964 2619 sol.
1980 2597 2029 2625 83).
2042 2596 2090 2619 An.
2104 2595 2174 2624 1363,
2188 2595 2264 2622 Febr.
2283 2595 2320 2624 10,

461 2627 550 2658 suppl.
564 2631 593 2650 ut
611 2628 632 2651 ei
650 2628 725 2652 detur
738 2638 796 2653 can.
813 2634 837 2653 et
852 2632 944 2662 praeb.
965 2633 1106 2656 Senonens.
1125 2635 1229 2666 (Suppl.
1244 2636 1309 2659 Urb.
1323 2637 1351 2665 V,
1369 2645 1410 2660 an.
1427 2638 1449 2666 1,
1469 2647 1495 2669 p.
1510 2640 1532 2667 3,
1550 2640 1594 2663 sol.
1609 2639 1657 2668 77).
1674 2640 1736 2663 Late
1751 2640 1783 2663 de
1798 2648 1827 2663 eo
1843 2640 1869 2663 in
1884 2640 1960 2665 Arch.
1975 2643 2029 2663 nat.
2043 2639 2138 2668 Paris.¹
2151 2640 2206 2668 X¹¹,
2221 2639 2260 2668 21,
2277 2639 2321 2663 sol.

459 2671 513 2699 321,
530 2671 563 2694 ud
578 2680 621 2695 an.
637 2673 705 2696 1368.
719 2686 747 2690 —
760 2675 782 2697 3.
799 2675 846 2698 An.
863 2675 931 2703 1363,
954 2676 1029 2700 Febr.
1048 2678 1085 2706 10,
1103 2679 1192 2709 suppl.
1209 2680 1239 2702 de
1262 2688 1320 2703 enn-
1336 2684 1360 2703 et
1375 2682 1466 2712 proeb.
1487 2683 1549 2705 eccl.
1570 2683 1707 2714 anocens.
1723 2683 1828 2715 (Suppl.
1841 2684 1907 2707 Urb.
1920 2684 1949 2712 V,
1962 2684 1980 2707 l.
1996 2686 2039 2714 c.).
2052 2697 2080 2701 -
2094 2684 2117 2707 4.
2134 2684 2163 2707 In
2184 2683 2320 2715 margine:

460 2723 471 2737 (ι
489 2714 598 2738 Cassam
616 2716 667 2739 istu
682 2725 729 2748 per
752 2726 793 2741 me
816 2719 979 2751 Jo[hannem]
1001 2721 1063 2752 quia
1083 2722 1109 2744 in
1124 2722 1269 2755 mfiginali]
1285 2724 1333 2747 suit
1353 2729 1456 2749 cassata
1476 2735 1524 2757 per
1545 2727 1614 2750 dom.
1633 2728 1861 2759 Pampilonensem
1882 2728 2135 2757 vicecancellarium,
2152 2731 2178 2752 et
2191 2736 2240 2760 ego
2261 2727 2308 2751 feei

460 2758 491 2782 de
506 2760 629 2783 mandato
646 2769 692 2784 suo
707 2769 728 2784 υ.
744 2776 774 2779 -
790 2764 812 2785 5.
828 2763 915 2786 Primo
931 2772 942 2787 α
956 2772 1016 2788 non.
1033 2766 1153 2789 Decemb.
1171 2775 1192 2795 »,
1206 2771 1297 2798 postea
1311 2769 1426 2792 deletum
1443 2773 1468 2793 et
1483 2770 1508 2793 in
1522 2771 1640 2802 margine
1654 2772 1722 2795 sicut
1736 2772 1762 2795 in
1778 2773 1864 2796 rotulo
1879 2773 2071 2804 theologorum.
