2488 3386
191 334 286 371 1394]
959 348 1005 370 m:
1041 347 1282 369 SGHISMATE.
1521 316 1525 319 -
1989 337 2053 370 633

190 427 246 454 est
267 427 302 454 et
328 421 365 453 in
395 427 525 454 tantam
553 421 751 466 perniciem
773 433 1007 466 erroremque
1035 433 1094 454 res
1118 420 1310 465 processit,
1336 427 1374 452 ut
1400 420 1563 465 plerique
1589 421 1721 465 passim
1749 428 1784 453 et
1809 420 1952 466 publice
1980 433 2053 453 non

188 494 382 521 vereantur
403 487 573 529 dicere¹⁸,
594 487 703 521 nichil
723 488 865 521 omnino
885 487 1078 521 curandum
1101 492 1185 532 quot
1197 498 1290 531 pape
1308 487 1394 527 sint,
1421 492 1455 520 et
1477 498 1543 520 non
1569 487 1670 520 modo
1690 487 1778 521 duos
1801 493 1863 520 aut
1883 493 1969 528 tres.
1994 486 2054 521 sed

187 553 301 588 decem
332 555 402 598 auti
423 553 618 595 duodecim,
640 565 732 599 ymo
760 553 828 587 et¹⁴
856 554 1014 599 singulis
1046 554 1169 598 regnis
1194 553 1356 598 singulos
1384 553 1512 598 prefici
1528 565 1644 597 posse,
1671 553 1770 586 nulla
1799 553 1870 587 sibi
1899 553 2051 587 invicem

189 620 378 665 ‘potestatis
399 620 744 665 autjurisdiccionis
765 621 977 653 auctoritate
998 620 1169 665 prelatos.
1189 620 1294 662 Quod
1311 619 1348 652 in
1364 626 1535 664 quantum
1554 620 1807 653 detrimentum
1826 627 2053 653 sacrosancte

190 677 349 719 Romane
371 686 526 719 ecclesie
552 693 587 719 et
611 686 729 720 tocius
756 687 1004 720 ecclesiastice
1030 686 1176 731 policie‚
1203 698 1284 731 ymo
1311 692 1346 719 et
1372 686 1564 731 religionis
1590 686 1778 727 catholice,
1801 694 1939 732 vergat,
1956 687 2054 732 judi-

191 753 314 786 cate¹⁵.
344 753 608 786 Beatitudinem
637 759 792 786 vestram
824 753 994 786 felicibus
1021 752 1256 786 successibus
1285 752 1480 785 fecundare
1510 752 1598 785 velit
1622 752 1803 794 Christus,
1836 760 1870 786 et
1899 765 1941 786 eo
1973 753 2054 798 plus

189 819 370 860 felicibus,
394 831 465 864 quo
486 819 530 852 ad
550 819 706 852 ecclesie
732 831 797 853 sue
818 820 990 853 unionem
1016 820 1143 864 majori
1166 819 1362 864 diligencia
1385 819 1636 864 vigilaveritis.
1663 820 1875 864 Scriptu1n¹⁶
1897 820 2056 853 Par-isius

190 885 227 918 in
248 892 372 919 nostra
398 886 684 931 congregatione
704 886 867 931 generali
889 887 983 932 apud
1010 887 1044 920 S.
1067 886 1286 919 Maturinum
1313 897 1424 931 super
1447 885 1516 918 hoc
1540 886 1747 931 specialiter
1767 885 1946 919 celebrata
1971 887 2057 931 xvija

190 952 248 985 die
268 953 285 985 J
291 952 367 985 ulii.

469 1006 599 1040 Devoti
622 1011 736 1039 vestre
759 1006 966 1040 sanctitatis
990 1012 1167 1047 oratores,
1196 1012 1315 1040 rector
1336 1011 1370 1040 et
1397 1006 1623 1040 Universitas
1642 1005 1757 1039 studii
1778 1006 2012 1040 ParisiensiS.

282 1103 360 1127 Arch.
377 1104 445 1133 Vat„
466 1112 532 1128 arm.
550 1105 588 1134 54,
604 1108 633 1127 n⁰
655 1104 692 1132 21,
718 1104 762 1127 fol.
778 1105 822 1133 4o;
844 1104 922 1128 Arch.
944 1107 998 1128 nat.
1015 1104 1099 1128 Paris.
1122 1105 1146 1127 J.
1165 1105 1218 1132 518,
1237 1104 1281 1127 sol.
1300 1105 1338 1134 13,
1360 1104 1410 1127 suh
1434 1104 1541 1127 rubrica
1563 1107 1592 1127 ut
1608 1112 1699 1135 supra.
1724 1103 1792 1127 Bibl.
1813 1107 1867 1127 nat.
1890 1104 1973 1127 Paris.
1994 1112 2057 1127 mss.

189 1147 236 1172 lat.
253 1148 339 1176 14643,
357 1148 401 1171 fol.
417 1148 459 1171 23¹³
481 1150 503 1177 (e
519 1156 570 1180 quo
586 1148 723 1178 Bulaeus);
740 1149 810 1177 1463,
827 1149 871 1172 sol.
893 1149 936 1176 98;
958 1148 1024 1172 Bibl.
1046 1149 1172 1172 Bernens.
1194 1157 1243 1171 ms.
1263 1149 1326 1177 437;
1348 1148 1411 1172 Cod.
1427 1149 1485 1171 Vat.
1502 1148 1590 1172 Ottob.
1613 1149 1659 1172 lat.
1680 1149 1749 1176 3081,
1767 1148 1810 1172 sol.
1829 1148 1899 1176 182b;
1921 1149 2057 1179 Rotomag.

191 1191 221 1216 Ο.
235 1193 273 1221 20,
290 1193 334 1217 fol.
351 1192 416 1215 18112.
431 1206 462 1211 —
475 1193 545 1216 Inter
559 1192 686 1224 epistolas
700 1193 800 1216 Nicolai
812 1193 843 1216 de
859 1193 1009 1224 Clamengis
1020 1193 1047 1216 in
1063 1193 1178 1224 quinque
1193 1193 1273 1216 mssfifl
1288 1201 1370 1224 supra
1383 1202 1410 1224 p.
1422 1194 1476 1222 624,
1489 1196 1552 1220 not„
1567 1193 1665 1222 allatis,
1679 1196 1704 1216 et
1718 1193 1744 1215 in
1758 1193 1821 1216 Cod.
1833 1193 1889 1216 Vat.
1902 1193 1990 1216 Ottob.
2004 1194 2060 1223 260,

191 1237 236 1260 fol.
251 1238 290 1260 40.
303 1250 335 1254 —
351 1237 475 1265 Bulaeus,
492 1238 533 1265 lv,
547 1239 601 1266 699,
617 1246 676 1260 cum
691 1240 763 1261 textu
777 1241 911 1268 corrupto.
929 1237 1069 1269 D‘Achery,
1088 1237 1211 1267 Spicil.’,
1229 1238 1248 1266 Ι,
1264 1238 1316 1261 784.

285 1281 339 1304 Sub
352 1281 443 1304 eadem
456 1281 583 1313 temporis
602 1285 663 1304 nota
681 1282 847 1305 Universitas
863 1282 895 1305 ad
911 1282 1059 1305 cardinales
1075 1282 1215 1313 epistolum
1233 1282 1313 1310 misit,
1329 1281 1370 1304 cui
1386 1282 1487 1305 litteras
1504 1281 1537 1304 ad
1552 1290 1649 1313 papam
1665 1281 1777 1304 directas
1793 1290 1874 1313 supra
1889 1282 1972 1304 editas
1990 1281 2060 1305 inse-

191 1325 254 1354 ruit,
269 1325 295 1348 in
311 1325 362 1348 fine
377 1334 422 1349 eos
436 1326 588 1355 exhortans,
606 1329 636 1349 ut
654 1326 861 1350 Universitntem
876 1326 901 1349 in
915 1327 964 1349 hoc
980 1330 1070 1349 sancto
1086 1326 1177 1349 labore
1193 1330 1315 1357 suscepto
1329 1326 1463 1357 adjuvent.
1480 1326 1535 1349 Non
1548 1326 1703 1357 permittant
1717 1334 1771 1349 rem
1787 1327 1819 1349 ad
1832 1326 1858 1349 id
1872 1326 2017 1357 pervenire,
2034 1329 2062 1348 ut

192 1378 240 1401 per
256 1369 375 1393 homines
396 1371 545 1393 saeculares
560 1374 585 1394 et
600 1371 681 1394 laicos
697 1379 789 1402 pacem
805 1371 944 1394 reformari
959 1379 1065 1394 necesse
1081 1371 1124 1400 sit,
1142 1379 1153 1394 1(
1169 1371 1238 1402 quod
1254 1371 1347 1402 procul
1367 1371 1447 1393 dubio
1464 1371 1516 1399 fiet,
1532 1371 1583 1393 nisi
1598 1379 1646 1402 per
1662 1371 1837 1401 vosmetipsos
1852 1370 1978 1394 citissime
1997 1379 2062 1402 pro-

193 1413 280 1437 visum
296 1413 331 1437 sit
347 1422 367 1437 1).
383 1414 462 1438 Arch.
480 1415 548 1443 Vat„
565 1422 631 1438 arm.
649 1416 687 1443 54,
706 1419 734 1438 n⁰
749 1415 788 1444 21,
804 1415 847 1438 sol.
863 1416 909 1443 40;
926 1415 1003 1439 Arch.
1024 1418 1077 1438 nat.
1094 1415 1178 1439 Paris.
1193 1415 1217 1439 J.
1233 1416 1288 1442 518,
1308 1415 1353 1440 fol.
1369 1415 1423 1443 14b;
1440 1415 1508 1438 Bibl.
1530 1418 1583 1438 nat.
1602 1415 1686 1438 Paris.
1706 1423 1771 1438 ms3.
1790 1415 1834 1438 lat.
1854 1416 1923 1443 1463,
1944 1415 1988 1438 sol.
2005 1414 2060 1442 98¹>;

194 1459 279 1486 14643,
294 1459 339 1481 fol.
356 1459 398 1486 24;
414 1458 482 1482 Bibl.
505 1459 630 1482 Beruens.
651 1467 700 1482 ms.
721 1460 781 1489 437;
797 1460 861 1483 Cod.
877 1459 966 1483 Ottob.
982 1460 1054 1491 3081,
1071 1460 1116 1483 fol.
1131 1459 1201 1487 183b;
1218 1460 1356 1490 Rotomng.
1372 1459 1402 1482 Ο.
1419 1460 1457 1487 20,
1479 1459 1523 1482 sol.
1546 1460 1589 1482 182
1610 1459 1669 1488 (sub
1689 1459 1795 1482 rubrica
1811 1467 1815 1482 z
1834 1468 1845 1482 (1
1859 1459 1957 1482 Littera
1971 1459 2061 1482 clausa

194 1502 276 1526 missa
289 1503 402 1526 dominis
418 1503 599 1526 cardinalibus
614 1512 644 1527 ex
654 1507 730 1535 parte
741 1504 927 1527 Universitatis
940 1506 977 1534 »);
992 1505 1060 1533 Bul„
1073 1505 1114 1532 IV,
1130 1505 1187 1532 700;
1200 1504 1340 1535 D'Achery,
1352 1504 1370 1527 l.
1382 1512 1414 1532 c.,
1427 1512 1453 1535 p.
1464 1505 1518 1533 785,
1529 1512 1588 1526 cum
1603 1507 1673 1527 textu
1687 1512 1766 1535 saepe
1781 1504 1933 1535 depravato.
1946 1503 2041 1535 Incipit
2053 1512 2058 1527 :

195 1555 207 1570 «
224 1547 379 1575 Scribimus,
405 1547 619 1571 reverendissimi
642 1551 731 1579 patres
748 1556 769 1571 ».
788 1549 816 1571 In
837 1548 932 1573 Indice
945 1551 1164 1579 contemporaneo
1181 1549 1213 1571 ad
1229 1549 1280 1571 vol.
1298 1548 1375 1573 Arch.
1394 1549 1452 1572 Vat.
1468 1553 1496 1571 n⁰
1512 1549 1538 1571 21
1556 1551 1662 1571 notatur
1678 1556 1683 1571 ·.
1700 1558 1712 1569 «
1729 1548 1854 1571 inseritur
1873 1548 1959 1577 litera,
1982 1556 2060 1579 quarn

195 1591 301 1614 mittunt
318 1599 396 1623 pape,
413 1592 458 1615 ubi
474 1592 576 1623 eligunt
590 1592 618 1624 iij
632 1592 688 1616 vias
704 1601 752 1624 pro
769 1593 871 1621 unione,
888 1596 914 1616 et
929 1593 1048 1616 scribunt
1063 1596 1155 1616 contra
1170 1593 1319 1624 quemdam,
1336 1593 1380 1624 qui
1394 1601 1473 1624 super
1486 1592 1544 1616 istis
1559 1593 1712 1624 procuravit
1724 1592 1761 1615 eis
1777 1592 1875 1624 imponi
1889 1592 2021 1615 silentium
2038 1602 2060 1616 »-

195 1649 223 1654 --
238 1636 358 1667 Epistola
375 1644 458 1667 supra
475 1636 545 1660 edita
561 1640 654 1668 argute
671 1640 809 1668 astuteque
824 1637 924 1668 scripta
939 1641 987 1665 est,
1007 1637 1069 1660 licet
1083 1637 1204 1668 magistri
1222 1637 1291 1660 infra
1306 1642 1335 1660 n⁰
1350 1637 1410 1660 1693
1432 1637 1458 1660 id
1476 1640 1580 1668 negent.
1599 1637 1726 1665 Clemens,
1746 1637 1804 1660 istis
1819 1637 1914 1660 litteris
1929 1637 2061 1668 perlectis,

194 1680 350 1703 exclamavit
365 1688 371 1703 2
387 1689 399 1703 (1
413 1681 479 1704 Male
495 1684 557 1704 sunt
571 1684 596 1704 et
610 1689 739 1705 venenose
756 1690 767 1704 »
784 1682 847 1711 (vid.
863 1681 949 1711 ibid.).
966 1682 1116 1713 Anonymus
1132 1682 1211 1705 etiam
1226 1682 1395 1705 adversarius
1411 1681 1600 1712 magistrorum
1615 1690 1641 1712 p.
1658 1682 1703 1704 624
1718 1682 1814 1704 allatus
1830 1681 1908 1704 istam
1923 1681 2061 1712 epistolam

195 1733 209 1746 α
222 1724 390 1756 nephandam
406 1735 419 1746 n
435 1728 511 1748 vocat
523 1725 600 1756 (arm.
617 1727 655 1754 54,
672 1730 701 1748 110
716 1727 754 1755 36,
772 1727 789 1750 f.
806 1726 856 1755 99¹³,
875 1726 951 1756 103‘2).

289 1822 312 1845 1.
329 1822 404 1845 Arch.
421 1822 505 1846 Paris.
521 1831 526 1846 ·.
543 1831 554 1846 a
569 1831 683 1847 annuere
698 1832 720 1847 1).
737 1837 765 1841 -
779 1824 801 1847 2.
815 1823 892 1846 Arch.
909 1823 993 1847 Paris.
1010 1831 1015 1846 ’.
1033 1831 1044 1846 «
1061 1823 1231 1846 intentionem
1250 1826 1338 1846 nostre
1352 1831 1373 1847 ›>.
1390 1824 1452 1846 —3.
1467 1824 1495 1846 In
1511 1827 1623 1846 tractatu
1640 1824 1696 1846 scil.
1713 1824 1820 1852 edendo,
1838 1824 1869 1847 de
1884 1833 1934 1855 quo
1948 1829 1977 1847 n⁰
1992 1825 2059 1847 1684.

196 1879 224 1883 —-
239 1867 263 1890 4.
282 1866 359 1890 Arch.
379 1867 435 1889 Vnt.
455 1877 467 1888 κ
484 1867 621 1890 concordie
639 1876 661 1891 ».
679 1881 709 1885 —
725 1870 748 1892 5.
765 1867 791 1891 Si
809 1867 975 1891 Universitas
997 1868 1039 1891 hic
1054 1867 1187 1899 imprimis
1205 1868 1310 1891 Petrum
1326 1868 1357 1891 de
1379 1868 1451 1891 Luna
1467 1867 1653 1898 significasset,
1674 1871 1702 1891 ut
1717 1868 1830 1891 Bulaeus
1849 1871 1874 1892 et
1894 1872 1955 1900 post
1974 1869 2062 1900 ipsum

195 1909 315 1933 historici
326 1910 465 1939 affirmant,
478 1911 582 1934 difficile
597 1911 669 1934 dictu
684 1915 762 1940 esset,
779 1920 860 1943 quare
871 1912 1038 1936 Universitas
1052 1912 1148 1941 Paris.,
1158 1912 1260 1935 duobus
1277 1912 1411 1935 mensibus
1425 1912 1532 1943 elapsis,
1549 1913 1625 1935 Petro
1636 1913 1667 1935 de
1681 1913 1753 1935 Luna
1768 1912 1794 1935 in
1809 1913 1959 1944 pontificem
1971 1913 2061 1942 electo,

196 1954 303 1977 minime
320 1955 426 1978 turbata
442 1955 484 1983 sit,
499 1956 578 1979 immo
594 1956 750 1987 speraverit,
767 1956 890 1979 unionem
905 1957 1051 1987 perfectum
1066 1956 1108 1979 iri.
1126 1965 1137 1979 «
1154 1956 1203 1984 Qui
1219 1965 1277 1979 eum
1293 1956 1432 1979 audierunt
1446 1957 1477 1979 de
1488 1957 1536 1979 hac
1552 1957 1661 1979 materia
1676 1956 1748 1988 loqui
1764 1965 1775 1979 n
1791 1960 1971 1987 speraverunt,
1988 1967 2000 1978 α
2014 1957 2063 1980 sub

195 1998 247 2022 isto
259 2007 351 2030 pacem
363 1999 427 2022 oriri
442 2000 567 2023 ecclesiae
587 2003 612 2023 et
627 2000 733 2032 assequi
749 2008 771 2029 »,
789 2004 902 2024 testatur
916 2001 1048 2024 Johannes
1065 2001 1096 2024 de
1111 2001 1265 2024 Monstrolio
1287 2001 1544 2030 (Matiene-Duram,
1565 2001 1657 2031 Ampl.
1681 2001 1756 2027 Coll„
1778 2002 1810 2029 ΙΙ,
1832 2002 1910 2030 1314).
1929 2002 2001 2024 Tunc
2017 2010 2028 2024 «
2045 2001 2062 2024 il

197 2043 286 2067 saisoit
300 2044 507 2075 l'aigneau-Dieu
518 2052 539 2074 1),
550 2045 663 2068 affirmat
675 2045 765 2068 Simon
776 2045 807 2068 de
822 2045 970 2069 Cramaudo
983 2054 1026 2068 an.
1043 2046 1116 2073 1406;
1129 2048 1154 2068 et
1167 2045 1300 2069 Johannes
1311 2045 1393 2068 Petit:
1410 2056 1421 2065 a
1435 2046 1522 2076 quand
1535 2045 1560 2076 je
1576 2054 1608 2076 oy
1619 2045 1685 2077 dire,
1699 2054 1747 2076 que
1760 2045 1847 2068 Pierre
1861 2046 1892 2068 de
1905 2046 1930 2069 la
1942 2046 2011 2069 Lune

196 2088 274 2111 estoit
296 2088 352 2111 eleu
368 2096 399 2111 en
416 2097 493 2120 papey
512 2089 564 2120 j’en
580 2097 611 2112 eu
627 2089 770 2120 singuliere
786 2089 846 2121 joie,
866 2098 933 2120 pour
948 2098 976 2113 ce
992 2098 1041 2121 que
1054 2090 1080 2121 je
1096 2090 1141 2121 luy
1155 2089 1230 2112 avoie
1249 2098 1300 2121 ouy
1318 2089 1454 2121 preschier
1473 2093 1498 2112 et
1512 2098 1662 2120 approuver
1676 2090 1702 2112 la
1716 2090 1773 2112 voie
1788 2090 1819 2113 de
1834 2090 1944 2118 cession,
1961 2099 1991 2113 en
2007 2093 2063 2113 tant

198 2132 261 2163 qu'il
276 2132 354 2155 estoit
368 2133 440 2163 legat
459 2141 490 2156 en
510 2133 608 2156 France
624 2141 636 2156 »
654 2133 806 2164 (Bourgeois
823 2134 857 2157 du
876 2134 1024 2163 Chastenet,
1045 2135 1135 2158 Nouv.
1153 2134 1216 2158 hist.
1237 2135 1275 2157 du
1292 2134 1399 2158 concile
1418 2136 1451 2158 de
1467 2135 1628 2163 Con-stanes,
1649 2134 1771 2163 Preuves,
1792 2142 1818 2164 p.
1839 2135 1896 2163 2163
1920 2135 1983 2163 106).
2005 2135 2062 2158 Jam

197 2184 239 2199 nn.
256 2177 316 2200 1398
333 2177 422 2200 Simon
440 2177 471 2200 de
487 2178 635 2201 Cramaudo
651 2178 784 2201 asseruit:
802 2186 813 2201 <‹
827 2178 936 2209 gavisus
955 2178 991 2201 sui
1012 2178 1074 2201 dum
1090 2179 1131 2208 (de
1147 2179 1228 2208 Luna)
1245 2178 1294 2201 suit
1308 2178 1340 2201 ad
1355 2181 1483 2209 papatum
1503 2181 1665 2209 assumptus,
1680 2178 1812 2201 confidens
1828 2179 1896 2209 quod
1914 2187 1961 2209 per
1975 2179 2063 2210 ipsum

196 2220 354 2244 haberemus
368 2221 490 2244 unionem
503 2222 529 2244 in
543 2222 653 2245 ecclesia
668 2222 751 2245 eciam
765 2230 813 2253 per
828 2223 973 2246 cessionem
988 2232 999 2245 »
1014 2223 1100 2253 (Arch.
1113 2223 1181 2251 vat„
1194 2230 1259 2246 arm.
1278 2224 1315 2250 54,
1332 2226 1360 2245 n⁰
1373 2223 1410 2250 21,
1427 2223 1470 2246 sol.
1485 2223 1548 2251 188).
1561 2222 1587 2245 Si
1600 2222 1648 2245 hoc
1662 2231 1752 2245 verum
1765 2225 1811 2250 est,
1829 2223 1958 2254 quomodo
1972 2223 2063 2246 Petrus

197 2265 228 2288 de
250 2265 323 2289 Luna
346 2265 394 2289 iste
411 2274 422 2289 (‹
439 2266 561 2289 inimicus
584 2267 662 2289 homo
678 2275 689 2289 ›)
711 2275 768 2290 esse
789 2267 884 2298 potuit,
900 2267 926 2290 in
949 2275 1026 2298 quem
1044 2267 1210 2290 Universitas
1226 2267 1251 2289 in
1268 2267 1379 2298 epistola
1397 2267 1565 2290 inclementer
1580 2267 1729 2289 invehitur?
1748 2267 1800 2290 Cur
1817 2275 1848 2290 ne
1863 2268 1943 2290 semel
1958 2267 2062 2298 quidem

197 2313 289 2341 postea
309 2310 402 2333 harum
428 2311 558 2333 malarum
583 2311 679 2334 artium
702 2311 772 2335 Petri
795 2311 921 2340 meminit,
942 2312 987 2335 sed
1009 2312 1097 2343 potius
1121 2311 1218 2342 (ipsum
1242 2311 1425 2342 opprimendo)
1445 2314 1599 2342 argumento
1618 2319 1666 2334 usa
1685 2314 1732 2340 est,
1753 2319 1812 2334 eum
1827 2314 1856 2334 ut
1876 2312 1993 2342 legatum
2014 2320 2063 2343 pro

197 2354 316 2377 cessione
332 2354 413 2378 fuisse
426 2355 489 2383 (vid.
501 2355 610 2384 1101673,
622 2357 686 2385 not.)
700 2359 725 2379 et
738 2364 812 2386 spem
825 2356 930 2379 dedisse
945 2359 974 2379 ut
986 2356 1110 2379 ecclesiae
1122 2356 1182 2387 paci
1195 2355 1372 2378 restituendae
1387 2355 1516 2378 sinceram
1529 2359 1638 2378 navaret
1650 2357 1774 2386 operam?
1787 2355 1932 2386 Opinamur
1943 2356 2062 2387 proinde,

198 2398 403 2422 Universitntem
423 2399 448 2422 in
469 2400 582 2430 epistola
605 2408 655 2423 non
676 2401 782 2423 Petrum
806 2401 838 2423 de
858 2401 937 2428 Luna,
964 2400 1009 2423 sed
1031 2400 1205 2423 camerarium
1221 2408 1307 2431 papae
1327 2408 1385 2422 cum
1408 2399 1462 2422 suis
1483 2399 1560 2422 sociis
1582 2399 1644 2429 (vid.
1662 2404 1690 2422 n⁰
1705 2400 1775 2429 1681)
1792 2403 1821 2423 ut
1833 2403 1965 2423 auctorem
1980 2401 2063 2423 mala-

197 2450 256 2465 rum
272 2443 369 2465 artium
384 2443 518 2472 habuisse,
536 2444 580 2475 qui
596 2452 686 2467 revera
703 2452 791 2467 mense
807 2444 902 2473 Mart-ii,
921 2444 983 2467 dum
999 2444 1120 2475 magistri
1137 2444 1168 2467 de
1187 2444 1282 2467 unione
1302 2444 1468 2475 procuranda
1483 2444 1647 2472 laborarunt,
1665 2453 1678 2465 «
1692 2444 1843 2474 supervenit
1856 2453 1879 2472 n,
1897 2452 1956 2466 cum
1971 2445 2062 2467 Petrus

199 2487 230 2510 de
245 2487 318 2510 Luna
330 2487 385 2518 jam
402 2496 449 2519 per
467 2496 564 2511 annum
580 2490 633 2512 sere
655 2489 763 2512 Parisiis
782 2489 906 2514 stetisset.
928 2489 1050 2512 Fortasse
1066 2489 1230 2512 Universitas
1251 2489 1357 2512 erravit.
1378 2489 1445 2511 Sane
1460 2496 1510 2511 non
1526 2496 1585 2511 raro
1602 2488 1729 2511 vacillans
1745 2488 1804 2512 Rel.
1821 2490 1853 2512 de
1874 2488 2063 2519 Saint-Denys

199 2531 304 2554 Petrum
320 2532 351 2555 de
364 2532 436 2555 Luna
452 2541 556 2564 semper
570 2533 656 2564 primo
669 2533 727 2556 loco
742 2533 826 2557 affert.
842 2547 873 2551 —
887 2535 910 2557 6.
926 2533 983 2556 Vid.
1001 2537 1051 2556 n¹¹¹¹¹
1066 2534 1135 2557 1685.
1151 2547 1182 2551 —
1201 2534 1223 2556 7.
1242 2533 1320 2556 Arch.
1333 2533 1416 2556 Paris.
1434 2541 1438 2555 :
1456 2541 1467 2555 «
1484 2533 1577 2555 elisum
1592 2541 1612 2555 ».
1629 2546 1655 2550 -
1671 2534 1694 2556 8.
1712 2533 1754 2556 Sic
1769 2533 1846 2556 Arch.
1863 2533 1960 2560 Paris.;
1974 2533 2039 2556 alias
2056 2541 2062 2556 t

199 2585 212 2597 «
226 2576 337 2607 impium
351 2584 373 2599 n.
384 2590 413 2594 —
426 2578 449 2600 9.
463 2577 539 2601 Arcb.
556 2578 615 2601 Par.
628 2586 633 2600 :
649 2586 659 2601 α
676 2578 881 2609 dissipacionem
894 2586 916 2601 l).
930 2592 961 2596 —
973 2578 1011 2602 10.
1023 2577 1127 2601 Primus
1145 2578 1189 2608 qui
1200 2577 1248 2600 hoc
1263 2577 1428 2608 excogitavit,
1442 2577 1491 2600 suit
1505 2577 1561 2608 ipse
1572 2577 1690 2600 Clemens
1702 2578 1756 2600 VH.
1770 2577 1826 2600 Vid.
1844 2580 1979 2608 praeterea
1995 2577 2062 2600 intra

200 2621 337 2646 Addenda
353 2621 386 2644 ad
400 2625 450 2644 num
465 2622 534 2645 1681.
547 2635 577 2639 —
590 2622 628 2645 11.
642 2622 720 2645 Arch.
735 2623 794 2646 Par.
807 2630 812 2645 :
831 2630 841 2645 (1
857 2622 1017 2645 scriberetur
1031 2630 1052 2645 ».
1067 2622 1136 2645 Modi
1149 2625 1224 2645 erant
1234 2630 1342 2645 munera
1356 2630 1422 2653 quae
1437 2621 1552 2644 Parisios
1567 2621 1692 2652 portavit,
1709 2621 1804 2652 quibus
1819 2621 1949 2652 imprimis
1971 2622 2061 2644 ducem

200 2664 356 2689 Bituricens.
377 2666 505 2697 corrupit.
527 2680 555 2683 —
577 2667 613 2690 12.
633 2666 700 2691 Ibid.
722 2675 727 2689 z
750 2675 761 2690 «
780 2666 1062 2690 excommunicavimus
1087 2675 1108 2694 »‚
1134 2670 1159 2689 et
1181 2670 1249 2689 certe
1267 2674 1360 2689 sensus
1379 2669 1448 2689 esset
1463 2665 1573 2689 acutior.
1600 2679 1630 2683 —
1646 2666 1684 2689 13.
1701 2666 1766 2688 lbid.
1789 2666 1850 2690 add.
1867 2676 1879 2687 (ι
1901 2665 1970 2696 quod
1988 2675 2010 2689 u.
2035 2679 2062 2683 —

200 2708 239 2733 14.
255 2709 322 2733 lbid.
340 2717 345 2733 t
368 2719 381 2731 «ι
397 2710 423 2733 in
444 2719 467 2734 ²³.
481 2723 512 2727 —
529 2710 568 2734 15.
584 2710 684 2734 Abhinc
700 2711 772 2735 deest
789 2711 815 2734 in
831 2711 907 2734 Arch.
924 2711 991 2739 Vnt„
1015 2710 1060 2734 ubi
1082 2711 1195 2742 epistola
1218 2711 1317 2733 inserta
1332 2713 1372 2733 est
1393 2710 1487 2733 litteris
1510 2710 1690 2733 cardinalibus
1713 2710 1810 2734 missis.
1829 2724 1855 2727 —
1873 2710 1909 2732 16.
1927 2709 2063 2740 Temporis

201 2756 263 2776 nota
280 2762 311 2777 ex
325 2754 402 2778 Arch.
418 2754 502 2780 Paris.

328 2943 373 2960 n*
392 2941 486 2965 chart.
510 2941 588 2966 Univ.
607 2941 700 2966 Paris.
719 2942 763 2966 111.
1909 2939 1941 2961 '8⁰
