2488 3386
178 363 274 400 1371]
594 375 639 396 ΑΒ
674 375 779 396 ΑΝΝΟ
814 375 944 396 macer,
978 375 1108 403 USQUE
1145 377 1190 397 an
1223 377 1485 397 armantem-uu
1522 378 1610 398 Χιιι.
1974 368 2034 399 195

266 451 337 482 Nec
365 449 572 482 admittatur
599 449 642 481 ad
670 448 863 488 licentiam,
892 449 961 481 nisi
991 449 1025 480 in
1049 449 1192 481 duobus
1218 450 1322 481 annis
1350 452 1433 491 (non
1464 451 1657 490 currendo,
1681 451 1744 482 sed
1777 457 1970 494 temperato
2001 458 2032 483 et

177 517 361 556 decenter,
381 522 484 560 prout
507 521 562 547 est
581 514 704 559 legere
725 514 966 546 communiter
986 517 1212 557 consuetum)
1230 515 1361 559 legerit
1382 527 1445 559 per
1466 516 1645 548 sexdecim
1670 528 1814 548 mensos
1836 516 2035 560 completos

177 582 220 615 ad
247 582 366 615 minus
388 588 423 614 et
450 582 485 613 in
508 581 598 625 ipsis
619 581 711 613 duos
733 580 847 613 libros
870 581 966 624 juris
992 581 1167 620 canonici,
1192 588 1317 625 quarto
1339 581 1433 613 libro
1455 582 1601 614 minime
1623 589 1841 626 ‹·01nputat(›,
1864 582 1932 614 nisi
1955 595 2034 614 cum

177 649 241 681 illo
269 648 399 693 legerit
428 647 686 681 Clementinas.
720 647 852 679 Poterit
883 653 998 679 tamen
1034 659 1111 679 cum
1143 647 1218 687 itlo,
1251 648 1311 691 qui
1344 647 1473 692 legerit
1503 660 1610 680 unum
1642 648 1770 680 librum
1801 655 1832 680 ct
1866 650 2035 692 majorem

179 722 313 760 partein
335 715 484 747 alterius
501 714 596 757 (dum
618 720 736 746 tamen
759 713 948 757 perfecerit
971 716 1140 746 inenses‘=.
1166 726 1228 758 per
1252 714 1453 746 facultatem
1478 714 1679 758 dispensari
1702 727 1707 746 z
1731 715 1776 747 ita
1800 721 1913 747 tamen
1941 715 2036 759 quod

178 783 295 827 ipsum
318 781 448 813 librum
475 787 598 825 postea
621 779 782 824 perficiat
802 791 865 824 per
880 781 1138 823 juramentum.

270 849 369 884 Item,
393 847 474 892 quia
496 846 681 879 dubitatur
699 859 716 879 a
742 846 877 885 multis,
900 858 943 878 an
965 858 1028 890 per
1045 847 1209 890 integros
1231 859 1345 879 annos
1366 847 1610 880 admittendus
1632 847 1673 879 ad
1697 847 1881 884 los-turam,
1900 848 2038 886 audire,

179 914 235 947 vel
263 914 306 946 ad
337 913 529 953 licentiam,
553 913 697 958 legere⁹
720 912 885 945 debuerit
913 925 918 944 :
948 924 1014 945 nos
1042 912 1250 956 hujusmodi
1281 913 1540 946 dubitationem
1570 920 1828 953 ammoventeS,
1851 914 2039 946 statuimus

180 987 213 1013 et
234 980 444 1013 ordinamus
466 979 562 1024 quod
584 979 748 1024 religiosi
770 986 804 1011 et
824 979 884 1011 alii
906 979 1101 1018 seculares,
1127 979 1287 1023 impediti
1310 980 1366 1012 vel
1388 992 1459 1012 non
1481 980 1644 1024 impediti
1671 980 1706 1011 in
1728 979 1872 1024 legibus
1893 981 2040 1012 audien-

180 1047 249 1088 dis,
272 1046 334 1090 qui
359 1058 423 1090 per
443 1046 643 1090 predictum
666 1052 807 1089 tempus
830 1045 1037 1089 hujusmodi
1060 1045 1161 1089 leges
1185 1057 1256 1078 non
1278 1046 1494 1086 audiverInt,
1517 1058 1589 1078 non
1610 1046 1840 1078 admittamur
1861 1046 1903 1078 ad
1930 1046 2041 1078 lectu-

182 1125 252 1146 ram
275 1113 370 1157 juris
392 1112 555 1145 canonici
583 1116 659 1152 [seu
681 1112 975 1152 decretalium]¹⁴',
1000 1112 1070 1144 nisi
1098 1112 1134 1144 in
1161 1112 1281 1145 studio
1309 1113 1470 1156 generali
1500 1113 1568 1152 [vel
1599 1113 1730 1145 studiis
1761 1112 2039 1157 generalibus]¹¹

176 1180 257 1224 jura
278 1179 449 1211 canonica
475 1179 679 1211 audiverint
708 1178 743 1210 in
770 1190 833 1210 sex
858 1178 961 1210 annis
989 1190 1051 1222 per
1072 1178 1169 1222 xlviij
1198 1190 1342 1211 menses
1364 1179 1576 1223 completos,
1601 1186 1631 1211 et
1655 1179 1838 1211 decretum
1862 1179 2043 1211 ordinarie

181 1245 238 1278 vel
273 1245 557 1278 extraordinarie
592 1257 609 1277 a
644 1245 791 1277 doctore
828 1257 891 1289 per
924 1257 990 1277 xxx
1026 1257 1171 1276 menses
1207 1245 1419 1289 completo&
1459 1250 1505 1285 [et.
1540 1246 1773 1279 tantumdem.
1810 1245 1946 1277 scilicet
1983 1258 2045 1289 per

182 1324 248 1344 xxx
270 1323 426 1352 menses,
450 1311 493 1343 de
516 1323 635 1351 mane,
659 1323 724 1343 nec
746 1311 787 1343 ad
820 1311 998 1343 licentiam
1022 1311 1267 1346 admittantur„
1297 1312 1363 1343 nisi
1395 1312 1428 1343 in
1451 1312 1611 1356 quinque
1632 1312 1735 1343 annis
1763 1323 1825 1356 per
1846 1311 1879 1343 xl
1902 1323 2045 1343 menses

182 1378 382 1422 completos
404 1378 560 1422 legerint
575 1378 656 1421 jura
678 1378 862 1418 canonica,
887 1384 924 1409 ut.
951 1378 1182 1422 premittitur,
1206 1378 1241 1409 in
1264 1378 1384 1410 studio
1406 1378 1628 1422 generatum.
1656 1379 1695 1410 ln
1722 1378 1938 1422 supradictis
1960 1390 2044 1410 vero

274 1512 374 1552 ltem,
397 1511 478 1555 quia
508 1511 543 1542 in
568 1510 805 1543 testificandis
834 1511 1006 1555 predictis
1027 1511 1211 1543 auditione
1240 1517 1272 1543 et
1302 1511 1472 1544 lectura¹³
1495 1523 1671 1543 canonum
1705 1510 1857 1555 plurime
1887 1511 2044 1551 fraudes,

185 1584 289 1622 prout
321 1577 542 1622 experientia
572 1577 706 1618 docuit,
729 1577 1015 1616 committuntur,
1040 1578 1230 1610 statuimus
1259 1585 1291 1609 ct
1323 1577 1533 1610 ordinamus
1565 1578 1661 1622 quod
1698 1578 1866 1609 decctcro
1897 1577 2049 1620 quilibet

184 1641 335 1674 scolaris
357 1648 483 1686 quater
504 1642 539 1673 in
567 1653 660 1673 anno
691 1641 733 1673 ad
766 1642 898 1682 minus,
928 1641 1065 1673 scilicet
1099 1642 1191 1673 circa
1222 1642 1351 1674 festum
1385 1642 1518 1674 Natalis
1550 1642 1706 1681 Domini,
1737 1641 1883 1678 Pasrbe,
1907 1647 2050 1685 aposto-

184 1708 301 1741 lorum
328 1708 423 1740 Petri
453 1714 487 1740 et
516 1707 629 1748 Pauli,
653 1714 687 1740 et
714 1708 828 1740 sancti
857 1708 1025 1753 Remigii,
1050 1708 1195 1753 recipiat
1224 1708 1372 1740 rcdulas
1393 1721 1410 1740 a
1433 1708 1616 1741 doctore*
1637 1720 1716 1747 suo,
1740 1708 1775 1739 in
1798 1707 1929 1751 quibus
1951 1707 2050 1740 testi—

186 1775 344 1807 monium
367 1774 599 1819 perhibeatur
619 1786 729 1819 super
750 1774 934 1807 auditione
957 1781 991 1807 et
1017 1775 1220 1807 Scolaritate
1244 1775 1377 1819 ipsius,
1404 1775 1449 1808 ita
1473 1782 1587 1807 tamen
1615 1775 1709 1819 quod
1735 1786 1844 1818 super
1866 1774 2050 1806 auditione

185 1841 417 1873 decretalium
452 1841 530 1885 ipse
561 1841 688 1874 doctor
719 1842 820 1886 prius
851 1841 1065 1874 informetur
1095 1853 1159 1886 per
1186 1841 1333 1874 cedulas
1366 1841 1509 1873 illorum
1543 1841 1842 1881 bachalariorum,
1870 1853 1887 1873 a
1918 1840 2050 1885 quibus

186 1907 434 1940 testificandus
461 1908 651 1949 audiverit,
674 1908 730 1940 vel
758 1908 846 1941 alias
874 1914 1140 1952 competenter,
1163 1908 1250 1941 alias
1273 1915 1415 1953 tempus
1442 1908 1639 1940 auditionis
1660 1907 1716 1940 vel
1745 1907 1960 1940 scolaritatis
1981 1907 2050 1939 sibi

186 1985 259 2006 non
279 1974 556 2019 computabitur.
580 1974 848 2007 Testificabitur
870 1981 986 2007 tamen
1014 1986 1124 2019 super
1150 1975 1280 2007 minori
1307 1982 1482 2019 tempore,
1510 1975 1540 2006 si
1570 1974 1636 2006 hoc
1664 1981 1757 2018 pctat
1786 1973 1947 2006 scolaris.
1974 1974 2048 2005 Εἰμὶ

185 2040 279 2072 idem
311 2040 404 2073 circa
434 2040 659 2073 bachalarios
689 2040 854 2086 legentes
879 2040 1047 2074 volumus
1078 2040 1277 2082 observari,
1301 2048 1336 2073 ut
1369 2053 1432 2085 per
1460 2041 1667 2085 magistros,
1694 2041 1730 2072 in
1758 2052 1908 2084 quorum
1940 2039 2050 2071 scolis

184 2106 354 2151 legerint,
377 2106 433 2139 vel
454 2107 627 2139 decanum
650 2107 840 2148 facultatis,
869 2107 898 2140 si
927 2107 1121 2151 magistros
1148 2119 1219 2139 non
1241 2107 1446 2147 habuerint,
1469 2107 1537 2139 sub
1566 2108 1676 2139 forma
1706 2114 1738 2138 ct
1770 2118 1856 2150 pena
1879 2106 2050 2150 predictis

186 2173 411 2206 testificetur.

275 2241 376 2276 Item,
400 2246 438 2272 ut
462 2247 582 2272 cesset
609 2252 732 2273 rumor
758 2240 1066 2273 testificandorum
1097 2247 1131 2272 ct
1159 2241 1258 2272 favor
1284 2252 1326 2272 ex
1357 2247 1455 2284 parte
1487 2240 1769 2279 testificantium,
1797 2239 1986 2271 statuimus
2017 2245 2051 2270 et

185 2306 395 2339 ordinamus
425 2306 573 2339 cedulas
604 2307 784 2351 predictas
814 2307 1079 2339 testificatorias
1110 2307 1292 2339 faciendas
1323 2307 1391 2339 sub
1421 2306 1485 2338 hac
1514 2308 1624 2338 forma
1654 2313 1685 2338 ct
1717 2305 1957 2350 apportandas
1988 2317 2050 2349 per

185 2372 281 2413 illos⁷
305 2373 365 2417 qui
386 2373 566 2406 voluerint
591 2373 774 2406 testificari
799 2385 805 2405 :
830 2388 845 2404 a
864 2374 958 2418 Ego,
978 2374 1075 2413 talis,
1095 2380 1176 2413 etc„
1193 2384 1314 2406 assero
1330 2374 1417 2406 bona
1427 2372 1506 2417 side
1527 2378 1557 2405 el
1576 2375 1901 2417 perjuranzenlum
1925 2383 2046 2411 meum,

183 2438 351 2483 quodfui
369 2451 473 2473 verus
495 2446 525 2473 el
548 2441 734 2473 continuus
755 2440 908 2473 scolaris
931 2441 1068 2484 injure
1090 2440 1255 2473 canonico
1271 2451 1340 2483 per
1363 2445 1498 2472 tantum
1521 2445 1666 2483 lempns,
1694 2443 1738 2479 [εί
1762 2438 1847 2471 aliis
1867 2438 1966 2471 horis
1982 2449 2048 2481 per

186 2510 323 2539 tantum
345 2510 488 2550 tempus]
502 2507 539 2538 ¹⁶.
557 2507 688 2539 Datum
709 2507 771 2540 sub
789 2506 917 2551 sigillo
933 2518 1006 2540 meo
1024 2521 1054 2546 n,
1073 2513 1139 2538 etr..
1166 2507 1205 2538 1⁴11
1227 2506 1456 2550 postmodum
1479 2506 1643 2550 sequitur
1665 2505 1866 2537 testificatio
1889 2504 2048 2536 doctoris

188 2571 255 2604 sub
282 2572 345 2604 hac
366 2573 478 2605 forma
503 2585 509 2605 :
538 2587 553 2603 «
578 2574 625 2606 Et
652 2584 728 2617 ego,
754 2573 854 2611 talis,
878 2572 1005 2606 doctor
1027 2578 1106 2606 actu
1133 2584 1256 2617 regens
1284 2573 1463 2611 Parisius,
1490 2572 1720 2616 infacullale
1741 2571 1961 2604 decretorum
1980 2582 2048 2613 pet·

178 2640 423 2683 juramentum
452 2639 544 2672 dicti
568 2639 732 2679 scolaris,
761 2639 813 2673 vel
840 2639 933 2673 alias
960 2640 1188 2683 informatus,
1217 2639 1392 2683 testificor
1422 2639 1535 2682 ipsum
1562 2638 1739 2671 audivisse
1767 2640 1825 2680 jus
1845 2637 2045 2669 canonicum

179 2715 249 2748 per
269 2710 402 2749 tempus
416 2706 580 2749 superius
596 2717 809 2750 expressum.
832 2707 964 2739 Datum
983 2720 1012 2747 »,
1032 2712 1098 2738 etc.

279 2773 317 2803 Et
348 2778 384 2804 ut
416 2771 624 2815 hujusmodi
657 2779 785 2805 statuta
816 2772 1114 2817 irrefragabiliter
1140 2772 1393 2807 observentur,
1428 2770 1560 2802 nemini
1591 2776 1714 2802 contra
1745 2770 1820 2813 ipsa
1851 2769 1909 2800 liat
1936 2768 2046 2811 gratia

189 2849 253 2882 per
268 2838 562 2881 ju1·a1nentu1n¹⁷.

282 2921 350 2945 Bihl.
367 2923 456 2945 Arsen.
483 2923 564 2946 Paris.
587 2931 635 2946 ωε.
658 2923 723 2951 1123,
746 2923 791 2946 fol.
810 2925 833 2952 3,
856 2923 905 2946 sub
925 2923 1052 2946 rubrica:
1070 2932 1081 2943 (ι
1104 2924 1207 2945 Stututa
1227 2921 1361 2952 tangentia
1384 2923 1548 2951 presentatos
1567 2920 1598 2941 ad
1619 2920 1743 2941 lecturam
1766 2917 1934 2940 ‹lecretaliuui
1951 2924 1995 2939 seu
2017 2916 2047 2938 ad
