2488 3386
446 341 511 373 584
1023 346 1339 370 CHARTULARIUM
1373 345 1564 367 umvnns.
1601 345 1729 367 mnis.
2214 331 2311 369 [1381

445 424 510 447 alias
536 426 624 454 partes
646 422 805 454 petiverunt,
821 431 845 446 v.
864 431 891 453 g.
908 422 1085 450 Germaniam,
1102 424 1130 444 ut
1145 421 1281 444 Conradus
1307 420 1338 442 de
1358 419 1535 448 Gelnhausen,
1552 419 1680 442 Henricus
1703 419 1734 442 de
1755 418 1831 450 Oytu,
1848 418 1893 450 qui
1914 417 2095 442 verisimiliter
2110 418 2166 450 jam
2181 427 2223 443 an.
2243 420 2312 449 1381,

444 477 495 491 ηοη
507 468 566 491 1382
583 467 643 497 (vid.
661 475 751 498 supra,
767 475 794 498 p.
811 467 865 493 514,
882 470 935 490 not.
950 467 974 495 4)
990 466 1104 490 Parisios
1122 465 1235 496 reliquit.
1253 465 1280 487 In
1297 463 1475 487 Universitate
1492 463 1620 495 Pragensi
1636 467 1664 487 ut
1679 472 1749 494 mag.
1765 463 1845 487 theol.
1862 463 1971 487 affertur
1990 463 2024 486 ad
2041 471 2084 486 an.
2103 463 2172 493 1383,
2191 463 2313 488 Decemb.

445 512 524 541 (Bibl.
541 519 608 535 cneS.
624 511 735 534 Vindob.
758 519 808 534 ms.
827 511 873 534 lat.
893 511 963 538 4929,
983 512 1000 534 s.
1019 511 1083 540 262).
1106 510 1228 533 Fortasse
1253 508 1380 532 Henricus
1401 508 1432 531 de
1457 507 1552 531 Hassia
1574 508 1653 532 etiam
1672 508 1727 540 jam
1752 516 1796 533 an.
1819 507 1965 536 1381-1382,
1989 515 2041 531 non
2065 507 2150 531 solum
2171 508 2231 531 1383
2250 507 2313 538 (vid.

446 556 584 584 Charcul.,
602 556 634 584 11,
648 556 701 583 646,
720 558 774 578 not.
790 555 827 584 29)
844 555 959 586 patriam
975 563 1050 577 suam
1063 554 1165 585 petivit.

449 722 589 759 1641.
611 730 753 756 Johannes
775 729 934 755 Blanchart
958 729 985 755 in
1013 728 1217 754 cancellarium
1242 728 1338 753 Paris.
1364 727 1526 753 instituitur
1545 735 1564 752 a
1582 726 1721 753 Clemente
1742 728 1799 761 VII,
1818 735 1899 762 quem
1917 735 1972 752 non
1996 726 2093 752 omnia
2113 726 2313 752 Universitatis

531 779 683 816 supposita
700 783 730 805 ut
741 787 850 815 papam
867 781 1047 813 agnoverunt.

1712 812 1783 841 1381,
1796 812 1859 838 dulit·
1869 811 1971 844 15-Ᾰυ9.
1990 810 2026 837 14.

537 903 623 933 Supra
642 906 670 925 n0
688 902 757 925 1461.
773 915 803 919 —
818 902 872 924 Hm=
890 902 987 924 sactum
1003 899 1155 931 gravissimi
1171 899 1295 923 momenti
1315 899 1371 923 suit.
1389 900 1522 923 Johannes
1538 900 1570 923 de
1585 900 1687 928 Calore,
1706 900 1792 923 adhuc
1806 899 1893 931 primo
1909 899 2060 923 schismatis
2073 902 2191 930 tempore
2209 898 2313 922 cancel-

443 947 534 976 larius,
550 955 564 970 a
582 946 708 978 Gregorio
722 946 753 969 XI
770 945 905 968 institutus
922 948 987 968 erat.
1004 945 1092 968 Novus
1108 947 1195 967 tamen
1209 947 1247 973 (ut.
1265 948 1398 967 taceamus
1414 945 1445 967 de
1463 944 1536 967 card.
1553 944 1660 968 Nicolao
1678 944 1709 967 de
1727 945 1754 968 S.
1769 944 1919 974 Saturnino)
1938 944 1971 967 ab
1985 944 2031 967 illo
2044 952 2115 975 papa
2130 943 2312 967 auctoritatem

443 991 545 1018 habuit,
562 999 637 1022 quem
650 994 711 1013 tunc
724 990 807 1013 multa
824 989 1010 1013 Universitntis
1025 988 1164 1020 supposita
1182 989 1329 1020 agitabant.
1345 988 1524 1012 Cancellarius
1542 992 1680 1020 praeterea
1698 997 1713 1012 a
1728 988 1860 1012 Clemente
1875 989 1921 1012 VII
1935 989 2089 1012 mandatum
2102 988 2203 1019 accepit
2215 987 2312 1011 nemini

443 1036 575 1059 licentiam
589 1035 678 1064 dandi,
695 1035 739 1066 qui
756 1038 824 1058 esset
840 1037 977 1065 suspectus
995 1034 1026 1056 de
1044 1033 1211 1056 adhaerendo
1227 1034 1303 1056 alteri
1319 1042 1414 1065 papae.
1432 1033 1477 1057 lsti
1493 1033 1537 1065 qui
1555 1034 1715 1057 Clementem
1730 1041 1782 1057 non
1800 1036 1971 1064 agnoverunt,
1987 1033 2135 1056 licentiatos
2148 1040 2196 1064 per
2211 1032 2314 1056 cancel-

443 1080 539 1103 larium
555 1079 639 1103 Paris.
653 1079 728 1111 quasi
744 1078 927 1102 schismaticos
944 1077 1111 1109 reputabant.
1128 1077 1186 1101 Vid.
1204 1086 1286 1109 supru
1300 1086 1328 1109 p.
1342 1078 1398 1107 413,
1414 1078 1501 1101 Simon
1516 1078 1638 1106 Fatuos,
1652 1081 1677 1101 et
1691 1077 1761 1101 infra
1775 1077 1809 1100 11¹¹³
1824 1078 1898 1109 16463
1915 1078 1985 1106 1656,
2002 1085 2070 1109 sqq.;
2087 1077 2156 1101 1672.

450 1241 589 1277 1642.
611 1249 754 1275 lohannes
777 1248 812 1275 de
832 1249 1020 1283 Jenzenstein,
1044 1248 1279 1284 archiepiscopus
1303 1249 1460 1283 Pragensis
1481 1253 1508 1275 et
1527 1248 1721 1275 cancellarius
1744 1249 1820 1284 regis
1851 1249 2015 1283 Wenceslai,
2038 1247 2157 1283 collegio
2180 1247 2312 1274 Carolino

530 1299 671 1333 Pragensi
685 1298 847 1332 annuntiat,
860 1297 958 1334 plures
975 1297 1127 1332 magistros
1141 1298 1300 1324 Parisiens.
1317 1297 1507 1324 adhaerentes
1526 1298 1639 1324 Urbano
1659 1299 1696 1324 Vl
1705 1298 1836 1324 Parisios
1850 1298 2011 1334 reliquisse,
2025 1301 2053 1324 et
2070 1300 2189 1323 conatus
2203 1297 2270 1332 fieri
2283 1299 2314 1323 ut

530 1348 706 1373 Parisiensis
722 1347 896 1373 Universitas
910 1347 1035 1381 Pragam
1052 1348 1256 1381 transferatur.

1553 1392 1621 1422 1381,
1637 1391 1803 1424 Septembris,
1818 1392 2026 1426 francofordiae.

529 1484 811 1519 Venerabilibus
832 1485 978 1525 rectori,
996 1484 1180 1529 magistris
1201 1496 1240 1517 ac
1258 1484 1461 1518 scolaribus
1479 1485 1663 1518 universis
1680 1485 1937 1518 Universitatis
1958 1491 2082 1517 nostre
2102 1483 2311 1530 Pragensis,

442 1552 592 1586 salutem
615 1552 651 1584 in
673 1551 828 1584 Domino
846 1551 1114 1596 sempiternam.
1138 1550 1317 1584 Mirabilis
1338 1552 1495 1584 Deus...
1519 1552 1582 1585 Est
1603 1552 1697 1585 enim
1720 1551 1818 1597 quod
1834 1558 1954 1584 vestre
1975 1551 2202 1596 injungimus
2224 1550 2314 1583 kari-

442 1619 516 1660 tati,
546 1618 727 1664 quomodo
756 1630 863 1663 reges
894 1618 1043 1650 Francie
1072 1618 1109 1651 in
1136 1625 1368 1651 sacrosancte
1393 1619 1518 1652 matris
1540 1618 1696 1652 ecclesie
1718 1618 1789 1651 fide
1810 1618 1900 1651 adeo
1924 1617 2082 1651 rebelles
2104 1618 2252 1650 suerunt
2278 1623 2313 1651 et

442 1686 486 1718 de
508 1685 668 1730 presenti
685 1685 855 1726 existunt,
875 1692 913 1717 ut
933 1697 1051 1729 neque
1073 1685 1207 1718 monita
1229 1691 1376 1730 paterna
1393 1685 1615 1718 sanctissimi
1636 1685 1672 1718 in
1689 1684 1836 1719 Christo
1858 1685 1970 1730 patris
1987 1691 2023 1718 et
2038 1684 2175 1717 domini
2196 1683 2312 1717 nostri

442 1752 579 1786 Urbani
597 1752 717 1785 divina
734 1751 961 1797 providentia
983 1763 1073 1796 pape
1089 1753 1137 1785 VI
1161 1751 1344 1797 simulque
1361 1752 1590 1785 serenissimi
1611 1752 1788 1797 principis
1805 1751 1943 1785 domini
1957 1751 2171 1788 Wenceslai
2187 1750 2312 1784 eadem

441 1819 555 1864 gratia
577 1820 818 1852 Romanorum
842 1825 876 1851 et
897 1819 1113 1851 Boemorum
1138 1819 1236 1863 regis
1257 1818 1512 1857 illustrissimi,
1535 1818 1875 1864 katholicorumque
1896 1830 2023 1864 regum
2047 1825 2081 1851 et
2107 1818 2311 1863 principum

442 1885 721 1918 informaciones
757 1885 944 1930 recipiant,
973 1885 1036 1918 sed
1066 1885 1228 1918 adinstar
1257 1885 1396 1930 aspidis
1422 1885 1532 1918 surde
1561 1892 1778 1931 respuentes
1806 1885 1998 1930 elegerunt
2027 1884 2154 1930 pocius
2191 1896 2311 1917 errare

517 1959 714 1985 tenuerunt
740 1959 775 1985 et
804 1951 919 1985 adhuc
942 1959 1126 1985 sectantur
1151 1959 1276 1986 tenere
1302 1952 1400 1985 omni
1429 1952 1603 1997 spurcitia
1630 1952 1843 1997 nepharium
1873 1952 1999 1994 Belial,
2028 1951 2311 1986 Gebennensem
2356 1997 2358 2000 v

441 2019 655 2064 antipapam.
678 2020 813 2052 Verum
837 2019 930 2051 sicut
950 2018 1041 2052 Loth
1063 2030 1153 2052 uxor
1174 2025 1209 2052 et
1231 2019 1296 2051 filii
1318 2020 1398 2064 ejus
1419 2019 1455 2051 in
1476 2019 1597 2052 medio
1619 2019 1784 2052 nacionis
1806 2030 1992 2064 perverse,
2017 2019 2069 2052 sic
2090 2017 2254 2064 magistri
2274 2018 2311 2051 in

442 2086 613 2131 ariopago
631 2086 790 2118 Parisius
807 2086 1019 2127 existentes,
1038 2092 1073 2118 et
1093 2086 1197 2119 sicud
1216 2085 1350 2118 Hebrei
1371 2086 1407 2118 in
1428 2086 1509 2118 ora¹
1529 2086 1744 2131 Egiptorum
1767 2086 1945 2131 degentes
1965 2085 2104 2131 fatigati
2125 2085 2162 2118 in
2182 2085 2259 2118 luto
2276 2091 2312 2118 et

442 2152 552 2185 latere
576 2152 794 2193 serviebant,
813 2152 865 2185 sic
883 2153 1110 2185 Universitas
1128 2152 1334 2198 supradicta
1356 2164 1420 2197 pro
1443 2152 1514 2185 fide
1536 2152 1714 2186 katholica
1736 2153 1893 2186 diversis
1910 2152 2092 2185 cruciatur
2109 2151 2308 2197 erumpnis,

443 2226 477 2251 et
497 2231 560 2251 eos
583 2219 625 2251 ad
647 2219 857 2264 ydolatriam
880 2219 1144 2264 compellentes
1165 2219 1326 2252 adinstar
1354 2219 1452 2265 regis
1473 2219 1645 2252 Antiochi
1673 2220 1734 2264 qui
1762 2219 1999 2252 observantes
2024 2218 2142 2263 legem
2165 2218 2311 2251 Domini

443 2285 660 2325 trucidabat,
690 2286 753 2318 sed
781 2293 888 2330 prout
915 2285 1122 2318 Machabei'
1145 2298 1214 2319 una
1239 2298 1328 2319 voce
1355 2286 1572 2319 resistentes
1593 2286 1764 2319 dixerunt
1787 2298 1794 2318 :
1818 2301 1834 2317 «
1858 2286 1895 2319 Si
1922 2297 2049 2319 omnes
2076 2291 2206 2330 gentes
2231 2284 2310 2330 regi

443 2351 629 2392 obediunt,
653 2358 691 2384 ut
711 2352 874 2384 discedat
894 2352 1148 2397 unusquisque
1169 2365 1187 2385 a
1214 2353 1389 2386 servitute
1419 2352 1514 2398 legis
1543 2359 1682 2397 patrum
1704 2364 1868 2393 suorum,
1896 2359 1931 2385 et
1956 2351 2191 2385 consenciant
2210 2363 2311 2384 man-

444 2418 535 2450 datis
556 2419 634 2462 ejus
658 2430 664 2450 2
689 2430 756 2463 ego
778 2425 813 2451 et
832 2418 897 2450 filii
918 2419 987 2451 mei
1014 2426 1049 2451 et
1072 2420 1202 2452 fratres
1223 2420 1294 2452 mei
1315 2419 1530 2452 obediemus
1551 2419 1625 2465 legi
1647 2426 1786 2464 patrum
1808 2425 2034 2458 nostrorum;
2056 2417 2243 2463 propicius
2264 2417 2311 2451 sit

444 2483 549 2516 nobis
578 2485 675 2516 Deus
703 2498 731 2516 ».
761 2486 803 2517 Et
829 2485 880 2517 sic
908 2485 1156 2530 disposicione
1186 2486 1306 2519 divina
1336 2498 1399 2519 cor
1426 2486 1624 2519 Pharaonis
1646 2486 1810 2531 quamvis
1837 2485 2044 2518 induratum
2067 2485 2125 2526 sit,
2152 2483 2310 2530 populus

444 2557 561 2583 tamen
582 2551 726 2583 Domini
748 2563 853 2583 manu
879 2552 963 2584 forti
991 2552 1184 2585 auxiliante
1210 2553 1365 2586 Domino
1388 2553 1589 2586 deducetur
1609 2553 1645 2585 in
1672 2559 1801 2585 terram
1826 2551 1997 2584 fluentem
2021 2551 2112 2584 lacte
2133 2557 2169 2584 et
2187 2550 2308 2592 melle,

444 2616 480 2649 id
501 2623 556 2649 est
577 2617 772 2657 Boemiam,
790 2617 887 2661 quod
909 2618 951 2650 ad
973 2619 1144 2663 gaudium
1167 2619 1325 2664 speciale
1347 2619 1452 2652 vobis
1473 2619 1712 2664 injungimus.
1736 2620 1822 2651 Nam
1850 2618 2110 2651 serenissimus
2137 2624 2172 2650 et
2198 2617 2312 2651 invic-

444 2683 607 2715 tissimus
624 2683 793 2728 princeps
810 2695 871 2716 rex
893 2685 1133 2718 Romanorum
1151 2692 1186 2718 et
1207 2687 1425 2719 Boemorum
1443 2685 1673 2718 sanctissimo
1690 2685 1726 2718 in
1744 2684 1890 2719 Christo
1912 2685 2003 2730 patri
2020 2684 2168 2718 domino
2185 2690 2310 2717 nostro

446 2748 591 2782 Urbano
613 2749 774 2781 scribere
795 2750 950 2782 intendit
975 2758 1009 2783 et
1034 2758 1107 2784 toto
1130 2752 1314 2785 desiderio
1336 2752 1515 2793 laborare,
1542 2751 1697 2796 qualiter
1724 2751 1886 2797 predicta
1907 2751 2135 2786 Universitas
2165 2750 2202 2783 in
2231 2751 2312 2783 Pra-

445 2827 524 2860 gam
543 2816 789 2856 transferatur,
809 2822 842 2848 et
859 2828 957 2848 suam
975 2817 1192 2862 legationem
1211 2819 1382 2863 expedire
1399 2818 1556 2851 intendit
1571 2830 1651 2851 cuin
1669 2818 1977 2851 reverendissimo
1994 2818 2031 2850 in
2048 2817 2193 2851 Christo
2211 2823 2311 2862 patre

446 2882 592 2914 domino
614 2881 786 2914 cardinali
808 2883 1105 2916 Ravennatensi³.
1130 2884 1235 2926 Quod
1260 2885 1390 2918 sactum
1413 2885 1545 2930 dirigat
1565 2885 1686 2918 divina
1707 2884 1897 2918 clementia
1922 2885 1959 2917 in
1980 2884 2160 2917 effectum.
2182 2883 2310 2916 Plures
