2488 3386
183 346 278 382 1383]
596 360 642 381 ΑΒ
676 360 781 382 ANNO
815 360 946 383 mecm.
978 360 1109 389 USQUE
1144 360 1191 381 An
1226 360 1490 382 BENEDICTUM
1525 361 1614 382 Χιιι.
1976 353 2040 384 313

183 432 237 456 Vid.
251 440 333 463 supra
347 440 374 463 p.
392 433 445 457 262.
464 447 493 450 —
509 434 531 456 3.
548 433 605 457 Vid.
622 442 703 464 supra
718 442 744 464 p.
762 434 815 462 255,
832 437 857 457 et
871 437 924 458 not.
937 434 975 457 41.
993 448 1022 452 —
1036 435 1060 457 4.
1077 434 1151 461 Quod
1165 433 1271 456 minime
1285 441 1375 456 verum
1391 437 1439 456 est.
1452 434 1527 457 Natio
1542 434 1643 465 Anglic.
1657 435 1820 458 concorditer
1837 444 1847 458 «
1864 436 1965 458 duobus
1981 444 2041 467 sup-

179 476 273 507 positis
286 476 399 507 demptis
416 485 427 499 »
441 477 606 506 deliberavit,
619 487 632 499 «
646 478 715 509 quod
726 486 774 509 pro
789 481 850 501 tune
866 487 916 501 non
927 478 1081 509 expediebat
1093 479 1176 501 facere
1189 486 1234 500 scu
1248 477 1350 500 mittere
1363 477 1477 508 aliquem
1488 479 1603 501 rotulum
1619 488 1641 502 n.
1656 479 1776 502 Facultns
1787 479 1865 502 ctiam
1877 479 2040 502 decretorum

179 530 192 542 α
210 520 289 552 peciit
304 521 433 544 maturius
448 521 587 544 consilium
604 530 625 545 ».
642 521 699 545 Vid.
716 522 775 545 Lib.
791 529 908 552 procur.
925 527 985 546 nat.
1002 523 1087 552 Anyl.
1109 522 1141 544 ad
1157 530 1198 544 un.
1217 522 1284 549 1382,
1304 521 1395 545 octob.
1413 523 1451 545 12.
1469 536 1494 539 —
1515 524 1538 545 5.
1558 523 1608 545 Nec
1629 522 1654 545 in
1671 523 1757 546 Indice
1778 532 1872 546 coaevo
1893 524 1925 546 ad
1946 524 2040 555 Suppl.

180 565 305 590 Clement.
323 565 369 588 Vll
386 565 412 588 in
432 566 507 589 Arch.
524 566 581 589 Vnt.
600 566 677 589 istius
696 567 775 589 rotuli
792 567 888 589 mentio
903 567 941 590 fit.
957 567 1007 594 Qui
1023 567 1086 590 ibid.
1108 567 1140 589 ad
1158 574 1199 589 un.
1219 565 1343 596 primum,
1359 566 1405 588 lib.
1422 568 1445 596 (3,
1466 566 1629 589 afferuntur:
1645 575 1655 590 «
1676 568 1783 590 Rutulus
1803 568 1997 591 canonistarum
2017 571 2042 591 et

180 609 374 641 quarum[dam]
393 609 506 633 aliarum
527 610 681 633 facultatum
697 610 840 633 scolarium
855 611 1042 634 Universitntis
1063 610 1157 638 Paris„
1179 610 1223 633 sol.
1242 618 1346 638 1-xx111;
1366 610 1467 633 rotulus
1483 610 1549 633 alius
1571 611 1711 633 scolarium
1732 612 1799 639 Par..
1819 612 1862 635 tol.
1883 619 2039 639 xxm-xxm:

179 654 280 676 rotulus
296 653 486 684 graduatorum
500 654 647 677 studiorum
660 654 744 678 Paris.
760 658 785 678 et
798 655 929 678 Aurelian.
946 655 972 678 in
988 655 1093 678 civitate
1108 654 1229 678 Avinion.
1243 653 1415 685 presentium,
1433 654 1477 677 fol.
1493 662 1608 678 (tun-CVI
1625 663 1646 682 »,
1664 663 1731 678 nunc
1748 655 1899 685 desiderati,
1917 656 2040 679 confundi

180 706 229 720 non
243 701 354 729 possunt
371 706 429 721 eum
446 698 531 721 rotulo
547 699 660 721 secundo
677 699 863 722 Universitatis
877 699 1004 730 integrae.

184 887 325 925 1475.
351 896 476 922 Clemens
498 898 549 922 VII
565 897 713 922 committit
733 898 889 932 Aymerico,
913 897 998 933 episc.
1023 897 1129 931 Paris.,
1148 905 1265 922 causam
1287 897 1366 922 Petri
1385 897 1480 930 Regis,
1503 896 1607 922 decret.
1635 896 1767 930 doctoris,
1791 905 1871 931 quem
1893 896 2040 931 collegium

267 945 373 972 decret.
389 946 535 972 doctorum
550 946 590 971 ad
605 945 753 980 legendum
769 946 921 972 admittere
936 946 1036 972 noluit.

1358 981 1433 1010 1383.
1449 982 1552 1007 danum·-
1569 981 1612 1009 24.
1628 981 1757 1007 Avenione.

267 1065 476 1098 Venerabili
496 1065 595 1098 fratri
624 1091 646 1098 ..
669 1065 842 1110 episcopo
863 1065 1059 1098 Parisiensi
1080 1064 1247 1105 salutem,
1273 1070 1336 1098 etc.
1361 1063 1526 1096 Exhibita
1554 1063 1662 1096 nobis
1691 1076 1756 1109 pro
1786 1070 1883 1108 parte
1905 1064 1967 1096 dil.
1991 1064 2040 1096 fil.

179 1131 309 1172 Petri¹,
332 1130 471 1164 abbatis
493 1131 704 1164 monasterii
727 1132 761 1164 S.
786 1131 935 1164 Taurini
960 1132 997 1163 in
1025 1130 1213 1164 suburbiis
1237 1130 1463 1171 Ebroicens„
1484 1130 1571 1163 Ord.
1597 1131 1630 1163 S.
1654 1131 1756 1171 Ben„
1780 1130 1906 1175 petitio
1929 1131 2042 1163 conti-

179 1197 287 1230 nebat
316 1198 426 1242 quod,
458 1197 544 1230 licet
576 1198 673 1230 nulla
704 1197 929 1230 rationabilis
960 1210 1065 1230 causa
1096 1197 1266 1230 subesset
1300 1209 1410 1241 quare
1441 1197 1518 1241 ipse
1550 1197 1627 1241 (qui
1658 1197 1884 1229 decretorum
1917 1197 2043 1230 doctor

179 1263 357 1296 existebat
376 1276 415 1296 ac
436 1264 610 1296 honorem
639 1264 847 1297 doctoratus
876 1264 912 1297 in
939 1264 1096 1297 decretis
1117 1264 1254 1296 eisdem
1285 1264 1321 1295 in
1350 1263 1471 1296 studio
1502 1263 1697 1296 Parisiensi
1728 1270 1914 1308 receperat
1943 1270 1978 1296 et
2006 1264 2042 1296 in

179 1330 306 1363 eodem
330 1330 451 1363 studio
472 1331 509 1362 in
536 1330 703 1364 facultate
731 1331 960 1364 decretorum
989 1331 1151 1375 ipsorum
1178 1330 1266 1363 alias
1294 1330 1503 1374 aliquandiu
1534 1331 1691 1373 rexerat)
1712 1330 1756 1362 ad
1786 1330 1986 1374 regendum
2008 1337 2043 1363 et

179 1396 373 1442 legendum
396 1397 432 1429 in
458 1397 554 1430 dicto
581 1397 702 1430 studio
724 1398 760 1429 in
785 1397 952 1430 facultate
975 1397 1137 1442 predicta
1158 1397 1296 1429 admitti
1316 1409 1389 1429 non
1411 1396 1573 1437 deberet,
1595 1396 1676 1441 quia
1698 1403 1815 1428 tamen
1837 1396 1957 1429 dilecti
1979 1396 2043 1428 filii

178 1463 338 1496 decanus
359 1469 394 1496 et
414 1463 608 1508 collegium
631 1463 810 1496 facultatis
830 1464 947 1509 ipsius
969 1464 1055 1496 dicti
1076 1464 1200 1504 studii,
1219 1464 1280 1508 qui
1301 1463 1343 1496 ad
1366 1475 1405 1495 se
1426 1463 1684 1495 admissionem
1708 1474 1864 1507 persone
1882 1463 2043 1507 regentis

178 1536 213 1562 et
237 1529 394 1575 legentis
420 1530 456 1562 in
480 1530 606 1562 eodem
629 1531 750 1563 studio
772 1531 808 1563 in
828 1530 995 1563 facultate
1018 1531 1177 1575 predicta
1199 1531 1243 1562 dc
1267 1530 1411 1574 antiqua
1434 1536 1467 1562 et
1488 1529 1682 1574 approbata
1703 1536 1738 1561 et
1758 1529 1931 1562 hactenus
1953 1530 2043 1574 paci-

178 1596 244 1629 fiee
265 1595 454 1629 observata
476 1597 743 1630 consuetudine
765 1603 934 1630 asserunt
965 1597 1163 1642 pertinere,
1186 1597 1341 1629 eundem
1363 1598 1507 1629 Petrum
1533 1595 1698 1628 abbatem
1722 1596 1766 1628 ad
1787 1596 1987 1640 regendum
2010 1602 2045 1628 et

177 1662 373 1708 legendum
400 1663 436 1695 in
458 1663 553 1696 dicto
576 1663 696 1696 studio
725 1664 760 1695 in
787 1663 953 1696 facultate
976 1663 1100 1695 eadem
1123 1663 1314 1696 admittere
1335 1669 1459 1695 contra
1484 1663 1660 1707 justitiam
1691 1662 1906 1694 recusabant
1929 1674 1935 1694 :
1963 1674 2044 1706 pre-

177 1729 270 1762 fatus
296 1730 423 1762 Petrus
451 1729 562 1762 abbas
587 1730 734 1762 eosdem
762 1730 936 1763 decanum
965 1737 997 1762 et
1024 1730 1219 1775 collegium
1249 1741 1359 1774 super
1380 1729 1460 1770 hoc,
1484 1729 1640 1774 petendo
1662 1729 1761 1773 ipsos
1785 1729 2043 1773 condempnari

177 1802 212 1828 et
240 1795 410 1840 compelli
438 1796 481 1828 ad
512 1796 773 1829 admittendum
804 1797 923 1841 ipsum
955 1798 1099 1829 Petrum
1130 1796 1173 1828 ad
1202 1796 1375 1829 lecturam
1405 1795 1628 1840 hujusmodi,
1659 1807 1777 1827 coram
1809 1795 1941 1827 dilecto
1969 1795 2043 1828 filio

178 1868 318 1894 rectore
345 1862 600 1895 Universitatis
622 1863 708 1895 dicti
737 1863 848 1896 studii
875 1863 934 1906 (ad
963 1875 1068 1907 quem
1097 1863 1257 1907 cognitio
1285 1874 1488 1904 causarum,
1510 1874 1579 1906 que
1606 1862 1796 1894 occasione
1824 1861 2040 1894 lecturarum

177 1927 387 1973 hujusmodi
409 1929 445 1960 in
466 1929 633 1962 facultate
662 1930 823 1974 predicta
849 1937 972 1962 contra
994 1941 1234 1974 quoscunque
1260 1936 1451 1962 moventur
1476 1941 1540 1973 pro
1565 1935 1725 1973 tempore
1747 1928 1790 1960 de
1819 1928 1929 1961 simili
1956 1940 2042 1960 con-

178 1994 372 2028 suetudine
402 1995 567 2028 noscitur
597 1996 793 2040 pertinere,
823 2008 896 2028 non
924 2008 966 2028 ex
994 1995 1224 2041 delegatione
1253 1995 1466 2040 apostolica)
1497 1995 1602 2028 traxit
1628 1995 1663 2027 in
1690 2006 1846 2034 causam,
1873 1995 2041 2038 idemque

178 2067 296 2094 rector
321 2061 478 2106 cognitis
507 2061 717 2106 hujusmodi
743 2074 849 2095 cause
872 2062 1010 2095 meritis
1036 2069 1071 2095 et
1092 2062 1187 2105 juris
1208 2062 1337 2094 ordine
1358 2061 1550 2094 observato
1572 2061 1794 2094 diffinitivam
1816 2067 1938 2093 contra
1965 2073 2044 2105 pre-

176 2128 267 2160 fatos
293 2127 469 2160 decanum
492 2135 526 2161 et
551 2128 745 2173 collegium
774 2121 989 2161 sententiam
1018 2128 1272 2173 promulgavit,
1298 2141 1315 2161 a
1342 2140 1410 2173 qua
1436 2140 1500 2173 pro
1529 2134 1627 2172 parte
1654 2128 1831 2160 dictorum
1854 2127 1980 2160 decani
2008 2133 2043 2160 et

176 2193 336 2239 collegii,
366 2206 443 2227 eam
474 2195 632 2239 iniquam
665 2195 741 2227 fore
772 2195 863 2227 salso
894 2195 1150 2235 asserentium,
1182 2195 1249 2227 fuit
1282 2195 1324 2227 ad
1358 2195 1480 2227 sedem
1516 2194 1750 2239 apostolicam
1787 2193 2037 2238 appellatum.

176 2261 294 2303 Quare
316 2272 380 2305 pro
402 2268 501 2305 parte
523 2261 609 2293 dicti
635 2262 730 2294 Petri
752 2261 892 2294 abbatis
918 2261 1025 2294 nobis
1048 2261 1115 2293 suit
1135 2261 1321 2293 humiliter
1342 2260 1582 2305 supplicatum
1606 2267 1644 2292 ut
1665 2262 1758 2303 (cum
1782 2260 1860 2304 ipse
1881 2260 2039 2292 decanus

177 2333 212 2359 et
231 2327 427 2372 collegium
451 2328 730 2373 appellationem
759 2328 982 2372 hujusmodi,
1006 2334 1044 2360 ut
1064 2328 1181 2372 ipsum
1205 2329 1348 2360 Petrum
1371 2339 1387 2359 a
1410 2327 1545 2359 lectura
1566 2326 1776 2371 hujusmodi
1802 2327 2037 2367 retardarent,

177 2393 481 2438 interposuerint)
507 2395 700 2439 providere
727 2395 822 2427 dicto
848 2394 973 2438 *abbati
1004 2406 1113 2439 super
1143 2394 1209 2426 hoc
1243 2394 1287 2426 de
1315 2393 1538 2438 benignitate
1568 2393 1765 2437 apostolica
1792 2393 2037 2437 dignaremur.

176 2461 249 2493 Nos
270 2460 390 2505 itaque
411 2460 621 2505 hujusmodi
643 2461 971 2506 supplicationibus
992 2461 1154 2493 inclinati
1175 2460 1387 2493 fraternitati
1410 2466 1467 2492 tue
1489 2471 1553 2504 per
1573 2459 1770 2503 apostolica
1792 2460 1923 2504 scripta
1946 2471 2038 2491 man-

176 2526 302 2559 damus
330 2527 498 2571 quatinus
533 2528 569 2560 in
598 2527 808 2572 hujusmodi
838 2527 1091 2573 appellationis
1117 2539 1223 2559 causa
1255 2527 1457 2571 procedens
1485 2526 1646 2570 legitime
1675 2526 1888 2558 sententiam
1924 2526 2035 2570 ipsam

175 2592 388 2626 confirmare
405 2593 462 2626 vel
483 2594 664 2627 infirmare
685 2594 926 2640 appellatione
948 2600 1084 2626 remota
1106 2606 1279 2638 procures
1301 2600 1406 2638 prout
1428 2593 1571 2635 dejure
1592 2592 1701 2625 fuerit
1720 2592 1936 2624 faciendum.
1960 2593 2037 2624 'Non

176 2658 418 2701 obstantibus,
441 2666 505 2693 etc.
531 2661 608 2693 Dat.
631 2661 810 2694 Avinione
833 2661 908 2705 viiij
932 2661 1000 2693 kal.
1024 2660 1224 2701 Februarii,
1243 2672 1336 2692 anno
1359 2659 1496 2704 quinto.

270 2765 331 2796 Reg.
346 2766 403 2789 vat.
420 2766 498 2789 Aven.
516 2766 656 2790 Clementis
670 2767 724 2795 VH,
742 2767 795 2791 vol.
813 2768 886 2796 XXX,
904 2768 948 2790 sol.
965 2765 1036 2789 302b.

269 2858 292 2881 1.
310 2858 378 2881 Petri
396 2867 407 2881 (t
425 2859 501 2890 Regis
516 2868 537 2885 υ,
554 2860 585 2883 de
603 2869 653 2891 quo
669 2869 750 2891 supra
766 2865 794 2883 n'·
810 2861 877 2889 1431,
896 2869 922 2892 p.
939 2861 993 2889 250,
1011 2864 1064 2883 not.
1082 2861 1101 2882 1.
1117 2873 1144 2877 —
1159 2860 1181 2883 ἱ).
1194 2859 1301 2882 Videtur
1316 2859 1347 2881 de
1361 2859 1408 2881 hnc
1422 2858 1598 2889 appellatione
1614 2858 1657 2888 agi
1673 2865 1753 2887 supra
1770 2856 1794 2878 in
1811 2856 1860 2878 tine
1873 2855 1979 2880 1111361.
1991 2863 2035 2877 scu

176 2901 264 2933 potius
277 2906 306 2924 n⁰
322 2902 407 2932 1473“,
427 2907 451 2926 et
466 2903 534 2926 intra
549 2913 576 2935 p.
592 2905 645 2928 321.

299 2949 346 2966 *ue*
364 2948 460 2973 Chare.
484 2948 559 2972 Um'v.
578 2949 671 2973 Paris.
691 2950 736 2973 111.
1881 2945 1911 2966 4⁰
