2488 3386
435 324 497 356 {³78

1009 326 1331 350 CHARTULARIUM
1366 325 1557 347 UNIVERS.
1593 325 1723 347 PARIS.

433 452 493 475 1356

433 598 493 621 1357

432 699 493 722 1358

433 801 493 824 1359

433 859 493 881 1360

432 1005 491 1028 1361

433 1107 492 1130 1362

431 1170 492 1192 1363

432 1272 443 1294 1
448 1273 492 1294 364

433 1329 492 1352 1365

433 1431 492 1454 1:366

433 1534 491 1556 1367

432 1680 492 1703 1368

433 1827 493 1849 1369

433 1884 492 1907 1370

430 1987 490 2021 1371

435 2092 492 2115 1372

433 2155 493 2177 1373

433 2217 493 2239 1374

434 2323 493 2346 1375

434 2429 494 2452 1376

435 2579 494 2603 1377

435 2641 495 2665 1378

436 2748 495 2771 1379

436 2810 496 2833 1380

568 450 634 476 1369

528 1106 672 1133 1370-1371

566 1168 630 1195 1371

567 2214 633 2240 1372

760 449 820 473 Maii
835 450 864 472 29

708 595 870 627 Septembris
889 597 918 618 26

730 698 851 722 Octobris
868 699 896 721 18

763 800 834 824 Junii
852 802 865 823 2

759 858 823 882 Julii
839 859 865 882 21

708 1007 713 1034 (
723 1005 781 1029 Vid.
790 1005 917 1034 11014732).

727 1107 847 1131 Octobris
864 1108 903 1130 20-

737 1138 859 1162 Jnnuarii
874 1141 887 1161 5

731 1170 851 1193 Januarii
867 1171 896 1193 23

722 1273 859 1296 Februarii
873 1273 902 1296 28

742 1331 840 1362 Aprilis
858 1332 887 1354 26

767 1433 828 1456 Maii
841 1434 856 1455 1.)

782 1550 812 1553 —
829 1537 858 1558 23

778 1683 845 1706 Maio

753 1830 825 1853 Junii
843 1831 872 1853 24

774 1902 804 1906 —
843 1890 873 1911 30

758 1990 822 2013 Julii
838 1991 867 2013 18

738 2092 858 2116 Octobris
875 2094 888 2116 3

720 2155 874 2178 Novembris
890 2157 903 2178 5

730 2216 851 2240 ¹Ianuarii
865 2218 894 2240 25

753 2314 803 2340 '-
863 2324 892 2346 28

724 2429 859 2452 Februarii
875 2430 903 2452 27

532 2577 671 2603 1371-1372
710 2579 860 2602 Decembris
879 2580 920 2602 16·

569 2639 635 2665 1372

748 2610 835 2632 Martii
852 2611 880 2633 24

770 2641 830 2664 Maii
847 2642 858 2664 1

750 2747 837 2770 Martii
853 2748 881 2771 17

772 2809 834 2832 Maii
849 2811 863 2833 3

946 448 1070 472 Urbanus
1081 447 1101 469 V
1115 446 1232 470 Marsilio
1246 446 1277 469 de
1293 444 1402 475 Inghen,
1415 452 1484 475 mag.
1500 443 1526 466 in
1539 447 1599 472 nrt„
1612 444 1657 475 qui
1671 447 1699 467 ut
1714 443 1809 467 asserit
1826 446 1912 466 rector
1924 442 2111 466 Universitatis
2127 441 2210 465 Paris.

977 492 1003 515 in
1019 491 1120 515 artibus
1134 490 1228 519 extitit,
1243 493 1269 513 et
1283 490 1309 513 in
1324 489 1422 512 eisdem
1438 488 1540 511 artibus
1554 496 1601 519 per
1616 496 1661 511 sex
1675 496 1757 511 annos
1775 487 1897 511 continue
1910 487 1983 515 rexit,
1999 490 2024 510 et
2038 486 2082 518 qui
2098 495 2119 510 s.
2131 486 2211 511 theol.

977 545 993 559 a
1006 536 1092 559 tribus
1106 535 1182 558 annis
1195 535 1262 558 citra
1278 533 1407 557 scholaris
1427 533 1483 561 fuit,
1500 533 1683 556 canonicatum
1699 533 1761 556 eccl.
1777 532 1976 556 Monasteriens.
1993 531 2094 554 confert
2102 547 2211 554 .....
2258 531 2302 558 188

947 594 1057 618 Carolus
1082 594 1110 621 V,
1136 601 1181 616 rex
1204 593 1374 619 Francorum,
1402 591 1546 618 scholares,
1569 590 1695 618 bedellos,
1716 590 1851 617 librarios,
1872 589 2073 616 illuminatores.
2097 591 2156 617 etc„
2179 588 2212 611 ab

978 637 1192 670 impositionibus
1208 636 1297 659 eximit
1300 650 2211 659 ....................................
2257 633 2302 655 188

947 696 1112 720 Universitas
1128 694 1212 718 Paris.
1230 694 1322 717 statuit
1342 701 1489 716 sermonem
1507 693 1533 716 in
1550 695 1615 716 festo
1631 694 1656 718 S.
1674 692 1800 716 Ludovici
1821 692 1890 715 intra
1912 691 2059 722 Collegium
2080 691 2213 714 Navarrae

977 741 1127 764 habendum
1143 747 1200 762 esse
1204 754 1744 763 ......................
1764 754 1770 771 5
1790 751 2211 761 .................
2257 734 2303 757 189

948 798 1145 829 Assignationes
1161 797 1376 820 baccalareorum
1392 795 1456 819 Ord.
1471 795 1564 818 Praed.
1579 803 1628 826 pro
1644 795 1744 818 lectura
1759 794 1785 817 in
1801 794 1888 817 studio
1901 794 1976 817 Paris
1980 810 2211 817 ..........
2258 792 2303 816 190

947 856 1057 880 Carolus
1074 856 1101 883 V,
1123 863 1167 878 rex
1183 855 1353 881 Francorum,
1373 853 1405 876 ad
1426 853 1608 884 praepositum
1631 853 1722 880 Paris„
1740 860 1771 875 ne
1791 851 1913 883 magistri
1928 851 2046 882 chirurgi
2060 850 2213 882 praeposito

978 901 1094 923 revelare
1109 902 1247 922 teneantur
1262 907 1327 930 quas
1345 898 1439 929 plagas
1453 897 1612 926 curaverint,
1628 905 1674 920 nec
1688 897 1720 920 ud
1737 896 1859 919 excubias
1875 899 1900 919 et
1912 896 2059 919 custodiam
2071 895 2213 926 januarum

978 945 1116 968 mittantur
1120 956 2212 968 ...........................................
2257 934 2300 958 191

952 1002 1110 1026 Deliberatio
1126 1001 1314 1025 Universitatis
1331 1001 1362 1023 de
1377 1008 1462 1032 poena
1486 999 1604 1023 librariis
1627 999 1779 1030 infligenda,
1796 998 1841 1030 qui
1863 998 1889 1021 in
1913 998 2062 1021 venditione
2083 997 2213 1020 librorum

978 1056 1029 1070 non
1046 1046 1110 1070 satis
1126 1046 1239 1069 fideliter
1255 1054 1282 1069 se
1297 1049 1392 1076 gerunt
1400 1059 2211 1070 ................................
2258 1036 2303 1060 192

947 1105 1090 1136 Gregorius
1106 1105 1139 1128 XI
1153 1104 1299 1127 Johannem
1314 1104 1345 1126 de
1358 1103 1450 1126 Calore
1463 1102 1488 1125 in
1506 1102 1694 1125 cancellarium
1707 1101 1771 1125 eccl.
1788 1100 1872 1124 Paris.
1889 1101 2027 1124 confirmat
2030 1116 2213 1123 ........
2258 1094 2304 1117 '¹93

947 1169 1051 1191 Statuta
1073 1175 1139 1198 quae
1161 1167 1257 1189 debent
1280 1165 1398 1197 quolibet
1417 1173 1485 1188 anno
1508 1164 1560 1195 legi
1584 1172 1643 1187 cum
1664 1164 1723 1187 aliis
1740 1171 1807 1195 quae
1826 1163 1911 1186 solent
1927 1162 1980 1194 legi
2004 1162 2031 1185 in
2050 1162 2214 1185 decretorum

979 1212 1103 1235 facultate
1119 1223 2214 1235 ...........................................
2258 1205 2305 1228 194

947 1271 1084 1293 Decretum
1101 1269 1215 1292 nationis
1231 1268 1403 1291 Picurdorum
1419 1268 1450 1291 de
1468 1267 1658 1290 contribuendo
1676 1266 1787 1297 pecunia
1794 1281 2213 1290 .................
2259 1263 2305 1286 196

947 1328 1090 1359 Gregorius
1107 1328 1139 1350 XI
1155 1327 1187 1350 ad
1207 1327 1354 1350 Johnnnem
1369 1326 1400 1349 de
1421 1326 1524 1355 Calore,
1539 1324 1726 1348 cancellarium
1746 1323 1841 1352 Puris„
1859 1326 1886 1346 ut
1900 1323 2046 1346 Jobunnem
2066 1322 2097 1345 de
2119 1322 2215 1346 Lutone

978 1373 1009 1396 de
1023 1372 1156 1401 Gerunda,
1170 1371 1234 1395 Ord.
1250 1371 1323 1399 Min.,
1343 1371 1375 1393 nd
1391 1370 1516 1401 legendas
1533 1369 1680 1393 sententias
1697 1369 1819 1392 admittat
1821 1383 2214 1391 ................
2259 1365 2305 1389 196

947 1431 1058 1454 Carolus
1074 1431 1102 1460 V,
1120 1438 1164 1453 rex
1176 1431 1345 1457 Francorum,
1363 1428 1438 1460 jubet
1453 1428 1602 1459 inquestam
1618 1427 1674 1450 ficri
1690 1427 1722 1450 de
1737 1426 1865 1449 abusibus
1881 1425 1908 1448 in
1923 1425 2127 1449 Universitatem
2143 1432 2215 1447 com-

978 1475 1066 1498 missis
1071 1485 2215 1499 .............................................
2260 1468 2305 1492 197

947 1533 1056 1557 Carolus
1072 1533 1101 1561 V,
1122 1541 1167 1555 rex
1189 1533 1359 1560 Francorum,
1383 1530 1514 1562 praecipit
1534 1533 1562 1553 ut
1579 1530 1713 1553 studentes
1730 1528 1916 1552 Universitatis
1937 1527 2031 1556 Paris„
2055 1527 2100 1559 qui
2119 1526 2217 1550 babent

979 1578 1109 1608 signetum
1126 1576 1244 1604 rectoris,
1260 1576 1326 1599 nihil
1342 1576 1446 1599 solvant
1459 1583 1507 1607 pro
1518 1574 1587 1603 vino,
1605 1576 1734 1598 frumento
1747 1573 1859 1604 aliisque
1874 1573 1952 1596 rebus
1968 1572 2035 1603 ipsis
2050 1571 2215 1595 venientibus

977 1631 1007 1645 ex
1022 1630 1111 1645 eorum
1127 1621 1260 1645 beneficiis
1269 1632 2215 1645 .....................................
2260 1615 2305 1639 198

947 1680 1105 1710 Deliberutio
1128 1683 1181 1702 nat.
1198 1679 1293 1703 Gallie.
1315 1679 1364 1702 sub
1384 1681 1556 1710 procuratore
1572 1685 1643 1708 mag.
1664 1676 1771 1700 Nieolao
1792 1676 1823 1699 de
1845 1675 2025 1706 CussangeyO,
2047 1674 2078 1697 de
2098 1682 2216 1697 remune-

978 1725 1060 1747 rando
1077 1727 1168 1747 curato
1185 1724 1210 1747 S.
1225 1723 1325 1747 Nicolni
1341 1723 1372 1746 de
1391 1722 1541 1751 Cardineto,
1557 1722 1602 1745 ubi
1618 1729 1694 1745 sacra
1712 1720 1826 1744 nationis
1841 1719 2059 1747 celebrabantur;
2076 1718 2172 1742 mentio
2188 1718 2216 1742 fit

979 1769 1057 1793 rotuli
1063 1779 2214 1793 .............................................
2260 1762 2306 1786 199

949 1827 1045 1850 Electio
1059 1827 1168 1850 rectoris
1184 1826 1295 1850 Mnrsilii
1311 1826 1342 1849 de
1358 1826 1457 1857 Inghen
1461 1837 2215 1849 ..............................
2261 1820 2307 1844 200

948 1885 1091 1916 Gregorius
1107 1885 1139 1908 XI
1154 1885 1187 1907 ad
1202 1884 1389 1907 cancellarium
1405 1883 1500 1911 Paris„
1516 1886 1545 1906 ut
1559 1881 1714 1914 Raymundo
1730 1881 1761 1905 de
1779 1881 1861 1912 Bona⁷
1880 1880 1944 1904 Ord.
1960 1879 2063 1910 Praed.,
2081 1878 2217 1910 permittat

980 1929 1126 1952 Sententias
1141 1930 1229 1960 legere
1233 1939 2215 1954 .......................................
2260 1922 2306 1945 200

948 1987 1092 2018 Gregorius
1106 1988 1137 2010 XI
1153 1988 1186 2010 ad
1200 1987 1388 2010 cancellarium
1400 1986 1495 2014 Paris„
1509 1988 1537 2008 ut
1551 1985 1698 2008 Johnnnem
1714 1984 1745 2007 de
1757 1983 1934 2014 Gutensperg,
1944 1982 2008 2006 Ord.
2025 1981 2098 2011 Min„
2114 1981 2148 2004 ad
2164 1981 2217 2005 lec-

979 2035 1066 2055 turam
1081 2032 1275 2055 Sententiarum
1292 2031 1413 2054 admittat
1417 2042 2215 2054 ................................
2260 2025 2306 2048 200

948 2091 1012 2113 Item
1025 2093 1152 2121 quantum
1168 2090 1200 2112 ad
1217 2090 1345 2113 Thomum
1361 2089 1392 2112 de
1408 2089 1499 2119 Rossy,
1517 2087 1580 2111 Ord.
1594 2087 1647 2110 Min
1651 2100 2214 2110 .......................
2259 2083 2306 2106 200

948 2153 1010 2175 Item
1026 2156 1152 2183 quantum
1167 2152 1199 2175 ad
1210 2152 1356 2175 ,Iohannem
1372 2152 1403 2174 de
1419 2152 1445 2174 S.
1459 2150 1579 2178 Nazario,
1595 2149 1659 2174 Ord.
1675 2149 1727 2172 Min
1736 2162 2213 2173 ...................
2260 2145 2303 2168 201

947 2214 1091 2245 Gregorius
1106 2215 1139 2237 XI
1159 2215 1191 2237 ad
1216 2214 1403 2237 cancellarium
1426 2213 1519 2239 Paris..
1544 2215 1572 2235 ut
1596 2211 1713 2235 Gilberto
1731 2210 1867 2234 Wichman
1887 2208 2069 2240 magisterium
2090 2208 2117 2231 in
2134 2208 2214 2231 theol.

978 2261 1110 2282 conserat.
1135 2276 1140 2282 .
1166 2268 2214 2283 .........................................
2259 2251 2302 2274 201

948 2321 1091 2352 Gregorius
1109 2322 1141 2344 XI
1158 2321 1262 2344 Ferrico
1278 2320 1418 2344 Cussinelli
1434 2319 1564 2351 permittit
1581 2318 1690 2342 Parisiis
1708 2318 1734 2341 in
1750 2317 1830 2340 theol.
1849 2319 1875 2339 et
1889 2317 1986 2339 decret.
2005 2323 2104 2346 regere,
2121 2322 2214 2345 quam-

978 2366 1017 2389 vis
1034 2366 1155 2397 magistri
1171 2369 1195 2388 et
1208 2366 1327 2388 doctores
1341 2365 1425 2388 Paris.
1444 2364 1627 2387 contradicant
1635 2377 1932 2388 ............
1952 2381 1956 2385 .
1977 2374 2214 2383 ..........
2259 2357 2302 2381 201

948 2429 1058 2452 Carolus
1075 2429 1105 2457 V,
1122 2436 1166 2451 rex
1187 2428 1356 2455 Francorum,
1374 2426 1498 2458 prohibet
1514 2435 1544 2449 ne
1559 2428 1679 2456 receptor
1699 2424 1866 2448 Ambiunens.
1886 2424 2055 2450 frumentum,
2074 2420 2143 2452 quod
2159 2420 2214 2443 veri

979 2473 1113 2496 scholares
1135 2471 1220 2495 Pau-is.
1243 2472 1374 2503 recipiunt
1389 2480 1419 2494 ex
1440 2479 1530 2494 eorum
1545 2470 1679 2493 beneficiis
1696 2469 1736 2492 vel
1754 2467 1922 2499 patrimoniO,
1939 2467 1972 2489 ad
1988 2474 2065 2489 usum
2081 2468 2214 2488 sustenta-

978 2517 1066 2545 tionis,
1084 2517 1229 2540 retineatur
1243 2526 2213 2540 ......................................
2259 2500 2304 2540 2οὲ

950 2580 1041 2602 Rector
1056 2580 1153 2602 electus
1167 2579 1313 2602 Matthaeus
1327 2579 1358 2601 de
1374 2578 1494 2601 Ilei-sino.
1511 2578 1546 2600 De
1563 2577 1635 2600 sestis
1652 2576 1698 2599 SS.
1715 2574 1847 2599 Ambrosii
1862 2577 1887 2597 et
1902 2572 2053 2604 Hieronymi
2056 2588 2215 2596 .......
2259 2575 2304 2598 202

949 2642 1092 2672 Gregorius
1110 2642 1142 2664 XI
1162 2642 1195 2664 ad
1218 2641 1333 2672 priorem
1352 2641 1502 2672 generalem
1523 2639 1586 2663 Ord.
1608 2637 1716 2662 Eremit.
1737 2637 1763 2661 S.
1784 2631 1906 2667 August-7
1928 2638 1957 2658 ut
1980 2635 2050 2657 circa
2072 2634 2214 2665 magistros

980 2686 1060 2709 theol.
1077 2686 1140 2709 Ord.
1155 2686 1248 2709 modus
1265 2685 1334 2708 idem
1347 2688 1467 2708 servetur
1482 2693 1512 2707 ac
1527 2683 1598 2715 apud
1613 2682 1819 2709 Praedicatores,
1837 2680 1949 2704 Minores
1968 2683 1992 2702 et
2008 2678 2172 2702 Carmelitas.
2183 2694 2189 2701 .
2209 2695 2215 2701 .
2259 2681 2304 2704 202

950 2748 1024 2771 Natio
1040 2748 1185 2779 Anglicana
1200 2747 1310 2779 opponit
1325 2756 1352 2771 se
1367 2747 1527 2778 quibusdam
1542 2744 1661 2769 articulis
1677 2744 1710 2767 ad
1726 2742 1882 2774 Gregorium
1897 2742 1930 2765 XI
1945 2741 2079 2764 mittendis
2084 2757 2213 2766 ......
2259 2739 2305 2762 203

950 2810 1108 2833 Deliberatio
1128 2814 1241 2841 quatuor
1257 2810 1412 2833 facultatum
1429 2807 1615 2833 Universitatis
1630 2805 1786 2830 Parisiensis
1802 2805 1833 2828 de
1849 2804 1925 2827 dictis
1946 2803 2065 2827 articulis
2081 2811 2096 2826 a
2111 2802 2215 2826 natione

983 2855 1125 2885 Anglicana
1140 2863 1191 2877 non
1209 2854 1328 2885 probatis
1333 2863 2214 2878 ...................................
2259 2846 2304 2869 205
