2488 3386
1058 364 1224 386 TABULA.
2006 356 2071 389 683

206 432 2069 450 Q*

207 478 267 501 1482

208 579 267 603 1483

206 682 266 705 1484

205 783 266 807 1485

205 1005 266 1028 1486

205 1108 264 1131 1487

205 1166 265 1188 1488

205 1224 266 1247 1489

205 1415 265 1438 1490

204 1518 263 1540 1491

204 1620 264 1643 1492

204 1723 264 1746 1493

203 1826 263 1849 1494

203 1929 263 1952 1495

202 2032 264 2055 1496

202 2093 262 2116 1497

203 2195 263 2218 1498

203 2298 263 2321 '1499

203 2356 263 2379 1500

202 2458 261 2482 1501

202 2517 263 2540 1502

203 2619 263 2642 1503

202 2841 263 2864 1504

342 478 409 504 1383

341 580 407 606 1384

541 480 605 503 Julii
621 481 636 503 4

505 582 624 605 Januarii
640 582 667 605 11

524 684 651 707 Januario

527 785 598 810 Junii
617 786 645 809 28

522 1008 607 1032 Martii
627 1010 655 1032 28

518 1111 614 1142 Aprilis
631 1112 661 1134 20

554 1171 662 1192 -22

508 1228 620 1259 Augusti
636 1229 665 1251 16

557 1434 581 1437 -
634 1422 661 1444 ‘24

514 1522 635 1546 Octobris
651 1526 665 1546 (3

481 1625 643 1656 Septembris
652 1627 691 1649 ‘28-

503 1656 624 1680 Octobris
641 1658 670 1680 '10

493 1729 647 1752 Novembris
663 1732 677 1752 (ἱ

553 1845 581 1849 -
665 1833 677 1855 7

520 1934 605 1957 Martii
622 1935 650 1957 10

550 2037 650 2059 —28

522 2095 582 2118 Maii
600 2096 628 2118 25

537 2197 608 2220 Junii
622 2198 635 2220 2

564 2301 632 2322 —8

484 2358 683 2389 Maio-Augusto

492 2460 648 2483 Novembris
664 2462 677 2483 3

555 2533 584 2536 —
649 2520 678 2542 26

494 2621 644 2644 Decembris
662 2622 673 2644 1

509 2843 628 2866 ,Ianuarii
646 2845 660 2866 9

722 480 841 504 Clemens
855 482 900 504 Vll
914 482 946 504 ad
960 482 1145 505 cancellarium
1162 482 1255 510 Paris.,
1269 486 1296 505 ut
1309 483 1413 505 Petrum
1425 483 1455 506 (le
1470 483 1609 511 Banchcio‚
1620 484 1682 507 Ord.
1695 484 1843 514 P1-and.,nd
1856 484 1980 514 legendas

754 525 901 548 Sententius
915 526 1033 557 assignet
1045 543 1979 552 .....................................
2026 529 2070 551 317

721 583 831 606 Carolus
844 584 886 612 Vl,
902 592 946 606 rex
957 584 1127 614 Francorum,
1139 584 1295 607 francliisias
1311 588 1335 607 et
1346 584 1480 607 libertates
1496 585 1667 608 Universitati
1682 593 1819 608 concessas
1835 586 1980 609 confirmat.

753 627 897 655 Ordinatio,
915 637 946 651 ne
963 629 1068 651 fraudes
1084 628 1290 657 committantur,
1307 637 1366 651 cum
1382 629 1471 651 vinnm
1490 629 1663 652 introducitur
1667 647 1979 654 ............
2026 630 2070 653 318

722 685 879 709 Deliberatio
894 686 1006 709 nationis
1020 687 1170 710 Gallicanae
1185 687 1216 709 de
1230 695 1295 709 novo
1309 687 1397 717 sigillo
1411 688 1595 714 construcnle,
1608 696 1665 710 cum
1680 688 1815 718 antiquum
1829 697 1886 710 cum
1903 696 1980 718 pecu-

752 730 795 753 nia
811 731 926 753 furatum
939 734 1017 756 esset.
1033 734 1058 754 et
1073 732 1103 754 de
1119 732 1247 762 portanda
1263 740 1323 754 arca
1339 731 1452 754 nationis
1469 732 1500 754 ad
1515 732 1654 761 colla-giam
1671 733 1803 754 Navarrae
1819 750 1824 755 .
1846 751 1850 756 .
1871 750 1877 755 .
1898 750 1903 755 .
1923 750 1928 755 .
1949 750 1954 755 .
1974 750 1980 755 .
2026 733 2070 755 :318

721 788 840 811 Clemens
854 789 898 811 Vll
913 789 1069 812 cancellario
1086 789 1169 812 Paris.
1186 789 1308 820 injungit,
1325 792 1353 812 ut
1372 789 1495 820 inquirat,
1514 797 1546 812 an
1570 789 1664 812 bodelli
1687 789 1819 812 facultatis
1838 790 1918 813 tbi-01.
1934 798 1981 821 pro

752 833 890 864 principiis
905 834 1098 857 Sententiarum
1113 834 1174 865 plus
1190 842 1268 865 quam
1284 837 1337 856 tres
1354 835 1457 856 francos
1474 833 1602 864 recipiant
1617 851 1979 858 ...............
2027 834 2071 856 319

855 904 901 928 Lis
918 904 993 929 inter
1011 905 1182 929 Facultalem
1200 905 1308 928 Decret.
1326 905 1419 928 Paris.
1438 909 1463 928 et
1482 905 1646 934 Capitulum
1663 905 1737 929 Eccl.
1756 905 1849 929 Paris.

1202 950 1316 973 (Continet
1329 952 1360 968 11⁰¹
1373 950 1503 973 1486-1489.)

723 1011 834 1038 Querela
849 1011 940 1034 decani
962 1014 987 1034 et
1008 1011 1117 1042 capituli
1139 1012 1202 1034 eccl.
1225 1011 1308 1034 Paris.
1329 1019 1417 1033 coram
1441 1011 1513 1033 curia
1537 1011 1696 1034 Pal-lamenti
1718 1015 1808 1034 contra
1834 1012 1981 1035 facultatem

753 1055 917 1078 decretorum
930 1056 961 1078 de
978 1056 1067 1078 schola
1080 1056 1177 1078 decreti
1192 1055 1217 1078 in
1232 1056 1352 1078 Claustro
1364 1056 1425 1078 eccl.
1439 1055 1512 1079 Paris
1517 1073 1982 1080 ...................
2028 1056 2073 1078 320

723 1113 821 1136 Puncta
836 1114 973 1136 tractanda
988 1113 1014 1136 in
1030 1113 1103 1136 curia
1119 1113 1278 1136 Parlamenti
1283 1130 1982 1138 ............................
2028 1113 2073 1135 325

723 1170 803 1202 Origo
819 1171 881 1197 litis.
900 1179 966 1202 quae
982 1171 1007 1193 in
1022 1171 1096 1194 curia
1111 1171 1270 1194 Parlamenti
1286 1174 1454 1194 controversa
1470 1174 1565 1198 manet,
1581 1171 1660 1193 latius
1676 1175 1814 1194 enarratur
1824 1189 1982 1196 .......
2029 1171 2073 1193 326

723 1229 841 1252 Clemens
859 1229 905 1252 Vll
926 1229 952 1252 in
974 1230 1091 1252 savorem
1113 1229 1222 1260 capituli
1244 1229 1327 1252 Paris.
1350 1229 1450 1258 statuit,
1474 1232 1502 1251 ut
1523 1228 1645 1259 deinceps
1669 1237 1735 1251 unus
1758 1229 1898 1252 canonicus
1921 1230 1982 1252 eccl.

753 1273 848 1301 Paris„
861 1274 956 1296 decret.
971 1273 1070 1302 doctor,
1086 1273 1190 1296 decreta
1204 1273 1260 1296 sine
1275 1273 1381 1296 licentia
1398 1273 1530 1296 facultatis
1547 1273 1711 1296 decretorum
1726 1273 1751 1296 in
1766 1274 1863 1296 scholis
1876 1274 1983 1297 claustri

753 1318 878 1341 ecclesiae
894 1318 977 1341 Paris.
994 1318 1081 1349 leg-ere
1096 1318 1180 1349 possit
1185 1335 1982 1342 ................................
2030 1318 2073 1340 329

722 1421 840 1444 Clemens
854 1421 901 1443 VII
916 1421 1027 1443 ilenrico
1044 1420 1205 1451 Carpentini.
1220 1420 1317 1443 decano
1334 1420 1360 1443 S.
1381 1420 1506 1445 Marcelli.
1522 1420 1652 1450 permittit
1673 1420 1705 1442 ad
1730 1420 1936 1451 quinquennium
1960 1421 1984 1443 in

752 1465 875 1488 facultate
889 1465 1033 1488 medicinae
1045 1473 1145 1496 regere,
1159 1465 1254 1495 legere,
1267 1468 1306 1487 etc
1310 1481 1984 1488 ...........................
2030 1464 2073 1486 331

722 1523 819 1546 Littera
830 1523 1016 1546 Universitatis
1029 1522 1189 1554 publicanda
1202 1530 1249 1553 per
1258 1522 1484 1552 congregationes,
1493 1530 1625 1544 sermones
1637 1525 1662 1545 et
1674 1522 1777 1544 scholas
1787 1525 1877 1545 contra
1888 1522 1985 1545 abusus

751 1571 777 1590 et
790 1567 963 1598 pecuniarum
976 1567 1140 1598 corruptelas
1156 1567 1182 1589 in
1198 1566 1326 1597 gradibus
1341 1575 1384 1589 seu
1401 1566 1514 1589 licentiis
1529 1566 1690 1597 abjiciendos
1695 1583 1985 1590 ............
2032 1566 2074 1588 331

721 1625 880 1648 Deliberatio
903 1629 956 1648 nat.
981 1625 1132 1649 Gallicanae
1154 1625 1184 1648 de
1207 1624 1304 1647 scholis
1327 1633 1397 1655 mag.
1412 1624 1540 1647 ,Iohannis
1557 1625 1587 1646 dc
1610 1624 1747 1650 Roncuria,
1771 1624 1855 1646 nuntii
1872 1624 1945 1647 missi
1962 1624 1986 1647 in

753 1670 905 1693 Flaudriam
919 1685 1985 1695 ..........................................
2032 1669 2076 1690 332

721 1729 839 1751 Clemens
855 1728 898 1751 Vll
914 1728 947 1750 ad
962 1727 1148 1750 cancellarium
1164 1727 1258 1755 Paris„
1275 1730 1303 1749 ut
1322 1727 1456 1757 Hngonem
1474 1727 1594 1757 Stoquer,
1611 1726 1674 1749 Ord.
1690 1727 1794 1755 Praed.,
1810 1727 1843 1749 ad
1860 1727 1986 1749 lecturam

753 1772 947 1796 Sententiarum
963 1772 1085 1794 admittat
1095 1787 1986 1795 ...................................
2032 1771 2076 1793 333

721 1831 927 1854 Instrumentum
943 1829 1078 1852 continens
1094 1829 1199 1851 modum
1217 1829 1330 1859 eligendi
1346 1836 1393 1859 per
1408 1828 1556 1850 facultatem
1573 1828 1720 1859 theologiae
1733 1828 1847 1859 aliquem
1859 1828 1986 1851 vicarium

751 1883 797 1898 seu
809 1875 1015 1905 vicesgcrentem
1027 1873 1118 1897 decani
1132 1873 1249 1904 ejusdem
1263 1873 1406 1900 facultatis,
1418 1872 1461 1903 qui
1478 1873 1574 1895 habeat
1589 1876 1694 1903 portare
1706 1881 1783 1895 onera
1796 1873 1875 1895 officii
1886 1873 1986 1895 decani.
2032 1873 2076 1895 3:33

720 1933 829 1956 Carolus
844 1933 886 1960 Vl,
901 1940 945 1955 rex
958 1932 1128 1960 Francorumy
1142 1931 1274 1962 approbat
1290 1930 1444 1953 sententiam
1462 1930 1620 1953 Parlamenti
1634 1930 1714 1952 latam
1730 1930 1755 1952 iu
1771 1930 1815 1952 lite
1839 1933 1907 1952 mota
1922 1930 1982 1953 intei

750 1977 955 2000 Universitatem
968 1976 1051 1999 Paris.
1068 1979 1093 1999 et
1107 1976 1253 1998 ι101111111111111
1270 1975 1369 2006 Tui-pin
1386 1975 1497 2006 equitem
1502 1991 1960 2000 ...................
1980 2004 1985 2009 ι
2032 1975 2077 1997 335

720 2035 828 2059 Rutulus
845 2034 1031 2058 Universitntis
1047 2033 1203 2057 Parisiensis
1218 2035 1401 2064 praesentatus
1417 2040 1464 2063 pcr
1477 2032 1611 2055 dominum
1624 2033 1765 2055 Waltcrum
1781 2033 1859 2063 Trayl
1864 2050 1986 2056 ......
2032 2033 2076 2055 335

719 2093 838 2117 Clemens
854 2093 900 2115 VII
915 2092 948 2114 ad
961 2091 1147 2114 cancellarium
1164 2091 1258 2118 Paris„
1274 2094 1302 2113 ut
1316 2090 1468 2113 Mic-huelem
1483 2090 1643 2118 Lucratoris,
1654 2090 1718 2113 Ord.
1734 2090 1834 2117 Praed.,
1848 2090 1879 2112 ad
1896 2090 1985 2121 legen-

750 2138 797 2160 das
814 2136 961 2160 Sententias
978 2136 1100 2159 admittat
1104 2151 1983 2159 ...................................
2030 2135 2074 2157 337

720 2196 838 2219 Clemens
856 2195 901 2217 VII
917 2194 1073 2217 cancellario
1089 2193 1183 2222 Paris.5
1200 2196 1227 2215 ut
1242 2193 1382 2216 Guillelmo
1402 2192 1502 2218 Δ1101001,
1518 2192 1580 2215 Ord.
1595 2191 1666 2221 Min„
1687 2192 1790 2222 legendi
1809 2192 1907 2214 librum
1925 2193 1984 2215 Sen-

750 2240 891 2263 tentiarum
908 2239 933 2261 in
950 2238 1036 2261 studio
1052 2237 1194 2261 Parisiensi
1210 2237 1342 2260 licentiam
1358 2236 1481 2259 concedat
1485 2253 1982 2261 ....................
2029 2237 2074 2259 338

720 2299 789 2329 Mag.
804 2298 937 2321 ,Iohannes
953 2297 984 2319 de
1000 2296 1093 2319 Trelon
1108 2304 1135 2318 se
1148 2298 1255 2318 excusat
1270 2295 1300 2317 de
1316 2295 1429 2325 quodam
1444 2294 1522 2316 verbo
1536 2294 1604 2316 dicto
1618 2302 1690 2324 mag.
1702 2294 1777 2316 Petro
1793 2294 1823 2316 de
1838 2294 1957 2318 Ailliaco.
1977 2313 1980 2317 .
2027 2295 2072 2316 338

721 2357 824 2379 Statuta
840 2358 893 2379 nat.
910 2354 1004 2378 Gallie.
1026 2354 1075 2377 snb
1098 2356 1270 2384 procuratore
1290 2361 1360 2382 mag.
1382 2352 1500 2374 Johannc
1523 2351 1614 2379 Piscis.
1631 2351 1661 2374 de
1677 2351 1799 2379 bedellis;
1819 2351 1850 2374 de
1870 2352 1981 2383 quodam

751 2400 882 2427 ltlinorita,
900 2399 944 2431 qui
957 2398 1145 2422 cancellarium
1162 2397 1246 2421 Paris.
1263 2397 1367 2420 vocavit
1382 2400 1461 2427 caput
1479 2396 1664 2419 Unum-sitatis
1670 2413 1981 2420 .............
2027 2402 2072 2424 338

721 2460 832 2483 Litterae
846 2457 1036 2481 testimoniales
1046 2456 1155 2479 rectoris
1165 2455 1351 2479 Universitatis
1364 2463 1411 2485 pro
1423 2454 1542 2477 Johannc.
1552 2454 1672 2483 Saffredi,
1688 2462 1757 2484 mag.
1773 2454 1798 2476 in
1815 2458 1863 2477 art.
1879 2458 1903 2477 et
1914 2455 1980 2478 med.
2027 2460 2071 2481 339

720 2518 838 2541 Clemens
854 2517 897 2539 Vll
914 2516 946 2538 ad
963 2514 1159 2541 cancellarium,
1173 2517 1201 2536 ut
1214 2514 1383 2537 Gnillclmum
1399 2513 1492 2538 Caron.
1511 2512 1573 2535 Ord.
1590 2512 1693 2539 Praed„
1708 2512 1734 2534 in
1753 2512 1849 2535 scholis
1866 2513 1892 2535 S.
1911 2513 1982 2535 Thu-

751 2570 808 2585 mae
823 2561 856 2584 ad
872 2561 996 2591 legendas
1014 2559 1161 2582 Sententias
1179 2558 1299 2581 admittat
1302 2573 1979 2581 ...........................
2026 2563 2070 2584 339

720 2621 839 2644 Clemens
855 2619 901 2642 VlI
923 2617 1052 2649 permittit
1073 2617 1149 2640 Petro
1173 2616 1258 2647 Regis,
1277 2615 1330 2638 filio
1350 2614 1497 2645 illegitimo,
1516 2618 1543 2636 nt
1564 2614 1624 2644 jura
1643 2622 1701 2637 can.
1717 2614 1826 2637 Parisiis
1850 2614 1936 2645 legere
1957 2618 1981 2637 ct

750 2668 842 2696 postea
858 2663 991 2686 licentiam
1007 2666 1032 2685 et
1049 2662 1200 2684 doctoratus
1217 2660 1331 2691 insignia
1347 2659 1463 2690 recipere
1475 2659 1561 2682 valeat
1565 2675 1978 2683 .................
2025 2664 2069 2686 339

760 2736 806 2760 Lis
828 2734 1025 2760 Universitatz's
1042 2733 1135 2757 Paris.
1152 2737 1252 2756 contra
1267 2732 1425 2755 Johannem
1442 2730 1608 2758 Blcmclzarc,
1627 2729 1831 2753 cancellarium
1850 2730 1941 2754 Paris.

1162 2778 1273 2801 (Continet
1286 2779 1318 2796 n(⁸
1331 2777 1465 2799 1504-15‘22.)

720 2844 852 2867 Statutum
865 2841 1051 2866 Universitatis
1068 2840 1151 2863 Pari-³.
1168 2842 1258 2862 contra
1273 2839 1372 2861 abusus
1388 2837 1542 2860 commissos
1559 2837 1583 2859 in
1601 2836 1747 2867 receptione
1763 2837 1794 2859 ad
1808 2837 1979 2860 determinan-

750 2888 812 2910 dum
828 2891 853 2911 et
868 2887 1009 2918 legendum
1025 2889 1102 2916 atque
1117 2885 1142 2907 in
1157 2883 1323 2907 licentiandis
1337 2881 1498 2905 baccalarcis
1513 2897 1979 2906 ...................
2024 2885 2068 2906 340
