2488 3386
467 338 509 370 82
1040 344 1358 367 cnswrnmmnm
1396 343 1585 365 cmv-ans.
1623 342 1754 363 PARIS.
2230 328 2328 365 [1362

467 421 644 448 celeberrimo,
662 421 693 443 de
712 428 762 451 quo
784 420 839 451 jam
859 427 947 450 snpra.
966 419 1005 442 Ct'.
1025 418 1130 446 Delisle,
1147 419 1208 442 Cab.
1227 419 1272 442 cles
1287 424 1362 445 mss„
1378 417 1423 445 111,
1438 417 1492 439 445.
1506 429 1536 433 -
1549 416 1573 438 3.
1593 414 1711 438 Gilberto
1732 414 1763 437 de
1779 413 1891 442 Celseto,
1909 414 1940 436 de
1954 421 2006 448 quo
2023 422 2113 445 suprn.
2127 428 2157 431 —
2169 415 2191 438 4.
2205 415 2236 438 In
2250 415 2327 439 Arch,

466 468 519 488 nat.
535 465 619 488 Paris.
636 465 728 487 X1a-20
744 464 855 494 (Juye's),
874 464 919 487 sol.
936 463 989 491 771²,
1007 463 1039 485 ud
1064 471 1106 486 an.
1127 463 1187 485 1362
1210 462 1298 491 (1365),
1320 461 1407 484 Martii
1428 461 1465 487 15,
1490 460 1598 483 affertur
1611 462 1640 482 ut
1655 458 1783 481 scholaris
1799 458 1825 481 in
1849 459 1898 481 suc.
1914 457 2005 487 theol„
2028 461 2053 481 et
2072 462 2178 498 curatus
2194 467 2252 490 par.
2266 460 2329 483 ecel.

466 510 492 532 S.
507 509 629 533 Germani
645 509 676 532 de
687 508 829 535 Varavilla,
845 508 927 531 dioec.
947 507 1081 538 Bajoeens.
1095 520 1126 524 —
1138 508 1160 529 5.
1179 506 1214 529 De
1229 514 1279 537 quo
1296 513 1385 536 supra.
1399 518 1430 521 —-
1444 506 1466 527 ὅ.
1483 504 1571 527 Primo
1586 503 1714 534 seriptum
1730 505 1786 525 erat
1802 510 1813 525 e(
1827 501 1852 533 vj
1870 502 1906 525 id.
1922 502 2043 526 Decemb.
2059 510 2080 531 »,
2094 502 2111 525 i.
2128 511 2150 526 c.
2167 503 2288 528 Decemh.
2304 505 2326 527 8.

470 674 610 710 1265.
633 692 648 709 «
663 682 783 709 Botulus
797 681 949 716 facultatis
965 681 1070 707 artium
1086 680 1291 706 Parisiensium
1309 688 1324 705 ›>
1340 678 1379 704 ad
1399 678 1541 703 Urbanum
1562 678 1584 704 V
1595 678 1708 703 missus.

1724 768 1726 770 ,
1744 747 1823 776 1362,
1840 746 1984 773 Novembris
1997 747 2043 773 27.

553 835 736 880 Supplicat
756 834 933 867 sanctitati
957 840 1077 866 vestre
1103 833 1230 865 devota
1252 831 1324 864 filia
1344 837 1463 864 vestra
1484 830 1702 863 universitas
1723 830 1979 874 magistrorum
2001 830 2161 864 Parisius
2182 831 2329 864 studen-

464 902 565 941 tium,
594 907 771 945 quatenus
793 900 836 932 de
858 899 962 932 solita
987 899 1210 944 benignitate
1231 904 1351 931 vestre
1373 897 1568 929 clemencia
1599 897 1636 929 in
1668 896 1837 941 personis
1858 897 2114 942 magistrorum
2140 897 2177 929 in
2198 897 2325 930 artium

462 967 628 1000 facultate
653 973 731 999 actu
758 966 959 1011 regentium
986 965 1135 1010 gratiam
1162 964 1354 1009 specialem
1382 963 1548 996 faciendo
1577 963 1714 995 eisdem
1741 963 1926 1008 magistris
1951 963 2104 996 inferius
2131 963 2325 998 nominatis

463 1034 507 1066 de
528 1033 715 1066 beneficiis
737 1031 988 1076 infrascriptis,
1011 1031 1139 1063 officiis
1159 1030 1216 1063 vel
1236 1030 1316 1063 aliis
1337 1030 1470 1074 graciis
1492 1041 1556 1062 seu
1577 1029 1664 1062 alias
1686 1029 1780 1062 sicut
1808 1036 1936 1074 petunt
2041 1030 2327 1063 misericorditer

463 1099 662 1144 dignemini
684 1098 875 1143 providere
971 1109 1050 1130 cum
1073 1097 1324 1141 acceptacione

550 1166 637 1198 Item
659 1164 756 1208 quod
776 1164 836 1196 illa
857 1163 1030 1204 clausula,
1048 1163 1191 1196 eciamsi
1207 1163 1243 1196 in
1259 1162 1402 1195 ecclesia
1418 1161 1620 1195 cathedrali
1634 1162 1780 1202 existat,
1799 1162 1836 1194 in
1856 1162 1963 1195 dictis
1984 1162 2326 1207 supplicationibus,

460 1232 496 1264 in
518 1231 650 1275 quibus
672 1230 817 1274 petitur,
835 1230 871 1262 in
893 1229 1104 1262 cancellaria
1125 1235 1285 1261 transeat
1306 1235 1338 1261 et
1361 1240 1425 1273 pro
1443 1239 1617 1261 concessa
1638 1240 1655 1261 a
1677 1228 1864 1261 sanctitate
1885 1235 2005 1262 vestra
2025 1228 2199 1262 habeatur

549 1299 635 1329 Item
657 1309 736 1329 cum
759 1296 852 1328 dicta
872 1296 1022 1328 facultas
1043 1295 1176 1328 arcium
1199 1295 1235 1327 in
1262 1294 1330 1327 hoc
1353 1294 1471 1327 rotulo
1500 1295 1547 1327 sit
1576 1295 1692 1327 divisa
1717 1295 1754 1327 in
1782 1302 1936 1340 quatuor
1961 1295 2145 1337 naciones,
2174 1307 2325 1340 quarum

460 1363 572 1408 prima
593 1369 648 1395 est
676 1362 778 1394 nacio
801 1361 997 1402 Gallicana,
1025 1361 1184 1394 secunda
1205 1361 1451 1401 Picardorum,
1479 1361 1582 1393 tertia
1612 1362 1915 1403 Normannorum⁷
1938 1367 1973 1394 et
2002 1368 2126 1406 quarta
2153 1361 2326 1407 Anglico-

459 1441 550 1470 rum,
573 1429 664 1461 etin
685 1428 835 1461 nacione
856 1428 1076 1461 Gallicorum
1104 1428 1175 1460 sint
1197 1415 1357 1472 quinque
1384 1427 1584 1472 provincie,
1612 1439 1761 1471 quarum
1793 1427 1907 1472 prima
1934 1434 1990 1460 est
2017 1428 2202 1472 provincia
2228 1428 2326 1461 Pari-

459 1493 604 1533 siensis,
632 1492 790 1525 secunda
819 1492 1055 1533 Senonensis,
1083 1492 1186 1524 tertia
1215 1491 1419 1532 Remensis,
1442 1498 1565 1536 quarta
1593 1491 1834 1532 Turonensis,
1856 1498 1891 1524 et
1918 1492 2042 1536 quinta
2071 1492 2324 1534 Bituricensis,

460 1559 660 1603 dignemini
681 1559 823 1603 pietatis
844 1558 976 1590 intuitu
997 1557 1195 1602 quamlibet
1215 1558 1390 1590 dictarum
1412 1558 1604 1590 nacionum
1625 1557 1772 1591 visitare
1800 1564 1836 1590 et
1865 1557 2002 1590 eisdem
2032 1564 2188 1591 vestram
2215 1557 2325 1604 largi-

460 1625 566 1657 fluam
587 1625 741 1669 graciam
763 1624 952 1668 impertiri.

549 1692 637 1723 Item
666 1691 697 1722 si
728 1690 896 1723 sanctitas
916 1697 1035 1723 vestra
1063 1690 1206 1723 duxerit
1238 1690 1478 1723 ordinandum
1512 1697 1552 1723 ut
1582 1690 1634 1722 illi
1665 1690 1799 1735 quibus
1829 1702 1894 1735 per
1920 1690 2071 1723 eandem
2102 1690 2325 1723 sanctitatem

461 1757 574 1802 gratia
595 1756 655 1789 fiet
683 1768 830 1788 examen
861 1756 984 1788 subire
1014 1763 1216 1797 teneantur,
1241 1756 1442 1801 dignemini
1463 1756 1533 1789 hoc
1555 1757 1779 1789 committere
1807 1757 1982 1798 Parisius,
2004 1769 2050 1789 ne
2070 1756 2142 1802 ipsi
2166 1768 2184 1790 a
2205 1756 2326 1790 studio

463 1822 706 1855 distrahantur
726 1834 765 1854 ac
793 1822 896 1854 etiam
927 1829 1075 1867 propter
1095 1822 1231 1855 viarum
1263 1822 1422 1867 pericula
1445 1829 1480 1855 et
1509 1823 1718 1856 discrimen.
1742 1824 1783 1856 Et
1804 1823 1903 1868 quod
1930 1829 2089 1856 transeat
2108 1823 2187 1856 sine
2207 1822 2326 1868 aliqua

461 1888 528 1921 alia
548 1888 715 1920 lectione.

1223 1947 1326 1968 namo
1355 1948 1556 1969 flammeam.

546 2022 681 2055 Magistro
701 2022 828 2047 Johanni
849 2022 884 2048 de
903 2022 1027 2048 Mai-chia
1047 2023 1141 2055 presb.
1158 2023 1231 2049 dioc.
1248 2024 1387 2053 Tullens„
1408 2024 1590 2057 procuratori
1606 2024 1734 2050 nacionis
1749 2024 1895 2050 Gallicane
1909 2031 1942 2050 ac
1956 2023 2110 2057 quondam
2128 2022 2326 2049 Universitatis

460 2070 622 2096 Parisiensis
636 2070 740 2096 rectori
751 2070 768 2096 ¹.

1058 2120 1175 2147 Nomina
1188 2121 1381 2155 mayistrorum
1390 2122 1532 2154 provincie
1544 2122 1719 2148 parisiensis.

548 2193 682 2226 Magistro
697 2194 809 2219 Andree
822 2194 857 2220 de
873 2194 976 2220 Sancto
991 2195 1156 2224 Clodoaldo,
1173 2196 1266 2229 presb.
1284 2197 1370 2222 Paris.
1387 2197 1459 2223 dioc.
1478 2196 1522 2232 [de
1537 2205 1641 2223 canon.
1660 2197 1774 2224 ecclesIe
1787 2197 1934 2230 collegiate
1954 2196 1980 2222 S.
1998 2195 2158 2222 Audomari
2175 2195 2206 2221 in
2222 2195 2326 2221 Sancto

460 2241 626 2267 Audomaro
640 2242 742 2270 Morin,
759 2242 854 2277 dioc.].

549 2290 683 2323 Magistro
699 2291 780 2316 Petro
794 2291 899 2316 Cosson
914 2292 949 2317 de
962 2292 1179 2325 Comininyaco,
1195 2294 1287 2326 presb.
1305 2294 1479 2328 Rothomag.
1497 2295 1570 2320 dioc.

550 2339 622 2364 Item
636 2338 735 2371 Egidio
748 2339 783 2365 de
799 2340 927 2369 Menace,
942 2340 1059 2366 Carnot.
1073 2341 1147 2366 dioc.
1166 2341 1210 2375 [de
1226 2350 1328 2367 canon.
1346 2343 1413 2368 eccl.
1432 2343 1458 2368 S.
1475 2343 1607 2369 Mederici
1623 2343 1732 2378 Paris.].

550 2387 685 2419 Magistro
700 2387 812 2413 Nicolao
827 2388 950 2417 Davidis,
968 2389 1149 2415 Parisiensi...

550 2435 684 2468 Magistro
698 2436 832 2461 Nicholao
846 2437 881 2462 de
894 2437 997 2466 Laniis,
1015 2438 1100 2463 Paris.
1116 2438 1279 2471 dyacono...

551 2484 685 2516 Magistro
700 2484 838 2510 Gausrido
853 2485 990 2514 Beruerii,
1006 2486 1165 2519 presbitero
1181 2488 1266 2513 Paris.
1284 2488 1380 2514 dioc...

551 2532 685 2565 Magistro
698 2533 835 2565 Dyonisio
848 2534 974 2559 Flatonis
981 2533 1001 2563 2,
1018 2535 1185 2567 presbitero,
1200 2537 1351 2569 quondam
1366 2537 1409 2563 bis
1425 2538 1528 2564 rectori
1541 2538 1738 2565 Universitatis
1752 2539 1850 2568 Paris,
1864 2538 2000 2565 Meldens.
2018 2538 2115 2563 dioc...

550 2580 682 2612 Magistro
698 2580 859 2606 Guillermo
872 2582 988 2614 Pagesii‚
1005 2582 1072 2608 alias
1085 2583 1120 2608 de
1134 2584 1274 2614 Narbona,
1293 2585 1450 2611 l'arisiensi.

549 2628 683 2660 Magistro
698 2629 777 2654 Adde
792 2629 955 2659 Marcscalli,
972 2631 1064 2663 presb.
1081 2632 1166 2656 Paris.
1183 2632 1280 2658 dioc...

549 2676 682 2709 Magistro
698 2677 817 2709 Symoni
832 2678 867 2703 de
882 2679 988 2708 Insula,
1002 2680 1095 2711 presb.
1113 2680 1198 2705 Paris.
1217 2681 1315 2706 dioc...

548 2725 682 2757 Magistro
697 2725 823 2750 ,Iohanni
836 2726 971 2756 Britonis,
989 2728 1073 2753 Paris.
1092 2728 1165 2754 dioc.

548 2773 682 2805 Magistro
697 2773 824 2799 Johanni
839 2774 916 2800 Ance
925 2774 945 2803 3.
964 2775 1048 2801 Paris.
1067 2776 1177 2802 clerico.

548 2821 681 2853 Magistro
695 2822 777 2848 Petro
792 2822 917 2848 Valentis
930 2823 965 2849 de
980 2824 1102 2854 Corona,
1119 2825 1267 2851 parisiensi
1281 2827 1326 2858 [de
1339 2835 1442 2853 canon.
1457 2829 1524 2854 ecel.
1540 2830 1687 2863 collegiate
1703 2830 1729 2856 S.
1747 2830 1885 2856 Germani
1899 2828 2054 2855 Autissiod.
2072 2826 2179 2861 Paris.].

549 2870 682 2902 Magistro
697 2870 779 2896 Petro
792 2871 896 2900 Til-elli,
911 2872 1004 2904 presb.
1022 2873 1107 2898 Paris.
1125 2874 1198 2900 dioc.
1214 2874 1259 2907 [de
1270 2882 1333 2900 can.
1347 2876 1444 2902 eccles.
1459 2878 1607 2911 collegiate
1618 2878 1644 2904 S.
1658 2879 1772 2904 Martini
1783 2879 1818 2905 de
1830 2878 1985 2912 Campellis
1994 2877 2025 2903 in
2037 2877 2112 2906 Bria,
2125 2875 2211 2902 Paris.
2223 2873 2334 2911 dioc.].q

582 2917 620 2940 11.
