<?xml version="1.0" encoding="UTF-8"?>
<!DOCTYPE html PUBLIC "-//W3C//DTD XHTML 1.0 Transitional//EN"
    "http://www.w3.org/TR/xhtml1/DTD/xhtml1-transitional.dtd">
<html xmlns="http://www.w3.org/1999/xhtml" xml:lang="en" lang="en">
 <head>
  <title>
</title>
<meta http-equiv="Content-Type" content="text/html;charset=utf-8" />
  <meta name='ocr-system' content='tesseract 3.04.00' />
  <meta name='ocr-capabilities' content='ocr_page ocr_carea ocr_par ocr_line ocrx_word'/>
</head>
<body>
  <div class='ocr_page' id='page_1' title='image "auctariumchartul03univuoft_0312.png"; bbox 0 0 2488 3386; ppageno 0'>
   <div class='ocr_carea' id='block_1_1' title="bbox 461 334 2321 381">
    <p class='ocr_par' dir='ltr' id='par_1_1' title="bbox 461 334 2321 381">
     <span class='ocr_line' id='line_1_1' title="bbox 461 334 2321 381; baseline -0.009 0"><span class='ocrx_word' id='word_1_1' title='bbox 461 349 522 381; x_wconf 77' lang='lat'>264</span> <span class='ocrx_word' id='word_1_2' title='bbox 1037 353 1352 376; x_wconf 74' lang='lat' dir='ltr'>GHARTULARIUM</span> <span class='ocrx_word' id='word_1_3' title='bbox 1387 350 1576 373; x_wconf 70' lang='lat' dir='ltr'>UNIVERS.</span> <span class='ocrx_word' id='word_1_4' title='bbox 1613 348 1741 371; x_wconf 65' lang='lat' dir='ltr'>ranis.</span> <span class='ocrx_word' id='word_1_5' title='bbox 2222 334 2321 371; x_wconf 88' lang='lat'>[1379</span> 
     </span>
    </p>
   </div>
   <div class='ocr_carea' id='block_1_2' title="bbox 459 420 2320 472">
    <p class='ocr_par' dir='ltr' id='par_1_2' title="bbox 459 420 2320 472">
     <span class='ocr_line' id='line_1_2' title="bbox 459 420 2320 472; baseline -0.006 -8"><span class='ocrx_word' id='word_1_6' title='bbox 459 431 647 464; x_wconf 87' lang='lat' dir='ltr'>beneficiis</span> <span class='ocrx_word' id='word_1_7' title='bbox 674 430 824 462; x_wconf 86' lang='lat' dir='ltr'>inferius</span> <span class='ocrx_word' id='word_1_8' title='bbox 850 428 1039 468; x_wconf 70' lang='lat' dir='ltr'>annotatis,</span> <span class='ocrx_word' id='word_1_9' title='bbox 1063 433 1170 472; x_wconf 87' lang='lat' dir='ltr'>prout</span> <span class='ocrx_word' id='word_1_10' title='bbox 1194 426 1230 458; x_wconf 89' lang='lat' dir='ltr'>in</span> <span class='ocrx_word' id='word_1_11' title='bbox 1256 437 1379 458; x_wconf 86' lang='lat' dir='ltr'>eorum</span> <span class='ocrx_word' id='word_1_12' title='bbox 1402 422 1730 468; x_wconf 78' lang='lat' dir='ltr'>supplicationibus</span> <span class='ocrx_word' id='word_1_13' title='bbox 1753 421 1912 466; x_wconf 85' lang='lat' dir='ltr'>singulis</span> <span class='ocrx_word' id='word_1_14' title='bbox 1934 420 2078 465; x_wconf 84' lang='lat' dir='ltr'>plenius</span> <span class='ocrx_word' id='word_1_15' title='bbox 2098 420 2320 461; x_wconf 76' lang='lat' dir='ltr'>continetur,</span> 
     </span>
    </p>
   </div>
   <div class='ocr_carea' id='block_1_3' title="bbox 461 493 1237 542">
    <p class='ocr_par' dir='ltr' id='par_1_3' title="bbox 461 493 1237 542">
     <span class='ocr_line' id='line_1_3' title="bbox 461 493 1237 542; baseline -0.008 -12"><span class='ocrx_word' id='word_1_16' title='bbox 461 497 660 542; x_wconf 83' lang='lat' dir='ltr'>dignemini</span> <span class='ocrx_word' id='word_1_17' title='bbox 683 495 968 529; x_wconf 73' lang='lat' dir='ltr'>misericorditer</span> <span class='ocrx_word' id='word_1_18' title='bbox 990 493 1237 539; x_wconf 63' lang='lat' dir='ltr'>providere...</span> 
     </span>
    </p>
   </div>
   <div class='ocr_carea' id='block_1_4' title="bbox 461 553 2321 734">
    <p class='ocr_par' dir='ltr' id='par_1_4' title="bbox 461 553 2321 734">
     <span class='ocr_line' id='line_1_4' title="bbox 550 553 2321 607; baseline -0.006 -12"><span class='ocrx_word' id='word_1_19' title='bbox 550 564 635 595; x_wconf 86' lang='lat' dir='ltr'>Item</span> <span class='ocrx_word' id='word_1_20' title='bbox 658 563 754 607; x_wconf 81' lang='lat' dir='ltr'>quod</span> <span class='ocrx_word' id='word_1_21' title='bbox 776 573 902 594; x_wconf 87' lang='lat' dir='ltr'>omnes</span> <span class='ocrx_word' id='word_1_22' title='bbox 924 568 958 593; x_wconf 90' lang='lat' dir='ltr'>et</span> <span class='ocrx_word' id='word_1_23' title='bbox 978 559 1113 604; x_wconf 83' lang='lat' dir='ltr'>singuli</span> <span class='ocrx_word' id='word_1_24' title='bbox 1136 558 1298 603; x_wconf 81' lang='lat' dir='ltr'>magistri</span> <span class='ocrx_word' id='word_1_25' title='bbox 1320 558 1413 589; x_wconf 90' lang='lat' dir='ltr'>dicte</span> <span class='ocrx_word' id='word_1_26' title='bbox 1435 556 1591 588; x_wconf 87' lang='lat' dir='ltr'>nationis</span> <span class='ocrx_word' id='word_1_27' title='bbox 1613 555 1648 587; x_wconf 90' lang='lat' dir='ltr'>in</span> <span class='ocrx_word' id='word_1_28' title='bbox 1670 555 1810 600; x_wconf 73' lang='lat' dir='ltr'>gratiiS‚</span> <span class='ocrx_word' id='word_1_29' title='bbox 1833 554 1878 586; x_wconf 94' lang='lat' dir='ltr'>de</span> <span class='ocrx_word' id='word_1_30' title='bbox 1899 553 2032 599; x_wconf 84' lang='lat' dir='ltr'>quibus</span> <span class='ocrx_word' id='word_1_31' title='bbox 2053 553 2160 587; x_wconf 89' lang='lat' dir='ltr'>fuerit</span> <span class='ocrx_word' id='word_1_32' title='bbox 2183 553 2236 586; x_wconf 88' lang='lat' dir='ltr'>eis</span> <span class='ocrx_word' id='word_1_33' title='bbox 2259 565 2321 598; x_wconf 85' lang='lat' dir='ltr'>per</span> 
     </span>
     <span class='ocr_line' id='line_1_5' title="bbox 461 619 2320 672; baseline -0.006 -10"><span class='ocrx_word' id='word_1_34' title='bbox 461 630 683 662; x_wconf 76' lang='lat' dir='ltr'>sanctitatem</span> <span class='ocrx_word' id='word_1_35' title='bbox 706 635 858 661; x_wconf 89' lang='lat' dir='ltr'>vestram</span> <span class='ocrx_word' id='word_1_36' title='bbox 883 627 1066 672; x_wconf 90' lang='lat' dir='ltr'>provisum</span> <span class='ocrx_word' id='word_1_37' title='bbox 1094 626 1129 658; x_wconf 92' lang='lat' dir='ltr'>in</span> <span class='ocrx_word' id='word_1_38' title='bbox 1156 624 1339 670; x_wconf 87' lang='lat' dir='ltr'>provincia</span> <span class='ocrx_word' id='word_1_39' title='bbox 1362 622 1659 666; x_wconf 67' lang='lat' dir='ltr'>Rothoinagensi,</span> <span class='ocrx_word' id='word_1_40' title='bbox 1682 621 1813 654; x_wconf 88' lang='lat' dir='ltr'>ceteris</span> <span class='ocrx_word' id='word_1_41' title='bbox 1834 620 1982 653; x_wconf 87' lang='lat' dir='ltr'>aliarum</span> <span class='ocrx_word' id='word_1_42' title='bbox 2006 620 2190 653; x_wconf 91' lang='lat' dir='ltr'>nationum</span> <span class='ocrx_word' id='word_1_43' title='bbox 2212 619 2320 665; x_wconf 90' lang='lat' dir='ltr'>impe-</span> 
     </span>
     <span class='ocr_line' id='line_1_6' title="bbox 462 686 2321 734; baseline -0.005 -6"><span class='ocrx_word' id='word_1_44' title='bbox 462 695 637 728; x_wconf 86' lang='lat' dir='ltr'>trantihus</span> <span class='ocrx_word' id='word_1_45' title='bbox 666 695 798 727; x_wconf 87' lang='lat' dir='ltr'>ibidem</span> <span class='ocrx_word' id='word_1_46' title='bbox 832 694 866 726; x_wconf 91' lang='lat' dir='ltr'>iu</span> <span class='ocrx_word' id='word_1_47' title='bbox 896 706 980 726; x_wconf 84' lang='lat' dir='ltr'>casu</span> <span class='ocrx_word' id='word_1_48' title='bbox 1010 690 1311 725; x_wconf 86' lang='lat' dir='ltr'>concurrentibus</span> <span class='ocrx_word' id='word_1_49' title='bbox 1343 689 1580 734; x_wconf 86' lang='lat' dir='ltr'>preferantur.</span> <span class='ocrx_word' id='word_1_50' title='bbox 1613 689 1691 720; x_wconf 88' lang='lat' dir='ltr'>Non</span> <span class='ocrx_word' id='word_1_51' title='bbox 1719 686 1886 720; x_wconf 88' lang='lat' dir='ltr'>obstante</span> <span class='ocrx_word' id='word_1_52' title='bbox 1914 686 2175 720; x_wconf 89' lang='lat' dir='ltr'>constitutione</span> <span class='ocrx_word' id='word_1_53' title='bbox 2200 692 2321 719; x_wconf 85' lang='lat' dir='ltr'>vestre</span> 
     </span>
    </p>
   </div>
   <div class='ocr_carea' id='block_1_5' title="bbox 461 759 1210 794">
    <p class='ocr_par' dir='ltr' id='par_1_5' title="bbox 461 759 1210 794">
     <span class='ocr_line' id='line_1_7' title="bbox 461 759 1210 794; baseline -0.007 0"><span class='ocrx_word' id='word_1_54' title='bbox 461 761 672 794; x_wconf 80' lang='lat' dir='ltr'>cancellarie</span> <span class='ocrx_word' id='word_1_55' title='bbox 693 761 833 793; x_wconf 91' lang='lat' dir='ltr'>noviter</span> <span class='ocrx_word' id='word_1_56' title='bbox 855 760 948 792; x_wconf 86' lang='lat' dir='ltr'>edite</span> <span class='ocrx_word' id='word_1_57' title='bbox 970 766 1008 791; x_wconf 89' lang='lat' dir='ltr'>ut</span> <span class='ocrx_word' id='word_1_58' title='bbox 1028 759 1063 790; x_wconf 91' lang='lat' dir='ltr'>in</span> <span class='ocrx_word' id='word_1_59' title='bbox 1085 759 1210 790; x_wconf 86' lang='lat' dir='ltr'>forma.</span> 
     </span>
    </p>
   </div>
   <div class='ocr_carea' id='block_1_6' title="bbox 457 843 2347 2876">
    <p class='ocr_par' dir='ltr' id='par_1_6' title="bbox 461 843 2323 933">
     <span class='ocr_line' id='line_1_8' title="bbox 550 843 2323 882; baseline -0.005 -5"><span class='ocrx_word' id='word_1_60' title='bbox 550 852 646 877; x_wconf 91' lang='lat' dir='ltr'>Primo</span> <span class='ocrx_word' id='word_1_61' title='bbox 661 852 770 876; x_wconf 86' lang='lat' dir='ltr'>Thome</span> <span class='ocrx_word' id='word_1_62' title='bbox 786 848 1049 882; x_wconf 78' lang='lat' dir='ltr'>Blanchcchappe⁴‚</span> <span class='ocrx_word' id='word_1_63' title='bbox 1070 849 1136 874; x_wconf 89' lang='lat' dir='ltr'>cler.</span> <span class='ocrx_word' id='word_1_64' title='bbox 1160 848 1251 873; x_wconf 87' lang='lat' dir='ltr'>Baioc.</span> <span class='ocrx_word' id='word_1_65' title='bbox 1269 847 1355 874; x_wconf 84' lang='lat' dir='ltr'>dioc..</span> <span class='ocrx_word' id='word_1_66' title='bbox 1372 854 1449 879; x_wconf 87' lang='lat' dir='ltr'>mag.</span> <span class='ocrx_word' id='word_1_67' title='bbox 1467 846 1497 871; x_wconf 92' lang='lat' dir='ltr'>in</span> <span class='ocrx_word' id='word_1_68' title='bbox 1517 847 1569 871; x_wconf 88' lang='lat' dir='ltr'>art.</span> <span class='ocrx_word' id='word_1_69' title='bbox 1593 846 1622 871; x_wconf 81' lang='lat' dir='ltr'>et</span> <span class='ocrx_word' id='word_1_70' title='bbox 1642 844 1824 878; x_wconf 81' lang='lat' dir='ltr'>procuratori</span> <span class='ocrx_word' id='word_1_71' title='bbox 1846 845 1906 870; x_wconf 84' lang='lat' dir='ltr'>nat.</span> <span class='ocrx_word' id='word_1_72' title='bbox 1923 844 2031 873; x_wconf 76' lang='lat' dir='ltr'>Norm..</span> <span class='ocrx_word' id='word_1_73' title='bbox 2053 843 2130 869; x_wconf 91' lang='lat' dir='ltr'>stud.</span> <span class='ocrx_word' id='word_1_74' title='bbox 2152 843 2275 870; x_wconf 87' lang='lat' dir='ltr'>Parisius</span> <span class='ocrx_word' id='word_1_75' title='bbox 2291 843 2323 869; x_wconf 91' lang='lat' dir='ltr'>in</span> 
     </span>
     <span class='ocr_line' id='line_1_9' title="bbox 461 898 1038 933; baseline -0.007 -7"><span class='ocrx_word' id='word_1_76' title='bbox 461 901 538 926; x_wconf 90' lang='lat' dir='ltr'>med.</span> <span class='ocrx_word' id='word_1_77' title='bbox 554 900 584 925; x_wconf 90' lang='lat' dir='ltr'>in</span> <span class='ocrx_word' id='word_1_78' title='bbox 600 900 705 933; x_wconf 90' lang='lat' dir='ltr'>quinto</span> <span class='ocrx_word' id='word_1_79' title='bbox 719 907 797 925; x_wconf 89' lang='lat' dir='ltr'>anno</span> <span class='ocrx_word' id='word_1_80' title='bbox 810 907 859 924; x_wconf 90' lang='lat' dir='ltr'>sue</span> <span class='ocrx_word' id='word_1_81' title='bbox 875 898 1038 924; x_wconf 83' lang='lat' dir='ltr'>auditionis.</span> 
     </span>
    </p>

    <p class='ocr_par' dir='ltr' id='par_1_7' title="bbox 458 941 2323 1076">
     <span class='ocr_line' id='line_1_10' title="bbox 548 941 2321 980; baseline -0.005 -6"><span class='ocrx_word' id='word_1_82' title='bbox 548 949 708 974; x_wconf 86' lang='lat' dir='ltr'>Guillermo</span> <span class='ocrx_word' id='word_1_83' title='bbox 723 947 844 976; x_wconf 87' lang='lat' dir='ltr'>Gorrcn,</span> <span class='ocrx_word' id='word_1_84' title='bbox 862 947 954 980; x_wconf 81' lang='lat' dir='ltr'>presb.</span> <span class='ocrx_word' id='word_1_85' title='bbox 967 946 1002 971; x_wconf 83' lang='lat' dir='ltr'>de</span> <span class='ocrx_word' id='word_1_86' title='bbox 1018 946 1211 978; x_wconf 81' lang='lat' dir='ltr'>Rothornago,</span> <span class='ocrx_word' id='word_1_87' title='bbox 1229 952 1305 977; x_wconf 88' lang='lat' dir='ltr'>mag.</span> <span class='ocrx_word' id='word_1_88' title='bbox 1323 944 1353 969; x_wconf 90' lang='lat' dir='ltr'>in</span> <span class='ocrx_word' id='word_1_89' title='bbox 1368 945 1434 973; x_wconf 80' lang='lat' dir='ltr'>art..</span> <span class='ocrx_word' id='word_1_90' title='bbox 1450 951 1466 969; x_wconf 91' lang='lat' dir='ltr'>a</span> <span class='ocrx_word' id='word_1_91' title='bbox 1482 951 1587 969; x_wconf 89' lang='lat' dir='ltr'>novem</span> <span class='ocrx_word' id='word_1_92' title='bbox 1605 943 1690 968; x_wconf 86' lang='lat' dir='ltr'>annis</span> <span class='ocrx_word' id='word_1_93' title='bbox 1704 942 1774 968; x_wconf 88' lang='lat' dir='ltr'>citra</span> <span class='ocrx_word' id='word_1_94' title='bbox 1792 943 1859 967; x_wconf 86' lang='lat' dir='ltr'>actu</span> <span class='ocrx_word' id='word_1_95' title='bbox 1875 942 1987 974; x_wconf 87' lang='lat' dir='ltr'>regenti</span> <span class='ocrx_word' id='word_1_96' title='bbox 2004 941 2127 967; x_wconf 86' lang='lat' dir='ltr'>Parisius</span> <span class='ocrx_word' id='word_1_97' title='bbox 2142 941 2172 966; x_wconf 92' lang='lat' dir='ltr'>in</span> <span class='ocrx_word' id='word_1_98' title='bbox 2185 942 2240 967; x_wconf 84' lang='lat' dir='ltr'>art.</span> <span class='ocrx_word' id='word_1_99' title='bbox 2257 941 2321 970; x_wconf 79' lang='lat' dir='ltr'>sac..</span> 
     </span>
     <span class='ocr_line' id='line_1_11' title="bbox 458 990 2323 1026; baseline -0.004 -3"><span class='ocrx_word' id='word_1_100' title='bbox 458 1005 490 1023; x_wconf 87' lang='lat' dir='ltr'>ac</span> <span class='ocrx_word' id='word_1_101' title='bbox 504 997 626 1023; x_wconf 87' lang='lat' dir='ltr'>totidem</span> <span class='ocrx_word' id='word_1_102' title='bbox 641 997 724 1022; x_wconf 90' lang='lat' dir='ltr'>annis</span> <span class='ocrx_word' id='word_1_103' title='bbox 740 996 867 1022; x_wconf 83' lang='lat' dir='ltr'>studenti</span> <span class='ocrx_word' id='word_1_104' title='bbox 883 995 912 1020; x_wconf 88' lang='lat' dir='ltr'>in</span> <span class='ocrx_word' id='word_1_105' title='bbox 928 1003 947 1020; x_wconf 84' lang='lat' dir='ltr'>s.</span> <span class='ocrx_word' id='word_1_106' title='bbox 971 995 1058 1020; x_wconf 86' lang='lat' dir='ltr'>theol.</span> <span class='ocrx_word' id='word_1_107' title='bbox 1078 994 1141 1023; x_wconf 81' lang='lat' dir='ltr'>sac.,</span> <span class='ocrx_word' id='word_1_108' title='bbox 1156 995 1288 1026; x_wconf 88' lang='lat' dir='ltr'>tempore</span> <span class='ocrx_word' id='word_1_109' title='bbox 1300 1000 1350 1019; x_wconf 88' lang='lat' dir='ltr'>sue</span> <span class='ocrx_word' id='word_1_110' title='bbox 1364 992 1522 1018; x_wconf 85' lang='lat' dir='ltr'>auditionis</span> <span class='ocrx_word' id='word_1_111' title='bbox 1538 993 1660 1021; x_wconf 83' lang='lat' dir='ltr'>attento.</span> <span class='ocrx_word' id='word_1_112' title='bbox 1680 992 1780 1024; x_wconf 83' lang='lat' dir='ltr'>parato</span> <span class='ocrx_word' id='word_1_113' title='bbox 1798 991 1829 1016; x_wconf 89' lang='lat' dir='ltr'>in</span> <span class='ocrx_word' id='word_1_114' title='bbox 1844 990 1946 1017; x_wconf 89' lang='lat' dir='ltr'>eadem</span> <span class='ocrx_word' id='word_1_115' title='bbox 1961 991 2055 1024; x_wconf 84' lang='lat' dir='ltr'>legere</span> <span class='ocrx_word' id='word_1_116' title='bbox 2076 997 2177 1016; x_wconf 81' lang='lat' dir='ltr'>cursus</span> <span class='ocrx_word' id='word_1_117' title='bbox 2198 997 2274 1019; x_wconf 75' lang='lat' dir='ltr'>suos.</span> <span class='ocrx_word' id='word_1_118' title='bbox 2294 991 2323 1016; x_wconf 85' lang='lat' dir='ltr'>et</span> 
     </span>
     <span class='ocr_line' id='line_1_12' title="bbox 458 1042 1717 1076; baseline -0.005 -5"><span class='ocrx_word' id='word_1_119' title='bbox 458 1045 583 1071; x_wconf 86' lang='lat' dir='ltr'>secunda</span> <span class='ocrx_word' id='word_1_120' title='bbox 596 1046 654 1070; x_wconf 90' lang='lat' dir='ltr'>vice</span> <span class='ocrx_word' id='word_1_121' title='bbox 667 1045 768 1070; x_wconf 80' lang='lat' dir='ltr'>rectori</span> <span class='ocrx_word' id='word_1_122' title='bbox 782 1044 979 1070; x_wconf 85' lang='lat' dir='ltr'>Universitatis</span> <span class='ocrx_word' id='word_1_123' title='bbox 992 1043 1077 1069; x_wconf 84' lang='lat' dir='ltr'>Paris.</span> <span class='ocrx_word' id='word_1_124' title='bbox 1086 1042 1105 1068; x_wconf 86' lang='lat'>&#39;-’.</span> <span class='ocrx_word' id='word_1_125' title='bbox 1715 1074 1717 1076; x_wconf 21' lang='grc' dir='ltr'><strong><em>ι</em></strong></span> 
     </span>
    </p>

    <p class='ocr_par' dir='ltr' id='par_1_8' title="bbox 458 1088 2321 1175">
     <span class='ocr_line' id='line_1_13' title="bbox 546 1088 2321 1124; baseline -0.003 -5"><span class='ocrx_word' id='word_1_126' title='bbox 546 1094 671 1119; x_wconf 84' lang='lat' dir='ltr'>Johanni</span> <span class='ocrx_word' id='word_1_127' title='bbox 687 1094 721 1119; x_wconf 89' lang='lat' dir='ltr'>de</span> <span class='ocrx_word' id='word_1_128' title='bbox 738 1094 903 1121; x_wconf 85' lang='lat' dir='ltr'>Pertusone,</span> <span class='ocrx_word' id='word_1_129' title='bbox 920 1092 986 1117; x_wconf 83' lang='lat' dir='ltr'>cler.</span> <span class='ocrx_word' id='word_1_130' title='bbox 1003 1092 1177 1124; x_wconf 85' lang='lat' dir='ltr'>Rothomag.</span> <span class='ocrx_word' id='word_1_131' title='bbox 1192 1091 1278 1120; x_wconf 86' lang='lat' dir='ltr'>dioc.‚</span> <span class='ocrx_word' id='word_1_132' title='bbox 1296 1098 1372 1123; x_wconf 88' lang='lat' dir='ltr'>mag.</span> <span class='ocrx_word' id='word_1_133' title='bbox 1389 1090 1420 1115; x_wconf 92' lang='lat' dir='ltr'>in</span> <span class='ocrx_word' id='word_1_134' title='bbox 1435 1091 1488 1115; x_wconf 83' lang='lat' dir='ltr'>art.</span> <span class='ocrx_word' id='word_1_135' title='bbox 1507 1097 1522 1115; x_wconf 92' lang='lat' dir='ltr'>a</span> <span class='ocrx_word' id='word_1_136' title='bbox 1537 1097 1583 1115; x_wconf 87' lang='lat' dir='ltr'>sex</span> <span class='ocrx_word' id='word_1_137' title='bbox 1596 1089 1680 1115; x_wconf 89' lang='lat' dir='ltr'>annis</span> <span class='ocrx_word' id='word_1_138' title='bbox 1695 1089 1775 1118; x_wconf 79' lang='lat' dir='ltr'>citra,</span> <span class='ocrx_word' id='word_1_139' title='bbox 1792 1090 1858 1114; x_wconf 85' lang='lat' dir='ltr'>actu</span> <span class='ocrx_word' id='word_1_140' title='bbox 1876 1088 1985 1121; x_wconf 72' lang='lat' dir='ltr'>regenti</span> <span class='ocrx_word' id='word_1_141' title='bbox 2007 1088 2035 1114; x_wconf 86' lang='lat' dir='ltr'>in</span> <span class='ocrx_word' id='word_1_142' title='bbox 2051 1089 2161 1114; x_wconf 86' lang='lat' dir='ltr'>artium</span> <span class='ocrx_word' id='word_1_143' title='bbox 2176 1088 2321 1118; x_wconf 75' lang='lat' dir='ltr'>facultate.</span> 
     </span>
     <span class='ocr_line' id='line_1_14' title="bbox 458 1130 1854 1175; baseline -0.003 -8"><span class='ocrx_word' id='word_1_144' title='bbox 458 1130 617 1175; x_wconf 81' lang='lat' dir='ltr'>paratoque</span> <span class='ocrx_word' id='word_1_145' title='bbox 633 1143 725 1175; x_wconf 80' lang='lat' dir='ltr'>legere</span> <span class='ocrx_word' id='word_1_146' title='bbox 740 1149 840 1167; x_wconf 87' lang='lat' dir='ltr'>cursus</span> <span class='ocrx_word' id='word_1_147' title='bbox 854 1149 919 1166; x_wconf 86' lang='lat' dir='ltr'>suos</span> <span class='ocrx_word' id='word_1_148' title='bbox 932 1141 960 1166; x_wconf 91' lang='lat' dir='ltr'>in</span> <span class='ocrx_word' id='word_1_149' title='bbox 975 1149 995 1166; x_wconf 92' lang='lat' dir='ltr'>s.</span> <span class='ocrx_word' id='word_1_150' title='bbox 1012 1140 1100 1166; x_wconf 90' lang='lat' dir='ltr'>theol.</span> <span class='ocrx_word' id='word_1_151' title='bbox 1119 1141 1170 1166; x_wconf 85' lang='lat' dir='ltr'>sac.</span> <span class='ocrx_word' id='word_1_152' title='bbox 1186 1141 1297 1165; x_wconf 87' lang='lat' dir='ltr'>attento</span> <span class='ocrx_word' id='word_1_153' title='bbox 1313 1141 1445 1172; x_wconf 88' lang='lat' dir='ltr'>tempore</span> <span class='ocrx_word' id='word_1_154' title='bbox 1460 1146 1510 1164; x_wconf 87' lang='lat' dir='ltr'>sue</span> <span class='ocrx_word' id='word_1_155' title='bbox 1525 1138 1682 1164; x_wconf 84' lang='lat' dir='ltr'>auditionis</span> <span class='ocrx_word' id='word_1_156' title='bbox 1698 1138 1728 1163; x_wconf 92' lang='lat' dir='ltr'>in</span> <span class='ocrx_word' id='word_1_157' title='bbox 1743 1138 1854 1164; x_wconf 84' lang='lat' dir='ltr'>eadem.</span> 
     </span>
    </p>

    <p class='ocr_par' dir='ltr' id='par_1_9' title="bbox 459 1185 2324 1271">
     <span class='ocr_line' id='line_1_15' title="bbox 547 1185 2324 1221; baseline -0.002 -6"><span class='ocrx_word' id='word_1_158' title='bbox 547 1190 708 1216; x_wconf 89' lang='lat' dir='ltr'>Guillcrmo</span> <span class='ocrx_word' id='word_1_159' title='bbox 723 1190 758 1215; x_wconf 90' lang='lat' dir='ltr'>dc</span> <span class='ocrx_word' id='word_1_160' title='bbox 771 1190 907 1218; x_wconf 78' lang='lat' dir='ltr'>Gardino,</span> <span class='ocrx_word' id='word_1_161' title='bbox 925 1190 991 1215; x_wconf 85' lang='lat' dir='ltr'>cler.</span> <span class='ocrx_word' id='word_1_162' title='bbox 1007 1189 1180 1221; x_wconf 82' lang='lat' dir='ltr'>Rothomag.</span> <span class='ocrx_word' id='word_1_163' title='bbox 1197 1189 1282 1217; x_wconf 77' lang='lat' dir='ltr'>dioc..</span> <span class='ocrx_word' id='word_1_164' title='bbox 1300 1195 1378 1221; x_wconf 86' lang='lat' dir='ltr'>mag.</span> <span class='ocrx_word' id='word_1_165' title='bbox 1396 1188 1426 1213; x_wconf 91' lang='lat' dir='ltr'>in</span> <span class='ocrx_word' id='word_1_166' title='bbox 1441 1189 1508 1216; x_wconf 79' lang='lat' dir='ltr'>art..</span> <span class='ocrx_word' id='word_1_167' title='bbox 1529 1187 1580 1220; x_wconf 93' lang='lat' dir='ltr'>qui</span> <span class='ocrx_word' id='word_1_168' title='bbox 1596 1187 1625 1212; x_wconf 92' lang='lat' dir='ltr'>in</span> <span class='ocrx_word' id='word_1_169' title='bbox 1646 1188 1699 1212; x_wconf 83' lang='lat' dir='ltr'>art.</span> <span class='ocrx_word' id='word_1_170' title='bbox 1723 1187 1775 1212; x_wconf 83' lang='lat' dir='ltr'>sac.</span> <span class='ocrx_word' id='word_1_171' title='bbox 1795 1187 1867 1212; x_wconf 90' lang='lat' dir='ltr'>rexit</span> <span class='ocrx_word' id='word_1_172' title='bbox 1883 1194 1934 1219; x_wconf 88' lang='lat' dir='ltr'>per</span> <span class='ocrx_word' id='word_1_173' title='bbox 1949 1187 2059 1219; x_wconf 82' lang='lat' dir='ltr'>septem</span> <span class='ocrx_word' id='word_1_174' title='bbox 2079 1193 2170 1212; x_wconf 89' lang='lat' dir='ltr'>annos</span> <span class='ocrx_word' id='word_1_175' title='bbox 2185 1185 2324 1212; x_wconf 86' lang='lat' dir='ltr'>continue</span> 
     </span>
     <span class='ocr_line' id='line_1_16' title="bbox 459 1235 1588 1271; baseline -0.004 -6"><span class='ocrx_word' id='word_1_176' title='bbox 459 1239 579 1265; x_wconf 85' lang='lat' dir='ltr'>Parisius</span> <span class='ocrx_word' id='word_1_177' title='bbox 594 1247 625 1264; x_wconf 90' lang='lat' dir='ltr'>ac</span> <span class='ocrx_word' id='word_1_178' title='bbox 640 1239 700 1264; x_wconf 86' lang='lat' dir='ltr'>bac.</span> <span class='ocrx_word' id='word_1_179' title='bbox 721 1239 750 1264; x_wconf 88' lang='lat' dir='ltr'>in</span> <span class='ocrx_word' id='word_1_180' title='bbox 766 1238 866 1267; x_wconf 75' lang='lat' dir='ltr'>theol..</span> <span class='ocrx_word' id='word_1_181' title='bbox 884 1238 999 1271; x_wconf 81' lang='lat' dir='ltr'>fuitque</span> <span class='ocrx_word' id='word_1_182' title='bbox 1012 1239 1104 1263; x_wconf 84' lang='lat' dir='ltr'>rector</span> <span class='ocrx_word' id='word_1_183' title='bbox 1119 1237 1316 1263; x_wconf 83' lang='lat' dir='ltr'>Universitatis</span> <span class='ocrx_word' id='word_1_184' title='bbox 1331 1237 1416 1262; x_wconf 87' lang='lat' dir='ltr'>Paris.</span> <span class='ocrx_word' id='word_1_185' title='bbox 1434 1235 1588 1269; x_wconf 86' lang='lat' dir='ltr'>predicte³.</span> 
     </span>
    </p>

    <p class='ocr_par' dir='ltr' id='par_1_10' title="bbox 457 1283 2322 1368">
     <span class='ocr_line' id='line_1_17' title="bbox 546 1283 2322 1320; baseline -0.002 -7"><span class='ocrx_word' id='word_1_186' title='bbox 546 1287 672 1313; x_wconf 92' lang='lat' dir='ltr'>Johanni</span> <span class='ocrx_word' id='word_1_187' title='bbox 688 1286 878 1320; x_wconf 74' lang='lat' dir='ltr'>Vauquelot⁴,</span> <span class='ocrx_word' id='word_1_188' title='bbox 894 1287 960 1312; x_wconf 90' lang='lat' dir='ltr'>cler.</span> <span class='ocrx_word' id='word_1_189' title='bbox 984 1286 1147 1312; x_wconf 84' lang='lat' dir='ltr'>Lexoviens.</span> <span class='ocrx_word' id='word_1_190' title='bbox 1163 1286 1248 1315; x_wconf 74' lang='lat' dir='ltr'>dioc,</span> <span class='ocrx_word' id='word_1_191' title='bbox 1270 1293 1349 1318; x_wconf 84' lang='lat' dir='ltr'>mag.</span> <span class='ocrx_word' id='word_1_192' title='bbox 1365 1286 1395 1311; x_wconf 90' lang='lat' dir='ltr'>in</span> <span class='ocrx_word' id='word_1_193' title='bbox 1410 1287 1477 1314; x_wconf 60' lang='lat' dir='ltr'>art„</span> <span class='ocrx_word' id='word_1_194' title='bbox 1494 1285 1674 1318; x_wconf 80' lang='lat' dir='ltr'>procuratori</span> <span class='ocrx_word' id='word_1_195' title='bbox 1691 1284 1816 1310; x_wconf 89' lang='lat' dir='ltr'>nationis</span> <span class='ocrx_word' id='word_1_196' title='bbox 1831 1284 1967 1310; x_wconf 85' lang='lat' dir='ltr'>Norman.</span> <span class='ocrx_word' id='word_1_197' title='bbox 1986 1285 2117 1317; x_wconf 85' lang='lat' dir='ltr'>tempore</span> <span class='ocrx_word' id='word_1_198' title='bbox 2132 1283 2237 1309; x_wconf 85' lang='lat' dir='ltr'>ultime</span> <span class='ocrx_word' id='word_1_199' title='bbox 2251 1290 2322 1309; x_wconf 84' lang='lat' dir='ltr'>con-</span> 
     </span>
     <span class='ocr_line' id='line_1_18' title="bbox 457 1333 1972 1368; baseline -0.002 -7"><span class='ocrx_word' id='word_1_200' title='bbox 457 1336 593 1362; x_wconf 90' lang='lat' dir='ltr'>clusionis</span> <span class='ocrx_word' id='word_1_201' title='bbox 608 1336 688 1361; x_wconf 91' lang='lat' dir='ltr'>istius</span> <span class='ocrx_word' id='word_1_202' title='bbox 703 1336 801 1365; x_wconf 80' lang='lat' dir='ltr'>rotuli,</span> <span class='ocrx_word' id='word_1_203' title='bbox 816 1337 882 1361; x_wconf 84' lang='lat' dir='ltr'>actu</span> <span class='ocrx_word' id='word_1_204' title='bbox 894 1335 1005 1368; x_wconf 82' lang='lat' dir='ltr'>regenti</span> <span class='ocrx_word' id='word_1_205' title='bbox 1021 1335 1051 1360; x_wconf 93' lang='lat' dir='ltr'>in</span> <span class='ocrx_word' id='word_1_206' title='bbox 1066 1337 1119 1360; x_wconf 87' lang='lat' dir='ltr'>art.</span> <span class='ocrx_word' id='word_1_207' title='bbox 1136 1335 1199 1363; x_wconf 78' lang='lat' dir='ltr'>sac..</span> <span class='ocrx_word' id='word_1_208' title='bbox 1217 1334 1345 1360; x_wconf 87' lang='lat' dir='ltr'>studenti</span> <span class='ocrx_word' id='word_1_209' title='bbox 1359 1334 1388 1359; x_wconf 92' lang='lat' dir='ltr'>in</span> <span class='ocrx_word' id='word_1_210' title='bbox 1405 1334 1493 1360; x_wconf 89' lang='lat' dir='ltr'>theol.</span> <span class='ocrx_word' id='word_1_211' title='bbox 1511 1334 1541 1359; x_wconf 89' lang='lat' dir='ltr'>in</span> <span class='ocrx_word' id='word_1_212' title='bbox 1555 1334 1661 1367; x_wconf 89' lang='lat' dir='ltr'>quinto</span> <span class='ocrx_word' id='word_1_213' title='bbox 1676 1341 1723 1358; x_wconf 89' lang='lat' dir='ltr'>an.</span> <span class='ocrx_word' id='word_1_214' title='bbox 1741 1341 1791 1359; x_wconf 90' lang='lat' dir='ltr'>sue</span> <span class='ocrx_word' id='word_1_215' title='bbox 1806 1333 1972 1358; x_wconf 86' lang='lat' dir='ltr'>auditionis.</span> 
     </span>
    </p>

    <p class='ocr_par' dir='ltr' id='par_1_11' title="bbox 461 1380 2323 1459">
     <span class='ocr_line' id='line_1_19' title="bbox 546 1380 2323 1416; baseline -0.002 -6"><span class='ocrx_word' id='word_1_216' title='bbox 546 1385 670 1411; x_wconf 84' lang='lat' dir='ltr'>Roberto</span> <span class='ocrx_word' id='word_1_217' title='bbox 686 1385 851 1413; x_wconf 81' lang='lat' dir='ltr'>Robillardi,</span> <span class='ocrx_word' id='word_1_218' title='bbox 868 1385 935 1410; x_wconf 86' lang='lat' dir='ltr'>alias</span> <span class='ocrx_word' id='word_1_219' title='bbox 950 1384 1060 1412; x_wconf 78' lang='lat' dir='ltr'>decani.</span> <span class='ocrx_word' id='word_1_220' title='bbox 1077 1384 1143 1409; x_wconf 89' lang='lat' dir='ltr'>cler.</span> <span class='ocrx_word' id='word_1_221' title='bbox 1160 1384 1196 1409; x_wconf 86' lang='lat' dir='ltr'>de</span> <span class='ocrx_word' id='word_1_222' title='bbox 1210 1384 1403 1416; x_wconf 84' lang='lat' dir='ltr'>Rothomago.</span> <span class='ocrx_word' id='word_1_223' title='bbox 1421 1391 1497 1416; x_wconf 82' lang='lat' dir='ltr'>mag.</span> <span class='ocrx_word' id='word_1_224' title='bbox 1514 1383 1543 1408; x_wconf 90' lang='lat' dir='ltr'>in</span> <span class='ocrx_word' id='word_1_225' title='bbox 1561 1384 1614 1408; x_wconf 89' lang='lat' dir='ltr'>art.</span> <span class='ocrx_word' id='word_1_226' title='bbox 1631 1384 1697 1408; x_wconf 91' lang='lat' dir='ltr'>actu</span> <span class='ocrx_word' id='word_1_227' title='bbox 1713 1382 1825 1415; x_wconf 87' lang='lat' dir='ltr'>regenti</span> <span class='ocrx_word' id='word_1_228' title='bbox 1842 1381 1963 1407; x_wconf 81' lang='lat' dir='ltr'>Parisius</span> <span class='ocrx_word' id='word_1_229' title='bbox 1978 1381 2007 1407; x_wconf 92' lang='lat' dir='ltr'>in</span> <span class='ocrx_word' id='word_1_230' title='bbox 2024 1381 2076 1407; x_wconf 83' lang='lat' dir='ltr'>sac.</span> <span class='ocrx_word' id='word_1_231' title='bbox 2093 1382 2147 1407; x_wconf 84' lang='lat' dir='ltr'>art.</span> <span class='ocrx_word' id='word_1_232' title='bbox 2164 1389 2196 1407; x_wconf 89' lang='lat' dir='ltr'>ac</span> <span class='ocrx_word' id='word_1_233' title='bbox 2209 1381 2275 1407; x_wconf 85' lang='lat' dir='ltr'>scol.</span> <span class='ocrx_word' id='word_1_234' title='bbox 2292 1380 2323 1407; x_wconf 89' lang='lat' dir='ltr'>in</span> 
     </span>
     <span class='ocr_line' id='line_1_20' title="bbox 461 1433 997 1459; baseline 0 -1"><span class='ocrx_word' id='word_1_235' title='bbox 461 1434 547 1459; x_wconf 89' lang='lat' dir='ltr'>theol.</span> <span class='ocrx_word' id='word_1_236' title='bbox 565 1434 595 1458; x_wconf 91' lang='lat' dir='ltr'>in</span> <span class='ocrx_word' id='word_1_237' title='bbox 611 1435 688 1459; x_wconf 87' lang='lat' dir='ltr'>sexto</span> <span class='ocrx_word' id='word_1_238' title='bbox 703 1442 750 1459; x_wconf 90' lang='lat' dir='ltr'>an.</span> <span class='ocrx_word' id='word_1_239' title='bbox 768 1441 817 1459; x_wconf 87' lang='lat' dir='ltr'>sue</span> <span class='ocrx_word' id='word_1_240' title='bbox 831 1433 997 1458; x_wconf 83' lang='lat' dir='ltr'>auditionis.</span> 
     </span>
    </p>

    <p class='ocr_par' dir='ltr' id='par_1_12' title="bbox 459 1478 2324 1556">
     <span class='ocr_line' id='line_1_21' title="bbox 547 1478 2324 1516; baseline -0.002 -8"><span class='ocrx_word' id='word_1_241' title='bbox 547 1482 700 1516; x_wconf 87' lang='lat' dir='ltr'>Radulpho</span> <span class='ocrx_word' id='word_1_242' title='bbox 713 1482 886 1511; x_wconf 86' lang='lat' dir='ltr'>Tabernarii,</span> <span class='ocrx_word' id='word_1_243' title='bbox 901 1482 967 1508; x_wconf 88' lang='lat' dir='ltr'>cler.</span> <span class='ocrx_word' id='word_1_244' title='bbox 984 1482 1020 1508; x_wconf 92' lang='lat' dir='ltr'>de</span> <span class='ocrx_word' id='word_1_245' title='bbox 1034 1482 1227 1515; x_wconf 82' lang='lat' dir='ltr'>Rothomago.</span> <span class='ocrx_word' id='word_1_246' title='bbox 1244 1489 1321 1514; x_wconf 86' lang='lat' dir='ltr'>mag.</span> <span class='ocrx_word' id='word_1_247' title='bbox 1337 1481 1366 1506; x_wconf 91' lang='lat' dir='ltr'>in</span> <span class='ocrx_word' id='word_1_248' title='bbox 1383 1482 1448 1509; x_wconf 83' lang='lat' dir='ltr'>art..</span> <span class='ocrx_word' id='word_1_249' title='bbox 1461 1481 1529 1506; x_wconf 88' lang='lat' dir='ltr'>alias</span> <span class='ocrx_word' id='word_1_250' title='bbox 1544 1480 1653 1513; x_wconf 87' lang='lat' dir='ltr'>regenti</span> <span class='ocrx_word' id='word_1_251' title='bbox 1667 1480 1697 1505; x_wconf 92' lang='lat' dir='ltr'>in</span> <span class='ocrx_word' id='word_1_252' title='bbox 1710 1480 1811 1506; x_wconf 87' lang='lat' dir='ltr'>eadem</span> <span class='ocrx_word' id='word_1_253' title='bbox 1824 1480 1875 1505; x_wconf 82' lang='lat' dir='ltr'>sac.</span> <span class='ocrx_word' id='word_1_254' title='bbox 1891 1481 1919 1506; x_wconf 83' lang='lat' dir='ltr'>et</span> <span class='ocrx_word' id='word_1_255' title='bbox 1934 1479 1999 1505; x_wconf 93' lang='lat' dir='ltr'>scol.</span> <span class='ocrx_word' id='word_1_256' title='bbox 2015 1479 2046 1504; x_wconf 94' lang='lat' dir='ltr'>in</span> <span class='ocrx_word' id='word_1_257' title='bbox 2060 1479 2136 1505; x_wconf 80' lang='lat' dir='ltr'>med.</span> <span class='ocrx_word' id='word_1_258' title='bbox 2151 1478 2182 1504; x_wconf 94' lang='lat' dir='ltr'>in</span> <span class='ocrx_word' id='word_1_259' title='bbox 2197 1478 2324 1505; x_wconf 84' lang='lat' dir='ltr'>secundo</span> 
     </span>
     <span class='ocr_line' id='line_1_22' title="bbox 459 1531 752 1556; baseline 0 0"><span class='ocrx_word' id='word_1_260' title='bbox 459 1538 505 1556; x_wconf 89' lang='lat' dir='ltr'>an.</span> <span class='ocrx_word' id='word_1_261' title='bbox 524 1538 573 1556; x_wconf 89' lang='lat' dir='ltr'>sue</span> <span class='ocrx_word' id='word_1_262' title='bbox 588 1531 752 1556; x_wconf 77' lang='lat' dir='ltr'>auditionis.</span> 
     </span>
    </p>

    <p class='ocr_par' dir='ltr' id='par_1_13' title="bbox 547 1578 1846 1612">
     <span class='ocr_line' id='line_1_23' title="bbox 547 1578 1846 1612; baseline -0.001 -8"><span class='ocrx_word' id='word_1_263' title='bbox 547 1579 606 1605; x_wconf 81' lang='lat' dir='ltr'>Ade</span> <span class='ocrx_word' id='word_1_264' title='bbox 621 1579 778 1609; x_wconf 80' lang='lat' dir='ltr'>Carnificis,</span> <span class='ocrx_word' id='word_1_265' title='bbox 795 1580 860 1605; x_wconf 93' lang='lat' dir='ltr'>cler.</span> <span class='ocrx_word' id='word_1_266' title='bbox 877 1580 1049 1612; x_wconf 82' lang='lat' dir='ltr'>Rothomag.</span> <span class='ocrx_word' id='word_1_267' title='bbox 1065 1580 1150 1607; x_wconf 84' lang='lat' dir='ltr'>dioc..</span> <span class='ocrx_word' id='word_1_268' title='bbox 1168 1587 1243 1612; x_wconf 85' lang='lat' dir='ltr'>mag.</span> <span class='ocrx_word' id='word_1_269' title='bbox 1259 1581 1324 1604; x_wconf 90' lang='lat' dir='ltr'>actu</span> <span class='ocrx_word' id='word_1_270' title='bbox 1342 1579 1453 1611; x_wconf 86' lang='lat' dir='ltr'>regenti</span> <span class='ocrx_word' id='word_1_271' title='bbox 1466 1579 1496 1603; x_wconf 93' lang='lat' dir='ltr'>in</span> <span class='ocrx_word' id='word_1_272' title='bbox 1511 1580 1565 1603; x_wconf 88' lang='lat' dir='ltr'>art.</span> <span class='ocrx_word' id='word_1_273' title='bbox 1583 1580 1611 1604; x_wconf 94' lang='lat' dir='ltr'>ct</span> <span class='ocrx_word' id='word_1_274' title='bbox 1627 1578 1693 1604; x_wconf 91' lang='lat' dir='ltr'>scol.</span> <span class='ocrx_word' id='word_1_275' title='bbox 1711 1578 1741 1603; x_wconf 91' lang='lat' dir='ltr'>in</span> <span class='ocrx_word' id='word_1_276' title='bbox 1758 1578 1846 1603; x_wconf 86' lang='lat' dir='ltr'>theol.</span> 
     </span>
    </p>

    <p class='ocr_par' dir='ltr' id='par_1_14' title="bbox 550 1626 1860 1661">
     <span class='ocr_line' id='line_1_24' title="bbox 550 1626 1860 1661; baseline -0.001 -9"><span class='ocrx_word' id='word_1_277' title='bbox 550 1628 661 1653; x_wconf 87' lang='lat' dir='ltr'>Thome</span> <span class='ocrx_word' id='word_1_278' title='bbox 675 1628 789 1657; x_wconf 85' lang='lat' dir='ltr'>Nicolai‚</span> <span class='ocrx_word' id='word_1_279' title='bbox 806 1628 871 1653; x_wconf 84' lang='lat' dir='ltr'>cler.</span> <span class='ocrx_word' id='word_1_280' title='bbox 891 1628 1064 1661; x_wconf 80' lang='lat' dir='ltr'>Rothomag.</span> <span class='ocrx_word' id='word_1_281' title='bbox 1079 1628 1165 1656; x_wconf 86' lang='lat' dir='ltr'>dioc..</span> <span class='ocrx_word' id='word_1_282' title='bbox 1183 1636 1259 1660; x_wconf 78' lang='lat' dir='ltr'>mag.</span> <span class='ocrx_word' id='word_1_283' title='bbox 1275 1629 1340 1653; x_wconf 86' lang='lat' dir='ltr'>actu</span> <span class='ocrx_word' id='word_1_284' title='bbox 1356 1627 1468 1660; x_wconf 84' lang='lat' dir='ltr'>regenti</span> <span class='ocrx_word' id='word_1_285' title='bbox 1482 1627 1511 1652; x_wconf 94' lang='lat' dir='ltr'>in</span> <span class='ocrx_word' id='word_1_286' title='bbox 1527 1628 1580 1652; x_wconf 86' lang='lat' dir='ltr'>art.</span> <span class='ocrx_word' id='word_1_287' title='bbox 1598 1628 1626 1652; x_wconf 91' lang='lat' dir='ltr'>et</span> <span class='ocrx_word' id='word_1_288' title='bbox 1642 1627 1708 1652; x_wconf 88' lang='lat' dir='ltr'>scol.</span> <span class='ocrx_word' id='word_1_289' title='bbox 1724 1626 1754 1651; x_wconf 94' lang='lat' dir='ltr'>in</span> <span class='ocrx_word' id='word_1_290' title='bbox 1770 1626 1860 1652; x_wconf 87' lang='lat' dir='ltr'>theol.</span> 
     </span>
    </p>

    <p class='ocr_par' dir='ltr' id='par_1_15' title="bbox 460 1674 2322 1757">
     <span class='ocr_line' id='line_1_25' title="bbox 548 1674 2322 1709; baseline -0.002 -7"><span class='ocrx_word' id='word_1_291' title='bbox 548 1676 672 1702; x_wconf 84' lang='lat' dir='ltr'>Roberto</span> <span class='ocrx_word' id='word_1_292' title='bbox 693 1676 885 1709; x_wconf 75' lang='lat' dir='ltr'>Boulengarii‚</span> <span class='ocrx_word' id='word_1_293' title='bbox 907 1677 973 1702; x_wconf 72' lang='lat' dir='ltr'>cler.</span> <span class='ocrx_word' id='word_1_294' title='bbox 996 1677 1140 1702; x_wconf 85' lang='lat' dir='ltr'>Baiocens.</span> <span class='ocrx_word' id='word_1_295' title='bbox 1162 1677 1247 1703; x_wconf 87' lang='lat' dir='ltr'>dioc..</span> <span class='ocrx_word' id='word_1_296' title='bbox 1272 1685 1348 1709; x_wconf 85' lang='lat' dir='ltr'>mag.</span> <span class='ocrx_word' id='word_1_297' title='bbox 1371 1677 1400 1701; x_wconf 91' lang='lat' dir='ltr'>in</span> <span class='ocrx_word' id='word_1_298' title='bbox 1426 1678 1492 1705; x_wconf 69' lang='lat' dir='ltr'>art,</span> <span class='ocrx_word' id='word_1_299' title='bbox 1515 1676 1591 1701; x_wconf 87' lang='lat' dir='ltr'>stud.</span> <span class='ocrx_word' id='word_1_300' title='bbox 1614 1676 1644 1701; x_wconf 90' lang='lat' dir='ltr'>in</span> <span class='ocrx_word' id='word_1_301' title='bbox 1669 1675 1757 1701; x_wconf 85' lang='lat' dir='ltr'>theol.</span> <span class='ocrx_word' id='word_1_302' title='bbox 1779 1676 1810 1700; x_wconf 92' lang='lat' dir='ltr'>in</span> <span class='ocrx_word' id='word_1_303' title='bbox 1832 1675 1916 1701; x_wconf 87' lang='lat' dir='ltr'>tertio</span> <span class='ocrx_word' id='word_1_304' title='bbox 1933 1683 1980 1700; x_wconf 89' lang='lat' dir='ltr'>an.</span> <span class='ocrx_word' id='word_1_305' title='bbox 1998 1682 2048 1700; x_wconf 88' lang='lat' dir='ltr'>sue</span> <span class='ocrx_word' id='word_1_306' title='bbox 2067 1674 2234 1703; x_wconf 83' lang='lat' dir='ltr'>auditionis.</span> <span class='ocrx_word' id='word_1_307' title='bbox 2256 1674 2322 1700; x_wconf 86' lang='lat' dir='ltr'>actu</span> 
     </span>
     <span class='ocr_line' id='line_1_26' title="bbox 460 1725 1689 1757; baseline 0.002 -8"><span class='ocrx_word' id='word_1_308' title='bbox 460 1725 570 1757; x_wconf 86' lang='lat' dir='ltr'>regenti</span> <span class='ocrx_word' id='word_1_309' title='bbox 585 1725 615 1750; x_wconf 90' lang='lat' dir='ltr'>in</span> <span class='ocrx_word' id='word_1_310' title='bbox 632 1726 682 1750; x_wconf 84' lang='lat' dir='ltr'>sac.</span> <span class='ocrx_word' id='word_1_311' title='bbox 700 1727 753 1751; x_wconf 86' lang='lat' dir='ltr'>art.</span> <span class='ocrx_word' id='word_1_312' title='bbox 1687 1753 1689 1755; x_wconf 63' lang='grc'><em>,</em></span> 
     </span>
    </p>

    <p class='ocr_par' dir='ltr' id='par_1_16' title="bbox 548 1771 2323 1807">
     <span class='ocr_line' id='line_1_27' title="bbox 548 1771 2323 1807; baseline -0.001 -8"><span class='ocrx_word' id='word_1_313' title='bbox 548 1774 672 1799; x_wconf 86' lang='lat' dir='ltr'>Roberto</span> <span class='ocrx_word' id='word_1_314' title='bbox 684 1774 822 1802; x_wconf 79' lang='lat' dir='ltr'>Burnelli,</span> <span class='ocrx_word' id='word_1_315' title='bbox 839 1782 914 1806; x_wconf 84' lang='lat' dir='ltr'>mag.</span> <span class='ocrx_word' id='word_1_316' title='bbox 931 1774 961 1799; x_wconf 91' lang='lat' dir='ltr'>in</span> <span class='ocrx_word' id='word_1_317' title='bbox 974 1776 1040 1802; x_wconf 60' lang='lat' dir='ltr'>art.v</span> <span class='ocrx_word' id='word_1_318' title='bbox 1057 1776 1085 1800; x_wconf 88' lang='lat' dir='ltr'>et</span> <span class='ocrx_word' id='word_1_319' title='bbox 1100 1775 1130 1799; x_wconf 91' lang='lat' dir='ltr'>in</span> <span class='ocrx_word' id='word_1_320' title='bbox 1143 1775 1208 1807; x_wconf 87' lang='lat' dir='ltr'>jure</span> <span class='ocrx_word' id='word_1_321' title='bbox 1223 1782 1285 1799; x_wconf 89' lang='lat' dir='ltr'>can.</span> <span class='ocrx_word' id='word_1_322' title='bbox 1303 1776 1369 1799; x_wconf 83' lang='lat' dir='ltr'>sunt</span> <span class='ocrx_word' id='word_1_323' title='bbox 1387 1776 1442 1800; x_wconf 81' lang='lat' dir='ltr'>tres</span> <span class='ocrx_word' id='word_1_324' title='bbox 1457 1774 1526 1799; x_wconf 87' lang='lat' dir='ltr'>anni</span> <span class='ocrx_word' id='word_1_325' title='bbox 1542 1773 1629 1806; x_wconf 88' lang='lat' dir='ltr'>elapsi</span> <span class='ocrx_word' id='word_1_326' title='bbox 1646 1773 1742 1799; x_wconf 86' lang='lat' dir='ltr'>licent.</span> <span class='ocrx_word' id='word_1_327' title='bbox 1762 1773 1893 1801; x_wconf 84' lang='lat' dir='ltr'>Parisius,</span> <span class='ocrx_word' id='word_1_328' title='bbox 1909 1773 2076 1806; x_wconf 84' lang='lat' dir='ltr'>ibidemque</span> <span class='ocrx_word' id='word_1_329' title='bbox 2091 1772 2231 1798; x_wconf 82' lang='lat' dir='ltr'>continue</span> <span class='ocrx_word' id='word_1_330' title='bbox 2245 1771 2323 1798; x_wconf 78' lang='lat' dir='ltr'>stud.</span> 
     </span>
    </p>

    <p class='ocr_par' dir='ltr' id='par_1_17' title="bbox 548 1822 1183 1856">
     <span class='ocr_line' id='line_1_28' title="bbox 548 1822 1183 1856; baseline 0.002 -9"><span class='ocrx_word' id='word_1_331' title='bbox 548 1822 672 1848; x_wconf 90' lang='lat' dir='ltr'>Roberto</span> <span class='ocrx_word' id='word_1_332' title='bbox 688 1823 855 1851; x_wconf 78' lang='lat' dir='ltr'>vavassoris.</span> <span class='ocrx_word' id='word_1_333' title='bbox 873 1823 978 1856; x_wconf 66' lang='lat' dir='ltr'>presb..</span> <span class='ocrx_word' id='word_1_334' title='bbox 995 1831 1071 1855; x_wconf 86' lang='lat' dir='ltr'>mag.</span> <span class='ocrx_word' id='word_1_335' title='bbox 1085 1824 1115 1848; x_wconf 90' lang='lat' dir='ltr'>in</span> <span class='ocrx_word' id='word_1_336' title='bbox 1130 1825 1183 1848; x_wconf 89' lang='lat' dir='ltr'>art.</span> 
     </span>
    </p>

    <p class='ocr_par' dir='ltr' id='par_1_18' title="bbox 549 1870 1571 1904">
     <span class='ocr_line' id='line_1_29' title="bbox 549 1870 1571 1904; baseline 0.001 -9"><span class='ocrx_word' id='word_1_337' title='bbox 549 1870 676 1896; x_wconf 86' lang='lat' dir='ltr'>Johanni</span> <span class='ocrx_word' id='word_1_338' title='bbox 689 1871 844 1900; x_wconf 76' lang='lat' dir='ltr'>Doublelti,</span> <span class='ocrx_word' id='word_1_339' title='bbox 862 1871 966 1904; x_wconf 81' lang='lat' dir='ltr'>presb..</span> <span class='ocrx_word' id='word_1_340' title='bbox 984 1879 1060 1903; x_wconf 83' lang='lat' dir='ltr'>mag.</span> <span class='ocrx_word' id='word_1_341' title='bbox 1076 1872 1106 1896; x_wconf 92' lang='lat' dir='ltr'>in</span> <span class='ocrx_word' id='word_1_342' title='bbox 1122 1873 1187 1900; x_wconf 62' lang='lat' dir='ltr'>art..</span> <span class='ocrx_word' id='word_1_343' title='bbox 1204 1872 1270 1897; x_wconf 74' lang='lat' dir='ltr'>scol.</span> <span class='ocrx_word' id='word_1_344' title='bbox 1288 1871 1410 1897; x_wconf 87' lang='lat' dir='ltr'>Parisius</span> <span class='ocrx_word' id='word_1_345' title='bbox 1422 1872 1452 1896; x_wconf 89' lang='lat' dir='ltr'>in</span> <span class='ocrx_word' id='word_1_346' title='bbox 1467 1871 1571 1897; x_wconf 89' lang='lat' dir='ltr'>decret.</span> 
     </span>
    </p>

    <p class='ocr_par' dir='ltr' id='par_1_19' title="bbox 550 1917 2186 1954">
     <span class='ocr_line' id='line_1_30' title="bbox 550 1917 2186 1954; baseline -0.001 -10"><span class='ocrx_word' id='word_1_347' title='bbox 550 1919 706 1945; x_wconf 90' lang='lat' dir='ltr'>Laurentio</span> <span class='ocrx_word' id='word_1_348' title='bbox 721 1920 862 1949; x_wconf 77' lang='lat' dir='ltr'>Veritatis.</span> <span class='ocrx_word' id='word_1_349' title='bbox 881 1920 985 1953; x_wconf 91' lang='lat' dir='ltr'>presb..</span> <span class='ocrx_word' id='word_1_350' title='bbox 1001 1928 1077 1953; x_wconf 79' lang='lat' dir='ltr'>mag.</span> <span class='ocrx_word' id='word_1_351' title='bbox 1096 1920 1125 1945; x_wconf 91' lang='lat' dir='ltr'>in</span> <span class='ocrx_word' id='word_1_352' title='bbox 1141 1922 1194 1946; x_wconf 57' lang='lat' dir='ltr'>art..</span> <span class='ocrx_word' id='word_1_353' title='bbox 1211 1922 1239 1946; x_wconf 83' lang='lat' dir='ltr'>et</span> <span class='ocrx_word' id='word_1_354' title='bbox 1255 1920 1315 1946; x_wconf 89' lang='lat' dir='ltr'>hac.</span> <span class='ocrx_word' id='word_1_355' title='bbox 1332 1920 1363 1945; x_wconf 89' lang='lat' dir='ltr'>in</span> <span class='ocrx_word' id='word_1_356' title='bbox 1378 1921 1478 1949; x_wconf 81' lang='lat' dir='ltr'>theol.‚</span> <span class='ocrx_word' id='word_1_357' title='bbox 1496 1921 1669 1953; x_wconf 81' lang='lat' dir='ltr'>Rotliomag.</span> <span class='ocrx_word' id='word_1_358' title='bbox 1687 1920 1760 1945; x_wconf 89' lang='lat' dir='ltr'>dioc.</span> <span class='ocrx_word' id='word_1_359' title='bbox 1781 1918 1826 1954; x_wconf 77' lang='lat' dir='ltr'>[dc</span> <span class='ocrx_word' id='word_1_360' title='bbox 1839 1927 1902 1945; x_wconf 90' lang='lat' dir='ltr'>can.</span> <span class='ocrx_word' id='word_1_361' title='bbox 1917 1919 1984 1945; x_wconf 89' lang='lat' dir='ltr'>eccl.</span> <span class='ocrx_word' id='word_1_362' title='bbox 2002 1917 2186 1953; x_wconf 86' lang='lat' dir='ltr'>Belvacens.].</span> 
     </span>
    </p>

    <p class='ocr_par' dir='ltr' id='par_1_20' title="bbox 550 1966 2347 2002">
     <span class='ocr_line' id='line_1_31' title="bbox 550 1966 2347 2002; baseline 0 -9"><span class='ocrx_word' id='word_1_363' title='bbox 550 1968 677 1993; x_wconf 87' lang='lat' dir='ltr'>Johanni</span> <span class='ocrx_word' id='word_1_364' title='bbox 691 1968 726 1994; x_wconf 89' lang='lat' dir='ltr'>de</span> <span class='ocrx_word' id='word_1_365' title='bbox 741 1968 965 1997; x_wconf 74' lang='lat' dir='ltr'>Valle-Mellarii,</span> <span class='ocrx_word' id='word_1_366' title='bbox 981 1969 1085 2002; x_wconf 64' lang='lat' dir='ltr'>presb.v</span> <span class='ocrx_word' id='word_1_367' title='bbox 1099 1978 1175 2002; x_wconf 81' lang='lat' dir='ltr'>mag.</span> <span class='ocrx_word' id='word_1_368' title='bbox 1190 1969 1221 1994; x_wconf 90' lang='lat' dir='ltr'>in</span> <span class='ocrx_word' id='word_1_369' title='bbox 1237 1971 1289 1994; x_wconf 82' lang='lat' dir='ltr'>art.</span> <span class='ocrx_word' id='word_1_370' title='bbox 1307 1971 1335 1994; x_wconf 89' lang='lat' dir='ltr'>et</span> <span class='ocrx_word' id='word_1_371' title='bbox 1350 1969 1416 1995; x_wconf 84' lang='lat' dir='ltr'>scol.</span> <span class='ocrx_word' id='word_1_372' title='bbox 1434 1969 1464 1994; x_wconf 92' lang='lat' dir='ltr'>in</span> <span class='ocrx_word' id='word_1_373' title='bbox 1480 1969 1569 1994; x_wconf 86' lang='lat' dir='ltr'>theol.</span> <span class='ocrx_word' id='word_1_374' title='bbox 1586 1977 1637 2002; x_wconf 91' lang='lat' dir='ltr'>per</span> <span class='ocrx_word' id='word_1_375' title='bbox 1655 1969 1789 2002; x_wconf 85' lang='lat' dir='ltr'>quinque</span> <span class='ocrx_word' id='word_1_376' title='bbox 1803 1976 1895 1994; x_wconf 89' lang='lat' dir='ltr'>annos</span> <span class='ocrx_word' id='word_1_377' title='bbox 1910 1967 1955 2002; x_wconf 92' lang='lat' dir='ltr'>[de</span> <span class='ocrx_word' id='word_1_378' title='bbox 1969 1975 2033 1993; x_wconf 86' lang='lat' dir='ltr'>can.</span> <span class='ocrx_word' id='word_1_379' title='bbox 2050 1967 2116 1993; x_wconf 89' lang='lat' dir='ltr'>eccl.</span> <span class='ocrx_word' id='word_1_380' title='bbox 2133 1966 2322 2002; x_wconf 81' lang='lat' dir='ltr'>Abrincens.].</span> <span class='ocrx_word' id='word_1_381' title='bbox 2344 1996 2347 1998; x_wconf 70' lang='lat'>.</span> 
     </span>
    </p>

    <p class='ocr_par' dir='ltr' id='par_1_21' title="bbox 550 2015 2322 2051">
     <span class='ocr_line' id='line_1_32' title="bbox 550 2015 2322 2051; baseline 0 -10"><span class='ocrx_word' id='word_1_382' title='bbox 550 2017 661 2042; x_wconf 89' lang='lat' dir='ltr'>Nicolao</span> <span class='ocrx_word' id='word_1_383' title='bbox 677 2017 837 2046; x_wconf 72' lang='lat' dir='ltr'>Domicelli,</span> <span class='ocrx_word' id='word_1_384' title='bbox 852 2018 977 2043; x_wconf 81' lang='lat' dir='ltr'>subdiac.</span> <span class='ocrx_word' id='word_1_385' title='bbox 995 2018 1180 2050; x_wconf 78' lang='lat' dir='ltr'>Rothomag..</span> <span class='ocrx_word' id='word_1_386' title='bbox 1195 2026 1271 2050; x_wconf 85' lang='lat' dir='ltr'>mag.</span> <span class='ocrx_word' id='word_1_387' title='bbox 1289 2018 1317 2043; x_wconf 94' lang='lat' dir='ltr'>in</span> <span class='ocrx_word' id='word_1_388' title='bbox 1333 2020 1398 2047; x_wconf 72' lang='lat' dir='ltr'>art..</span> <span class='ocrx_word' id='word_1_389' title='bbox 1415 2018 1511 2044; x_wconf 89' lang='lat' dir='ltr'>licent.</span> <span class='ocrx_word' id='word_1_390' title='bbox 1530 2018 1559 2043; x_wconf 93' lang='lat' dir='ltr'>in</span> <span class='ocrx_word' id='word_1_391' title='bbox 1575 2018 1629 2050; x_wconf 85' lang='lat' dir='ltr'>leg.</span> <span class='ocrx_word' id='word_1_392' title='bbox 1646 2019 1674 2043; x_wconf 87' lang='lat' dir='ltr'>et</span> <span class='ocrx_word' id='word_1_393' title='bbox 1689 2018 1750 2043; x_wconf 88' lang='lat' dir='ltr'>bac.</span> <span class='ocrx_word' id='word_1_394' title='bbox 1765 2017 1795 2042; x_wconf 93' lang='lat' dir='ltr'>in</span> <span class='ocrx_word' id='word_1_395' title='bbox 1809 2017 1914 2043; x_wconf 87' lang='lat' dir='ltr'>decret.</span> <span class='ocrx_word' id='word_1_396' title='bbox 1932 2015 1976 2051; x_wconf 87' lang='lat' dir='ltr'>[de</span> <span class='ocrx_word' id='word_1_397' title='bbox 1991 2023 2054 2042; x_wconf 86' lang='lat' dir='ltr'>can.</span> <span class='ocrx_word' id='word_1_398' title='bbox 2071 2016 2138 2042; x_wconf 82' lang='lat' dir='ltr'>eccl.</span> <span class='ocrx_word' id='word_1_399' title='bbox 2155 2015 2322 2051; x_wconf 79' lang='lat' dir='ltr'>Baiocens.].</span> 
     </span>
    </p>

    <p class='ocr_par' dir='ltr' id='par_1_22' title="bbox 461 2064 2326 2149">
     <span class='ocr_line' id='line_1_33' title="bbox 550 2064 2326 2100; baseline 0 -10"><span class='ocrx_word' id='word_1_400' title='bbox 550 2066 661 2091; x_wconf 85' lang='lat' dir='ltr'>Thome</span> <span class='ocrx_word' id='word_1_401' title='bbox 676 2066 776 2095; x_wconf 82' lang='lat' dir='ltr'>Mielle.</span> <span class='ocrx_word' id='word_1_402' title='bbox 793 2066 886 2098; x_wconf 86' lang='lat' dir='ltr'>presb.</span> <span class='ocrx_word' id='word_1_403' title='bbox 902 2066 1027 2099; x_wconf 82' lang='lat' dir='ltr'>Sagieus.</span> <span class='ocrx_word' id='word_1_404' title='bbox 1044 2067 1130 2096; x_wconf 67' lang='lat' dir='ltr'>dioc..</span> <span class='ocrx_word' id='word_1_405' title='bbox 1148 2075 1224 2100; x_wconf 85' lang='lat' dir='ltr'>mag.</span> <span class='ocrx_word' id='word_1_406' title='bbox 1239 2067 1269 2092; x_wconf 93' lang='lat' dir='ltr'>in</span> <span class='ocrx_word' id='word_1_407' title='bbox 1285 2069 1350 2095; x_wconf 81' lang='lat' dir='ltr'>art..</span> <span class='ocrx_word' id='word_1_408' title='bbox 1368 2067 1398 2092; x_wconf 89' lang='lat' dir='ltr'>in</span> <span class='ocrx_word' id='word_1_409' title='bbox 1416 2067 1524 2100; x_wconf 88' lang='lat' dir='ltr'>quibus</span> <span class='ocrx_word' id='word_1_410' title='bbox 1538 2075 1590 2100; x_wconf 89' lang='lat' dir='ltr'>per</span> <span class='ocrx_word' id='word_1_411' title='bbox 1605 2067 1733 2100; x_wconf 90' lang='lat' dir='ltr'>spatium</span> <span class='ocrx_word' id='word_1_412' title='bbox 1749 2068 1878 2099; x_wconf 84' lang='lat' dir='ltr'>quatuor</span> <span class='ocrx_word' id='word_1_413' title='bbox 1890 2073 1959 2091; x_wconf 84' lang='lat' dir='ltr'>ann.</span> <span class='ocrx_word' id='word_1_414' title='bbox 1975 2067 2003 2091; x_wconf 80' lang='lat' dir='ltr'>et</span> <span class='ocrx_word' id='word_1_415' title='bbox 2018 2065 2145 2098; x_wconf 84' lang='lat' dir='ltr'>amplius</span> <span class='ocrx_word' id='word_1_416' title='bbox 2159 2065 2241 2093; x_wconf 78' lang='lat' dir='ltr'>rexit.</span> <span class='ocrx_word' id='word_1_417' title='bbox 2257 2064 2326 2091; x_wconf 80' lang='lat' dir='ltr'>alias</span> 
     </span>
     <span class='ocr_line' id='line_1_34' title="bbox 461 2114 2142 2149; baseline 0 -10"><span class='ocrx_word' id='word_1_418' title='bbox 461 2114 611 2139; x_wconf 82' lang='lat' dir='ltr'>Universit.</span> <span class='ocrx_word' id='word_1_419' title='bbox 630 2114 715 2140; x_wconf 84' lang='lat' dir='ltr'>Paris.</span> <span class='ocrx_word' id='word_1_420' title='bbox 734 2115 842 2140; x_wconf 91' lang='lat' dir='ltr'>nuncio</span> <span class='ocrx_word' id='word_1_421' title='bbox 855 2115 890 2140; x_wconf 86' lang='lat' dir='ltr'>ad</span> <span class='ocrx_word' id='word_1_422' title='bbox 906 2115 989 2141; x_wconf 89' lang='lat' dir='ltr'>Rom.</span> <span class='ocrx_word' id='word_1_423' title='bbox 1005 2115 1115 2141; x_wconf 85' lang='lat' dir='ltr'>curiam</span> <span class='ocrx_word' id='word_1_424' title='bbox 1132 2116 1284 2144; x_wconf 75' lang='lat' dir='ltr'>destinato.</span> <span class='ocrx_word' id='word_1_425' title='bbox 1299 2118 1324 2141; x_wconf 90' lang='lat' dir='ltr'>et</span> <span class='ocrx_word' id='word_1_426' title='bbox 1340 2116 1491 2149; x_wconf 85' lang='lat' dir='ltr'>quondam</span> <span class='ocrx_word' id='word_1_427' title='bbox 1507 2116 1637 2148; x_wconf 85' lang='lat' dir='ltr'>ejusdem</span> <span class='ocrx_word' id='word_1_428' title='bbox 1653 2115 1780 2140; x_wconf 85' lang='lat' dir='ltr'>Univers.</span> <span class='ocrx_word' id='word_1_429' title='bbox 1798 2114 1912 2143; x_wconf 85' lang='lat' dir='ltr'>rectori,</span> <span class='ocrx_word' id='word_1_430' title='bbox 1929 2114 1990 2140; x_wconf 90' lang='lat' dir='ltr'>bac.</span> <span class='ocrx_word' id='word_1_431' title='bbox 2008 2114 2038 2139; x_wconf 92' lang='lat' dir='ltr'>in</span> <span class='ocrx_word' id='word_1_432' title='bbox 2054 2114 2142 2140; x_wconf 91' lang='lat' dir='ltr'>theol.</span> 
     </span>
    </p>

    <p class='ocr_par' dir='ltr' id='par_1_23' title="bbox 550 2162 2272 2197">
     <span class='ocr_line' id='line_1_35' title="bbox 550 2162 2272 2197; baseline 0.001 -10"><span class='ocrx_word' id='word_1_433' title='bbox 550 2163 633 2188; x_wconf 89' lang='lat' dir='ltr'>Petro</span> <span class='ocrx_word' id='word_1_434' title='bbox 648 2163 752 2192; x_wconf 86' lang='lat' dir='ltr'>Militis,</span> <span class='ocrx_word' id='word_1_435' title='bbox 770 2164 836 2188; x_wconf 87' lang='lat' dir='ltr'>cler.</span> <span class='ocrx_word' id='word_1_436' title='bbox 854 2163 1015 2189; x_wconf 86' lang='lat' dir='ltr'>Ebroicens.</span> <span class='ocrx_word' id='word_1_437' title='bbox 1031 2164 1116 2193; x_wconf 83' lang='lat' dir='ltr'>dioc..</span> <span class='ocrx_word' id='word_1_438' title='bbox 1131 2173 1207 2197; x_wconf 82' lang='lat' dir='ltr'>mag.</span> <span class='ocrx_word' id='word_1_439' title='bbox 1224 2165 1255 2189; x_wconf 93' lang='lat' dir='ltr'>in</span> <span class='ocrx_word' id='word_1_440' title='bbox 1270 2166 1322 2190; x_wconf 86' lang='lat' dir='ltr'>art.</span> <span class='ocrx_word' id='word_1_441' title='bbox 1340 2167 1368 2190; x_wconf 88' lang='lat' dir='ltr'>ct</span> <span class='ocrx_word' id='word_1_442' title='bbox 1384 2165 1444 2190; x_wconf 91' lang='lat' dir='ltr'>bac.</span> <span class='ocrx_word' id='word_1_443' title='bbox 1460 2165 1490 2190; x_wconf 90' lang='lat' dir='ltr'>in</span> <span class='ocrx_word' id='word_1_444' title='bbox 1503 2165 1569 2197; x_wconf 81' lang='lat' dir='ltr'>jure</span> <span class='ocrx_word' id='word_1_445' title='bbox 1582 2172 1657 2194; x_wconf 82' lang='lat' dir='ltr'>can.,</span> <span class='ocrx_word' id='word_1_446' title='bbox 1672 2166 1737 2190; x_wconf 86' lang='lat' dir='ltr'>actu</span> <span class='ocrx_word' id='word_1_447' title='bbox 1754 2164 1861 2197; x_wconf 78' lang='lat' dir='ltr'>legenti</span> <span class='ocrx_word' id='word_1_448' title='bbox 1877 2163 1908 2189; x_wconf 92' lang='lat' dir='ltr'>in</span> <span class='ocrx_word' id='word_1_449' title='bbox 1923 2163 2008 2189; x_wconf 87' lang='lat' dir='ltr'>tertio</span> <span class='ocrx_word' id='word_1_450' title='bbox 2023 2171 2070 2188; x_wconf 88' lang='lat' dir='ltr'>an.</span> <span class='ocrx_word' id='word_1_451' title='bbox 2090 2170 2140 2189; x_wconf 90' lang='lat' dir='ltr'>sue</span> <span class='ocrx_word' id='word_1_452' title='bbox 2154 2162 2272 2189; x_wconf 80' lang='lat' dir='ltr'>lecture.</span> 
     </span>
    </p>

    <p class='ocr_par' dir='ltr' id='par_1_24' title="bbox 460 2211 2321 2295">
     <span class='ocr_line' id='line_1_36' title="bbox 549 2211 2321 2246; baseline 0 -10"><span class='ocrx_word' id='word_1_453' title='bbox 549 2211 650 2244; x_wconf 85' lang='lat' dir='ltr'>Egidio</span> <span class='ocrx_word' id='word_1_454' title='bbox 664 2212 700 2237; x_wconf 89' lang='lat' dir='ltr'>de</span> <span class='ocrx_word' id='word_1_455' title='bbox 714 2212 856 2244; x_wconf 72' lang='lat' dir='ltr'>Carr.pis⁵‚</span> <span class='ocrx_word' id='word_1_456' title='bbox 874 2212 1000 2238; x_wconf 91' lang='lat' dir='ltr'>subdiac.</span> <span class='ocrx_word' id='word_1_457' title='bbox 1018 2213 1203 2246; x_wconf 66' lang='lat' dir='ltr'>Rothomag.v</span> <span class='ocrx_word' id='word_1_458' title='bbox 1220 2221 1297 2246; x_wconf 83' lang='lat' dir='ltr'>mag.</span> <span class='ocrx_word' id='word_1_459' title='bbox 1312 2214 1341 2238; x_wconf 93' lang='lat' dir='ltr'>in</span> <span class='ocrx_word' id='word_1_460' title='bbox 1358 2215 1423 2242; x_wconf 79' lang='lat' dir='ltr'>art..</span> <span class='ocrx_word' id='word_1_461' title='bbox 1438 2214 1509 2239; x_wconf 93' lang='lat' dir='ltr'>olim</span> <span class='ocrx_word' id='word_1_462' title='bbox 1523 2213 1626 2239; x_wconf 83' lang='lat' dir='ltr'>rectori</span> <span class='ocrx_word' id='word_1_463' title='bbox 1639 2213 1767 2239; x_wconf 85' lang='lat' dir='ltr'>Univers.</span> <span class='ocrx_word' id='word_1_464' title='bbox 1786 2213 1884 2241; x_wconf 55' lang='lat' dir='ltr'>Paris„</span> <span class='ocrx_word' id='word_1_465' title='bbox 1902 2212 2042 2238; x_wconf 83' lang='lat' dir='ltr'>hactenus</span> <span class='ocrx_word' id='word_1_466' title='bbox 2057 2219 2123 2237; x_wconf 90' lang='lat' dir='ltr'>vero</span> <span class='ocrx_word' id='word_1_467' title='bbox 2137 2211 2203 2237; x_wconf 86' lang='lat' dir='ltr'>scol.</span> <span class='ocrx_word' id='word_1_468' title='bbox 2221 2211 2252 2236; x_wconf 91' lang='lat' dir='ltr'>in</span> <span class='ocrx_word' id='word_1_469' title='bbox 2266 2211 2321 2244; x_wconf 82' lang='lat' dir='ltr'>leg.</span> 
     </span>
     <span class='ocr_line' id='line_1_37' title="bbox 460 2259 2321 2295; baseline 0.001 -11"><span class='ocrx_word' id='word_1_470' title='bbox 460 2259 491 2284; x_wconf 87' lang='lat' dir='ltr'>in</span> <span class='ocrx_word' id='word_1_471' title='bbox 506 2259 590 2285; x_wconf 87' lang='lat' dir='ltr'>tertio</span> <span class='ocrx_word' id='word_1_472' title='bbox 605 2260 762 2286; x_wconf 86' lang='lat' dir='ltr'>auditionis</span> <span class='ocrx_word' id='word_1_473' title='bbox 779 2268 829 2286; x_wconf 89' lang='lat' dir='ltr'>sue</span> <span class='ocrx_word' id='word_1_474' title='bbox 843 2268 902 2289; x_wconf 76' lang='grc'>311..</span> <span class='ocrx_word' id='word_1_475' title='bbox 920 2261 980 2287; x_wconf 88' lang='lat' dir='ltr'>bac.</span> <span class='ocrx_word' id='word_1_476' title='bbox 998 2262 1122 2287; x_wconf 80' lang='lat' dir='ltr'>formato</span> <span class='ocrx_word' id='word_1_477' title='bbox 1138 2262 1167 2287; x_wconf 92' lang='lat' dir='ltr'>in</span> <span class='ocrx_word' id='word_1_478' title='bbox 1185 2263 1273 2288; x_wconf 88' lang='lat' dir='ltr'>theol.</span> <span class='ocrx_word' id='word_1_479' title='bbox 1298 2263 1429 2291; x_wconf 72' lang='lat' dir='ltr'>Parisius,</span> <span class='ocrx_word' id='word_1_480' title='bbox 1447 2262 1615 2295; x_wconf 88' lang='lat' dir='ltr'>nuncioque</span> <span class='ocrx_word' id='word_1_481' title='bbox 1635 2262 1786 2287; x_wconf 88' lang='lat' dir='ltr'>Universit.</span> <span class='ocrx_word' id='word_1_482' title='bbox 1811 2269 1890 2287; x_wconf 93' lang='lat' dir='ltr'>nunc</span> <span class='ocrx_word' id='word_1_483' title='bbox 1905 2260 2049 2286; x_wconf 88' lang='lat' dir='ltr'>sanctitati</span> <span class='ocrx_word' id='word_1_484' title='bbox 2064 2261 2155 2287; x_wconf 78' lang='lat' dir='ltr'>vestre</span> <span class='ocrx_word' id='word_1_485' title='bbox 2169 2260 2321 2286; x_wconf 79' lang='lat' dir='ltr'>destinato.</span> 
     </span>
    </p>

    <p class='ocr_par' dir='ltr' id='par_1_25' title="bbox 549 2308 1757 2345">
     <span class='ocr_line' id='line_1_38' title="bbox 549 2308 1757 2345; baseline 0.002 -12"><span class='ocrx_word' id='word_1_486' title='bbox 549 2308 676 2334; x_wconf 87' lang='lat' dir='ltr'>Johanni</span> <span class='ocrx_word' id='word_1_487' title='bbox 689 2309 788 2339; x_wconf 75' lang='lat' dir='ltr'>Barbe,</span> <span class='ocrx_word' id='word_1_488' title='bbox 804 2310 908 2342; x_wconf 61' lang='lat' dir='ltr'>presb„</span> <span class='ocrx_word' id='word_1_489' title='bbox 926 2318 1002 2343; x_wconf 84' lang='lat' dir='ltr'>mag.</span> <span class='ocrx_word' id='word_1_490' title='bbox 1018 2310 1048 2335; x_wconf 92' lang='lat' dir='ltr'>in</span> <span class='ocrx_word' id='word_1_491' title='bbox 1062 2312 1127 2339; x_wconf 65' lang='lat' dir='ltr'>art,</span> <span class='ocrx_word' id='word_1_492' title='bbox 1145 2311 1205 2337; x_wconf 86' lang='lat' dir='ltr'>bac.</span> <span class='ocrx_word' id='word_1_493' title='bbox 1223 2311 1253 2336; x_wconf 93' lang='lat' dir='ltr'>in</span> <span class='ocrx_word' id='word_1_494' title='bbox 1266 2311 1355 2337; x_wconf 89' lang='lat' dir='ltr'>theol.</span> <span class='ocrx_word' id='word_1_495' title='bbox 1375 2310 1419 2345; x_wconf 90' lang='lat' dir='ltr'>[de</span> <span class='ocrx_word' id='word_1_496' title='bbox 1434 2319 1497 2337; x_wconf 90' lang='lat' dir='ltr'>can.</span> <span class='ocrx_word' id='word_1_497' title='bbox 1515 2311 1582 2337; x_wconf 91' lang='lat' dir='ltr'>eccl.</span> <span class='ocrx_word' id='word_1_498' title='bbox 1600 2310 1757 2345; x_wconf 84' lang='lat' dir='ltr'>Meldens.].</span> 
     </span>
    </p>

    <p class='ocr_par' dir='ltr' id='par_1_26' title="bbox 549 2357 2029 2393">
     <span class='ocr_line' id='line_1_39' title="bbox 549 2357 2029 2393; baseline 0.001 -11"><span class='ocrx_word' id='word_1_499' title='bbox 549 2357 631 2383; x_wconf 86' lang='lat' dir='ltr'>Petro</span> <span class='ocrx_word' id='word_1_500' title='bbox 647 2357 747 2387; x_wconf 73' lang='lat' dir='ltr'>Veroli,</span> <span class='ocrx_word' id='word_1_501' title='bbox 764 2358 902 2386; x_wconf 82' lang='lat' dir='ltr'>subdiac..</span> <span class='ocrx_word' id='word_1_502' title='bbox 920 2367 996 2392; x_wconf 85' lang='lat' dir='ltr'>mag.</span> <span class='ocrx_word' id='word_1_503' title='bbox 1014 2359 1044 2384; x_wconf 89' lang='lat' dir='ltr'>in</span> <span class='ocrx_word' id='word_1_504' title='bbox 1059 2361 1125 2388; x_wconf 69' lang='lat' dir='ltr'>art.v</span> <span class='ocrx_word' id='word_1_505' title='bbox 1140 2360 1200 2385; x_wconf 86' lang='lat' dir='ltr'>bac.</span> <span class='ocrx_word' id='word_1_506' title='bbox 1218 2361 1284 2385; x_wconf 86' lang='lat' dir='ltr'>actu</span> <span class='ocrx_word' id='word_1_507' title='bbox 1297 2360 1404 2393; x_wconf 84' lang='lat' dir='ltr'>legenti</span> <span class='ocrx_word' id='word_1_508' title='bbox 1419 2360 1449 2385; x_wconf 90' lang='lat' dir='ltr'>in</span> <span class='ocrx_word' id='word_1_509' title='bbox 1465 2359 1555 2389; x_wconf 72' lang='lat' dir='ltr'>med,</span> <span class='ocrx_word' id='word_1_510' title='bbox 1572 2360 1640 2386; x_wconf 89' lang='lat' dir='ltr'>alias</span> <span class='ocrx_word' id='word_1_511' title='bbox 1655 2359 1758 2385; x_wconf 88' lang='lat' dir='ltr'>rectori</span> <span class='ocrx_word' id='word_1_512' title='bbox 1774 2359 1925 2385; x_wconf 87' lang='lat' dir='ltr'>Universit.</span> <span class='ocrx_word' id='word_1_513' title='bbox 1944 2358 2029 2384; x_wconf 87' lang='lat' dir='ltr'>Paris.</span> 
     </span>
    </p>

    <p class='ocr_par' dir='ltr' id='par_1_27' title="bbox 550 2406 1526 2442">
     <span class='ocr_line' id='line_1_40' title="bbox 550 2406 1526 2442; baseline 0.004 -12"><span class='ocrx_word' id='word_1_514' title='bbox 550 2406 711 2431; x_wconf 90' lang='lat' dir='ltr'>Guillcrmo</span> <span class='ocrx_word' id='word_1_515' title='bbox 726 2407 882 2442; x_wconf 54' lang='lat' dir='ltr'>Aimeline„</span> <span class='ocrx_word' id='word_1_516' title='bbox 892 2408 1030 2437; x_wconf 85' lang='lat' dir='ltr'>subdiac..</span> <span class='ocrx_word' id='word_1_517' title='bbox 1048 2416 1124 2441; x_wconf 79' lang='lat' dir='ltr'>mag.</span> <span class='ocrx_word' id='word_1_518' title='bbox 1142 2408 1172 2433; x_wconf 89' lang='lat' dir='ltr'>in</span> <span class='ocrx_word' id='word_1_519' title='bbox 1187 2410 1241 2434; x_wconf 89' lang='lat' dir='ltr'>art.</span> <span class='ocrx_word' id='word_1_520' title='bbox 1258 2410 1286 2434; x_wconf 87' lang='lat' dir='ltr'>et</span> <span class='ocrx_word' id='word_1_521' title='bbox 1302 2409 1361 2434; x_wconf 89' lang='lat' dir='ltr'>bac.</span> <span class='ocrx_word' id='word_1_522' title='bbox 1378 2409 1409 2434; x_wconf 88' lang='lat' dir='ltr'>in</span> <span class='ocrx_word' id='word_1_523' title='bbox 1421 2409 1526 2435; x_wconf 89' lang='lat' dir='ltr'>decret.</span> 
     </span>
    </p>

    <p class='ocr_par' dir='ltr' id='par_1_28' title="bbox 459 2455 2322 2579">
     <span class='ocr_line' id='line_1_41' title="bbox 507 2455 2322 2490; baseline 0.001 -11"><span class='ocrx_word' id='word_1_524' title='bbox 507 2467 510 2470; x_wconf 87' lang='lat'><strong>·</strong></span> <span class='ocrx_word' id='word_1_525' title='bbox 551 2455 633 2480; x_wconf 83' lang='lat' dir='ltr'>Petro</span> <span class='ocrx_word' id='word_1_526' title='bbox 647 2455 786 2483; x_wconf 67' lang='lat' dir='ltr'>Fresnels»,</span> <span class='ocrx_word' id='word_1_527' title='bbox 802 2456 927 2481; x_wconf 88' lang='lat' dir='ltr'>subdiac.</span> <span class='ocrx_word' id='word_1_528' title='bbox 946 2457 1118 2489; x_wconf 81' lang='lat' dir='ltr'>Rothomag.</span> <span class='ocrx_word' id='word_1_529' title='bbox 1134 2457 1219 2486; x_wconf 79' lang='lat' dir='ltr'>dioc..</span> <span class='ocrx_word' id='word_1_530' title='bbox 1236 2458 1326 2483; x_wconf 89' lang='lat' dir='ltr'>nobili</span> <span class='ocrx_word' id='word_1_531' title='bbox 1342 2466 1375 2483; x_wconf 83' lang='lat' dir='ltr'>ex</span> <span class='ocrx_word' id='word_1_532' title='bbox 1391 2460 1517 2490; x_wconf 89' lang='lat' dir='ltr'>utroque</span> <span class='ocrx_word' id='word_1_533' title='bbox 1527 2459 1647 2490; x_wconf 86' lang='lat' dir='ltr'>parente</span> <span class='ocrx_word' id='word_1_534' title='bbox 1659 2457 1695 2483; x_wconf 87' lang='lat' dir='ltr'>de</span> <span class='ocrx_word' id='word_1_535' title='bbox 1708 2465 1812 2490; x_wconf 86' lang='lat' dir='ltr'>genere</span> <span class='ocrx_word' id='word_1_536' title='bbox 1825 2457 1945 2482; x_wconf 88' lang='lat' dir='ltr'>militari</span> <span class='ocrx_word' id='word_1_537' title='bbox 1957 2457 2115 2490; x_wconf 84' lang='lat' dir='ltr'>procreato,</span> <span class='ocrx_word' id='word_1_538' title='bbox 2130 2463 2207 2488; x_wconf 88' lang='lat' dir='ltr'>mag.</span> <span class='ocrx_word' id='word_1_539' title='bbox 2222 2455 2253 2481; x_wconf 92' lang='lat' dir='ltr'>in</span> <span class='ocrx_word' id='word_1_540' title='bbox 2267 2456 2322 2482; x_wconf 84' lang='lat' dir='ltr'>art.</span> 
     </span>
     <span class='ocr_line' id='line_1_42' title="bbox 459 2503 2322 2539; baseline 0.001 -11"><span class='ocrx_word' id='word_1_541' title='bbox 459 2504 488 2529; x_wconf 85' lang='lat' dir='ltr'>et</span> <span class='ocrx_word' id='word_1_542' title='bbox 500 2503 596 2529; x_wconf 86' lang='lat' dir='ltr'>licent.</span> <span class='ocrx_word' id='word_1_543' title='bbox 614 2503 643 2528; x_wconf 89' lang='lat' dir='ltr'>in</span> <span class='ocrx_word' id='word_1_544' title='bbox 658 2504 711 2535; x_wconf 85' lang='lat' dir='ltr'>leg.</span> <span class='ocrx_word' id='word_1_545' title='bbox 729 2504 764 2530; x_wconf 90' lang='lat' dir='ltr'>de</span> <span class='ocrx_word' id='word_1_546' title='bbox 778 2504 871 2537; x_wconf 84' lang='lat' dir='ltr'>rigore</span> <span class='ocrx_word' id='word_1_547' title='bbox 889 2505 1037 2534; x_wconf 75' lang='lat' dir='ltr'>examinis,</span> <span class='ocrx_word' id='word_1_548' title='bbox 1055 2507 1082 2531; x_wconf 85' lang='lat' dir='ltr'>et</span> <span class='ocrx_word' id='word_1_549' title='bbox 1100 2506 1160 2531; x_wconf 86' lang='lat' dir='ltr'>bac.</span> <span class='ocrx_word' id='word_1_550' title='bbox 1178 2506 1208 2531; x_wconf 93' lang='lat' dir='ltr'>in</span> <span class='ocrx_word' id='word_1_551' title='bbox 1223 2506 1327 2532; x_wconf 86' lang='lat' dir='ltr'>decret.</span> <span class='ocrx_word' id='word_1_552' title='bbox 1347 2507 1468 2532; x_wconf 86' lang='lat' dir='ltr'>Parisius</span> <span class='ocrx_word' id='word_1_553' title='bbox 1483 2508 1548 2532; x_wconf 89' lang='lat' dir='ltr'>actu</span> <span class='ocrx_word' id='word_1_554' title='bbox 1565 2507 1682 2539; x_wconf 86' lang='lat' dir='ltr'>legenti,</span> <span class='ocrx_word' id='word_1_555' title='bbox 1700 2507 1765 2532; x_wconf 91' lang='lat' dir='ltr'>cler.</span> <span class='ocrx_word' id='word_1_556' title='bbox 1783 2508 1811 2532; x_wconf 90' lang='grc'>01</span> <span class='ocrx_word' id='word_1_557' title='bbox 1826 2506 1988 2532; x_wconf 90' lang='lat' dir='ltr'>consiliario</span> <span class='ocrx_word' id='word_1_558' title='bbox 2003 2504 2118 2530; x_wconf 90' lang='lat' dir='ltr'>domini</span> <span class='ocrx_word' id='word_1_559' title='bbox 2133 2504 2223 2530; x_wconf 89' lang='lat' dir='ltr'>nostri</span> <span class='ocrx_word' id='word_1_560' title='bbox 2238 2504 2322 2538; x_wconf 79' lang='lat' dir='ltr'>regis.</span> 
     </span>
     <span class='ocr_line' id='line_1_43' title="bbox 461 2552 1122 2579; baseline 0.005 -3"><span class='ocrx_word' id='word_1_561' title='bbox 461 2552 563 2577; x_wconf 84' lang='lat' dir='ltr'>rectori</span> <span class='ocrx_word' id='word_1_562' title='bbox 580 2552 664 2577; x_wconf 80' lang='lat' dir='ltr'>Paris.</span> <span class='ocrx_word' id='word_1_563' title='bbox 681 2553 748 2577; x_wconf 88' lang='lat' dir='ltr'>eccl.</span> <span class='ocrx_word' id='word_1_564' title='bbox 766 2553 796 2578; x_wconf 93' lang='lat' dir='ltr'>B.</span> <span class='ocrx_word' id='word_1_565' title='bbox 814 2553 899 2579; x_wconf 80' lang='lat' dir='ltr'>Mario</span> <span class='ocrx_word' id='word_1_566' title='bbox 914 2554 949 2579; x_wconf 88' lang='grc'>(10</span> <span class='ocrx_word' id='word_1_567' title='bbox 966 2554 1122 2579; x_wconf 80' lang='lat' dir='ltr'>Bretevilla.</span> 
     </span>
    </p>

    <p class='ocr_par' dir='ltr' id='par_1_29' title="bbox 550 2600 2052 2636">
     <span class='ocr_line' id='line_1_44' title="bbox 550 2600 2052 2636; baseline 0.002 -12"><span class='ocrx_word' id='word_1_568' title='bbox 550 2600 669 2632; x_wconf 79' lang='lat' dir='ltr'>Syinoui</span> <span class='ocrx_word' id='word_1_569' title='bbox 684 2601 818 2630; x_wconf 86' lang='lat' dir='ltr'>Barberii‚</span> <span class='ocrx_word' id='word_1_570' title='bbox 836 2602 914 2630; x_wconf 75' lang='lat' dir='ltr'>cler..</span> <span class='ocrx_word' id='word_1_571' title='bbox 931 2610 1007 2635; x_wconf 81' lang='lat' dir='ltr'>mag.</span> <span class='ocrx_word' id='word_1_572' title='bbox 1021 2603 1050 2627; x_wconf 90' lang='lat' dir='ltr'>in</span> <span class='ocrx_word' id='word_1_573' title='bbox 1066 2604 1131 2630; x_wconf 71' lang='lat' dir='ltr'>art..</span> <span class='ocrx_word' id='word_1_574' title='bbox 1144 2603 1173 2628; x_wconf 91' lang='lat' dir='ltr'>in</span> <span class='ocrx_word' id='word_1_575' title='bbox 1190 2605 1294 2635; x_wconf 86' lang='lat' dir='ltr'>quarto</span> <span class='ocrx_word' id='word_1_576' title='bbox 1309 2611 1355 2628; x_wconf 85' lang='lat' dir='ltr'>an.</span> <span class='ocrx_word' id='word_1_577' title='bbox 1373 2604 1509 2629; x_wconf 88' lang='lat' dir='ltr'>audiendi</span> <span class='ocrx_word' id='word_1_578' title='bbox 1525 2604 1579 2636; x_wconf 73' lang='lat' dir='ltr'>leg.</span> <span class='ocrx_word' id='word_1_579' title='bbox 1598 2603 1770 2632; x_wconf 76' lang='lat' dir='ltr'>Aurelianis,</span> <span class='ocrx_word' id='word_1_580' title='bbox 1788 2603 1961 2636; x_wconf 78' lang='lat' dir='ltr'>Rothomag.</span> <span class='ocrx_word' id='word_1_581' title='bbox 1979 2602 2052 2628; x_wconf 91' lang='lat' dir='ltr'>dioc.</span> 
     </span>
    </p>

    <p class='ocr_par' dir='ltr' id='par_1_30' title="bbox 550 2648 1626 2684">
     <span class='ocr_line' id='line_1_45' title="bbox 550 2648 1626 2684; baseline 0.004 -11"><span class='ocrx_word' id='word_1_582' title='bbox 550 2648 662 2674; x_wconf 87' lang='lat' dir='ltr'>Nicolao</span> <span class='ocrx_word' id='word_1_583' title='bbox 676 2649 711 2674; x_wconf 92' lang='lat' dir='ltr'>de</span> <span class='ocrx_word' id='word_1_584' title='bbox 727 2649 814 2678; x_wconf 81' lang='lat' dir='ltr'>Valle,</span> <span class='ocrx_word' id='word_1_585' title='bbox 831 2650 896 2675; x_wconf 86' lang='lat' dir='ltr'>cler.</span> <span class='ocrx_word' id='word_1_586' title='bbox 914 2651 1055 2676; x_wconf 85' lang='lat' dir='ltr'>Baiocens.</span> <span class='ocrx_word' id='word_1_587' title='bbox 1073 2651 1158 2679; x_wconf 81' lang='lat' dir='ltr'>dioc..</span> <span class='ocrx_word' id='word_1_588' title='bbox 1176 2659 1252 2684; x_wconf 81' lang='lat' dir='ltr'>mag.</span> <span class='ocrx_word' id='word_1_589' title='bbox 1270 2652 1300 2676; x_wconf 91' lang='lat' dir='ltr'>in</span> <span class='ocrx_word' id='word_1_590' title='bbox 1316 2654 1381 2681; x_wconf 71' lang='lat' dir='ltr'>art..</span> <span class='ocrx_word' id='word_1_591' title='bbox 1399 2652 1475 2677; x_wconf 89' lang='lat' dir='ltr'>stud.</span> <span class='ocrx_word' id='word_1_592' title='bbox 1494 2653 1626 2677; x_wconf 86' lang='lat' dir='ltr'>Parisius.</span> 
     </span>
    </p>

    <p class='ocr_par' dir='ltr' id='par_1_31' title="bbox 550 2697 1684 2731">
     <span class='ocr_line' id='line_1_46' title="bbox 550 2697 1684 2731; baseline 0.004 -10"><span class='ocrx_word' id='word_1_593' title='bbox 550 2697 691 2722; x_wconf 84' lang='lat' dir='ltr'>Richardo</span> <span class='ocrx_word' id='word_1_594' title='bbox 707 2698 799 2725; x_wconf 80' lang='lat' dir='ltr'>Piscis,</span> <span class='ocrx_word' id='word_1_595' title='bbox 814 2698 952 2727; x_wconf 65' lang='lat' dir='ltr'>subdiac,</span> <span class='ocrx_word' id='word_1_596' title='bbox 971 2707 1047 2731; x_wconf 79' lang='lat' dir='ltr'>mag.</span> <span class='ocrx_word' id='word_1_597' title='bbox 1063 2699 1093 2724; x_wconf 88' lang='lat' dir='ltr'>in</span> <span class='ocrx_word' id='word_1_598' title='bbox 1106 2701 1159 2724; x_wconf 85' lang='lat' dir='ltr'>art.</span> <span class='ocrx_word' id='word_1_599' title='bbox 1174 2702 1202 2725; x_wconf 86' lang='lat' dir='ltr'>et</span> <span class='ocrx_word' id='word_1_600' title='bbox 1216 2700 1277 2725; x_wconf 91' lang='lat' dir='ltr'>bac.</span> <span class='ocrx_word' id='word_1_601' title='bbox 1294 2700 1323 2725; x_wconf 88' lang='lat' dir='ltr'>in</span> <span class='ocrx_word' id='word_1_602' title='bbox 1341 2700 1429 2729; x_wconf 72' lang='lat' dir='ltr'>med,</span> <span class='ocrx_word' id='word_1_603' title='bbox 1446 2701 1595 2726; x_wconf 86' lang='lat' dir='ltr'>Constant.</span> <span class='ocrx_word' id='word_1_604' title='bbox 1612 2701 1684 2726; x_wconf 91' lang='lat' dir='ltr'>dioc.</span> 
     </span>
    </p>

    <p class='ocr_par' dir='ltr' id='par_1_32' title="bbox 549 2745 2240 2781">
     <span class='ocr_line' id='line_1_47' title="bbox 549 2745 2240 2781; baseline 0.001 -11"><span class='ocrx_word' id='word_1_605' title='bbox 549 2745 649 2777; x_wconf 82' lang='lat' dir='ltr'>Egidio</span> <span class='ocrx_word' id='word_1_606' title='bbox 666 2746 748 2778; x_wconf 88' lang='lat' dir='ltr'>Lupi,</span> <span class='ocrx_word' id='word_1_607' title='bbox 765 2746 831 2771; x_wconf 91' lang='lat' dir='ltr'>cler.</span> <span class='ocrx_word' id='word_1_608' title='bbox 847 2747 881 2772; x_wconf 89' lang='grc'>(10</span> <span class='ocrx_word' id='word_1_609' title='bbox 898 2747 1090 2780; x_wconf 79' lang='lat' dir='ltr'>Rothomago,</span> <span class='ocrx_word' id='word_1_610' title='bbox 1108 2756 1183 2781; x_wconf 81' lang='lat' dir='ltr'>mag.</span> <span class='ocrx_word' id='word_1_611' title='bbox 1200 2748 1230 2773; x_wconf 91' lang='lat' dir='ltr'>in</span> <span class='ocrx_word' id='word_1_612' title='bbox 1243 2750 1308 2777; x_wconf 80' lang='lat' dir='ltr'>art..</span> <span class='ocrx_word' id='word_1_613' title='bbox 1326 2749 1458 2774; x_wconf 86' lang='lat' dir='ltr'>existenti</span> <span class='ocrx_word' id='word_1_614' title='bbox 1474 2749 1503 2774; x_wconf 89' lang='lat' dir='ltr'>in</span> <span class='ocrx_word' id='word_1_615' title='bbox 1518 2751 1595 2775; x_wconf 83' lang='lat' dir='ltr'>sexto</span> <span class='ocrx_word' id='word_1_616' title='bbox 1610 2757 1656 2774; x_wconf 90' lang='lat' dir='ltr'>an.</span> <span class='ocrx_word' id='word_1_617' title='bbox 1673 2757 1722 2775; x_wconf 89' lang='lat' dir='ltr'>sue</span> <span class='ocrx_word' id='word_1_618' title='bbox 1737 2749 1895 2775; x_wconf 90' lang='lat' dir='ltr'>auditionis</span> <span class='ocrx_word' id='word_1_619' title='bbox 1909 2749 2093 2774; x_wconf 87' lang='lat' dir='ltr'>decretorum</span> <span class='ocrx_word' id='word_1_620' title='bbox 2109 2747 2240 2773; x_wconf 86' lang='lat' dir='ltr'>Parisius.</span> 
     </span>
    </p>

    <p class='ocr_par' dir='ltr' id='par_1_33' title="bbox 460 2793 2322 2876">
     <span class='ocr_line' id='line_1_48' title="bbox 546 2793 2322 2831; baseline 0.001 -13"><span class='ocrx_word' id='word_1_621' title='bbox 546 2794 672 2819; x_wconf 66' lang='lat' dir='ltr'>„Iohanni</span> <span class='ocrx_word' id='word_1_622' title='bbox 687 2794 839 2823; x_wconf 86' lang='lat' dir='ltr'>Manchon.</span> <span class='ocrx_word' id='word_1_623' title='bbox 857 2795 922 2821; x_wconf 85' lang='lat' dir='ltr'>cler.</span> <span class='ocrx_word' id='word_1_624' title='bbox 943 2796 1085 2821; x_wconf 87' lang='lat' dir='ltr'>Baiocens.</span> <span class='ocrx_word' id='word_1_625' title='bbox 1099 2796 1184 2825; x_wconf 85' lang='lat' dir='ltr'>dioc.,</span> <span class='ocrx_word' id='word_1_626' title='bbox 1204 2804 1281 2829; x_wconf 86' lang='lat' dir='ltr'>mag.</span> <span class='ocrx_word' id='word_1_627' title='bbox 1298 2797 1328 2822; x_wconf 93' lang='lat' dir='ltr'>in</span> <span class='ocrx_word' id='word_1_628' title='bbox 1342 2799 1407 2825; x_wconf 77' lang='lat' dir='ltr'>art..</span> <span class='ocrx_word' id='word_1_629' title='bbox 1425 2798 1491 2823; x_wconf 85' lang='lat' dir='ltr'>scol.</span> <span class='ocrx_word' id='word_1_630' title='bbox 1509 2798 1539 2823; x_wconf 90' lang='lat' dir='ltr'>in</span> <span class='ocrx_word' id='word_1_631' title='bbox 1554 2798 1653 2827; x_wconf 87' lang='lat' dir='ltr'>thcol.‚</span> <span class='ocrx_word' id='word_1_632' title='bbox 1671 2800 1772 2831; x_wconf 89' lang='lat' dir='ltr'>parato</span> <span class='ocrx_word' id='word_1_633' title='bbox 1787 2798 1881 2831; x_wconf 86' lang='lat' dir='ltr'>legere</span> <span class='ocrx_word' id='word_1_634' title='bbox 1896 2805 1996 2824; x_wconf 90' lang='lat' dir='ltr'>cursus</span> <span class='ocrx_word' id='word_1_635' title='bbox 2011 2805 2076 2823; x_wconf 82' lang='lat' dir='ltr'>suos</span> <span class='ocrx_word' id='word_1_636' title='bbox 2090 2797 2121 2822; x_wconf 91' lang='lat' dir='ltr'>in</span> <span class='ocrx_word' id='word_1_637' title='bbox 2136 2796 2237 2823; x_wconf 88' lang='lat' dir='ltr'>eadem</span> <span class='ocrx_word' id='word_1_638' title='bbox 2253 2793 2322 2821; x_wconf 79' lang='lat' dir='ltr'>sac.⁷</span> 
     </span>
     <span class='ocr_line' id='line_1_49' title="bbox 460 2842 1312 2876; baseline 0.004 -9"><span class='ocrx_word' id='word_1_639' title='bbox 460 2844 488 2867; x_wconf 89' lang='lat' dir='ltr'>ct</span> <span class='ocrx_word' id='word_1_640' title='bbox 502 2842 688 2875; x_wconf 87' lang='lat' dir='ltr'>compositori</span> <span class='ocrx_word' id='word_1_641' title='bbox 705 2843 793 2876; x_wconf 82' lang='lat' dir='ltr'>hujus</span> <span class='ocrx_word' id='word_1_642' title='bbox 808 2843 897 2868; x_wconf 89' lang='lat' dir='ltr'>rotuli</span> <span class='ocrx_word' id='word_1_643' title='bbox 910 2844 1052 2870; x_wconf 86' lang='lat' dir='ltr'>sanctitati</span> <span class='ocrx_word' id='word_1_644' title='bbox 1066 2846 1156 2870; x_wconf 81' lang='lat' dir='ltr'>vestre</span> <span class='ocrx_word' id='word_1_645' title='bbox 1169 2845 1312 2871; x_wconf 88' lang='lat' dir='ltr'>destinati.</span> 
     </span>
    </p>
   </div>
   <div class='ocr_carea' id='block_1_7' title="bbox 549 2890 2322 2928">
    <p class='ocr_par' dir='ltr' id='par_1_34' title="bbox 549 2890 2322 2928">
     <span class='ocr_line' id='line_1_50' title="bbox 549 2890 2322 2928; baseline 0.002 -13"><span class='ocrx_word' id='word_1_646' title='bbox 549 2890 671 2916; x_wconf 86' lang='lat' dir='ltr'>Martino</span> <span class='ocrx_word' id='word_1_647' title='bbox 686 2891 779 2918; x_wconf 87' lang='lat' dir='ltr'>Gazel.</span> <span class='ocrx_word' id='word_1_648' title='bbox 797 2892 922 2918; x_wconf 83' lang='lat' dir='ltr'>subdiac.</span> <span class='ocrx_word' id='word_1_649' title='bbox 944 2893 1086 2918; x_wconf 80' lang='lat' dir='ltr'>Baiocens.</span> <span class='ocrx_word' id='word_1_650' title='bbox 1107 2893 1192 2922; x_wconf 74' lang='lat' dir='ltr'>dioc,</span> <span class='ocrx_word' id='word_1_651' title='bbox 1210 2901 1286 2927; x_wconf 83' lang='lat' dir='ltr'>mag.</span> <span class='ocrx_word' id='word_1_652' title='bbox 1304 2894 1333 2919; x_wconf 93' lang='lat' dir='ltr'>in</span> <span class='ocrx_word' id='word_1_653' title='bbox 1349 2896 1415 2923; x_wconf 64' lang='lat' dir='ltr'>art..</span> <span class='ocrx_word' id='word_1_654' title='bbox 1433 2895 1493 2920; x_wconf 83' lang='lat' dir='ltr'>bac.</span> <span class='ocrx_word' id='word_1_655' title='bbox 1511 2897 1577 2921; x_wconf 90' lang='lat' dir='ltr'>actu</span> <span class='ocrx_word' id='word_1_656' title='bbox 1593 2896 1699 2928; x_wconf 79' lang='lat' dir='ltr'>legenti</span> <span class='ocrx_word' id='word_1_657' title='bbox 1717 2896 1747 2921; x_wconf 93' lang='lat' dir='ltr'>in</span> <span class='ocrx_word' id='word_1_658' title='bbox 1764 2897 1815 2922; x_wconf 81' lang='lat' dir='ltr'>fac.</span> <span class='ocrx_word' id='word_1_659' title='bbox 1839 2896 1929 2924; x_wconf 57' lang='lat' dir='ltr'>med„</span> <span class='ocrx_word' id='word_1_660' title='bbox 1946 2902 2024 2921; x_wconf 85' lang='lat' dir='ltr'>anno</span> <span class='ocrx_word' id='word_1_661' title='bbox 2039 2893 2171 2928; x_wconf 84' lang='lat' dir='ltr'>proxime</span> <span class='ocrx_word' id='word_1_662' title='bbox 2190 2892 2322 2927; x_wconf 82' lang='lat' dir='ltr'>sequenti</span> 
     </span>
    </p>
   </div>
  </div>
 </body>
</html>
