<?xml version="1.0" encoding="UTF-8"?>
<!DOCTYPE html PUBLIC "-//W3C//DTD XHTML 1.0 Transitional//EN"
    "http://www.w3.org/TR/xhtml1/DTD/xhtml1-transitional.dtd">
<html xmlns="http://www.w3.org/1999/xhtml" xml:lang="en" lang="en">
 <head>
  <title>
</title>
<meta http-equiv="Content-Type" content="text/html;charset=utf-8" />
  <meta name='ocr-system' content='tesseract 3.04.00' />
  <meta name='ocr-capabilities' content='ocr_page ocr_carea ocr_par ocr_line ocrx_word'/>
</head>
<body>
  <div class='ocr_page' id='page_1' title='image "auctariumchartul03univuoft_0378.png"; bbox 0 0 2488 3386; ppageno 0'>
   <div class='ocr_carea' id='block_1_1' title="bbox 442 329 2302 368">
    <p class='ocr_par' dir='ltr' id='par_1_1' title="bbox 442 329 2302 368">
     <span class='ocr_line' id='line_1_1' title="bbox 442 329 2302 368; baseline -0.004 0"><span class='ocrx_word' id='word_1_1' title='bbox 442 336 506 368; x_wconf 75' lang='lat'>3:30</span> <span class='ocrx_word' id='word_1_2' title='bbox 1013 342 1331 366; x_wconf 74' lang='lat' dir='ltr'>CHARTULARIUM</span> <span class='ocrx_word' id='word_1_3' title='bbox 1366 341 1556 363; x_wconf 75' lang='lat' dir='ltr'>UNtVEus.</span> <span class='ocrx_word' id='word_1_4' title='bbox 1592 341 1722 363; x_wconf 70' lang='lat' dir='ltr'>PAms.</span> <span class='ocrx_word' id='word_1_5' title='bbox 2203 329 2302 365; x_wconf 86' lang='lat'>[1384</span> 
     </span>
    </p>
   </div>
   <div class='ocr_carea' id='block_1_2' title="bbox 421 414 2301 2724">
    <p class='ocr_par' dir='ltr' id='par_1_2' title="bbox 421 414 2301 2724">
     <span class='ocr_line' id='line_1_2' title="bbox 442 414 2301 462; baseline -0.002 -11"><span class='ocrx_word' id='word_1_6' title='bbox 442 431 484 452; x_wconf 88' lang='lat' dir='ltr'>ex</span> <span class='ocrx_word' id='word_1_7' title='bbox 505 419 583 459; x_wconf 82' lang='lat' dir='ltr'>alia,</span> <span class='ocrx_word' id='word_1_8' title='bbox 603 418 806 462; x_wconf 81' lang='lat' dir='ltr'>questionis</span> <span class='ocrx_word' id='word_1_9' title='bbox 827 418 973 451; x_wconf 89' lang='lat' dir='ltr'>materia</span> <span class='ocrx_word' id='word_1_10' title='bbox 994 418 1041 450; x_wconf 92' lang='lat' dir='ltr'>sit</span> <span class='ocrx_word' id='word_1_11' title='bbox 1060 423 1194 457; x_wconf 83' lang='lat' dir='ltr'>exorta,</span> <span class='ocrx_word' id='word_1_12' title='bbox 1214 423 1248 449; x_wconf 90' lang='lat' dir='ltr'>et</span> <span class='ocrx_word' id='word_1_13' title='bbox 1267 416 1312 448; x_wconf 90' lang='lat' dir='ltr'>lis</span> <span class='ocrx_word' id='word_1_14' title='bbox 1328 416 1363 447; x_wconf 91' lang='lat' dir='ltr'>in</span> <span class='ocrx_word' id='word_1_15' title='bbox 1382 415 1607 447; x_wconf 89' lang='lat' dir='ltr'>Parlamento</span> <span class='ocrx_word' id='word_1_16' title='bbox 1631 414 1744 459; x_wconf 86' lang='lat' dir='ltr'>regali</span> <span class='ocrx_word' id='word_1_17' title='bbox 1765 415 1926 447; x_wconf 86' lang='lat' dir='ltr'>Parisius</span> <span class='ocrx_word' id='word_1_18' title='bbox 1943 426 2054 460; x_wconf 89' lang='lat' dir='ltr'>super</span> <span class='ocrx_word' id='word_1_19' title='bbox 2069 416 2301 460; x_wconf 73' lang='lat' dir='ltr'>possessorio</span> 
     </span>
     <span class='ocr_line' id='line_1_3' title="bbox 441 481 2301 530; baseline -0.001 -13"><span class='ocrx_word' id='word_1_20' title='bbox 441 485 596 530; x_wconf 81' lang='lat' dir='ltr'>pendeat</span> <span class='ocrx_word' id='word_1_21' title='bbox 616 491 652 517; x_wconf 88' lang='lat' dir='ltr'>ut</span> <span class='ocrx_word' id='word_1_22' title='bbox 667 485 842 517; x_wconf 88' lang='lat' dir='ltr'>asseritur</span> <span class='ocrx_word' id='word_1_23' title='bbox 857 484 1018 517; x_wconf 85' lang='lat' dir='ltr'>indecisa</span> <span class='ocrx_word' id='word_1_24' title='bbox 1037 495 1043 516; x_wconf 91' lang='lat'>:</span> <span class='ocrx_word' id='word_1_25' title='bbox 1062 495 1129 516; x_wconf 86' lang='lat' dir='ltr'>nos</span> <span class='ocrx_word' id='word_1_26' title='bbox 1146 483 1335 527; x_wconf 91' lang='lat' dir='ltr'>cupientes</span> <span class='ocrx_word' id='word_1_27' title='bbox 1352 481 1534 526; x_wconf 86' lang='lat' dir='ltr'>questioni</span> <span class='ocrx_word' id='word_1_28' title='bbox 1557 481 1766 525; x_wconf 88' lang='lat' dir='ltr'>hujusmodi</span> <span class='ocrx_word' id='word_1_29' title='bbox 1783 481 1891 514; x_wconf 87' lang='lat' dir='ltr'>finem</span> <span class='ocrx_word' id='word_1_30' title='bbox 1908 481 2096 526; x_wconf 74' lang='lat' dir='ltr'>imponere</span> <span class='ocrx_word' id='word_1_31' title='bbox 2113 482 2301 527; x_wconf 86' lang='lat' dir='ltr'>ipsamque</span> 
     </span>
     <span class='ocr_line' id='line_1_4' title="bbox 441 547 2300 595; baseline -0.001 -12"><span class='ocrx_word' id='word_1_32' title='bbox 441 551 630 584; x_wconf 88' lang='lat' dir='ltr'>ecclesiam</span> <span class='ocrx_word' id='word_1_33' title='bbox 653 550 821 595; x_wconf 87' lang='lat' dir='ltr'>specialis</span> <span class='ocrx_word' id='word_1_34' title='bbox 842 550 878 582; x_wconf 92' lang='lat' dir='ltr'>in</span> <span class='ocrx_word' id='word_1_35' title='bbox 895 550 959 582; x_wconf 90' lang='lat' dir='ltr'>hac</span> <span class='ocrx_word' id='word_1_36' title='bbox 980 557 1078 595; x_wconf 91' lang='lat' dir='ltr'>parte</span> <span class='ocrx_word' id='word_1_37' title='bbox 1100 549 1327 594; x_wconf 83' lang='lat' dir='ltr'>prerogativa</span> <span class='ocrx_word' id='word_1_38' title='bbox 1344 548 1459 592; x_wconf 86' lang='lat' dir='ltr'>gratie</span> <span class='ocrx_word' id='word_1_39' title='bbox 1476 547 1661 588; x_wconf 89' lang='lat' dir='ltr'>decorare,</span> <span class='ocrx_word' id='word_1_40' title='bbox 1680 554 1778 580; x_wconf 89' lang='lat' dir='ltr'>motu</span> <span class='ocrx_word' id='word_1_41' title='bbox 1800 547 1962 592; x_wconf 90' lang='lat' dir='ltr'>proprio,</span> <span class='ocrx_word' id='word_1_42' title='bbox 1980 560 2054 580; x_wconf 92' lang='lat' dir='ltr'>non</span> <span class='ocrx_word' id='word_1_43' title='bbox 2074 548 2117 580; x_wconf 89' lang='lat' dir='ltr'>ad</span> <span class='ocrx_word' id='word_1_44' title='bbox 2138 548 2300 593; x_wconf 91' lang='lat' dir='ltr'>ipsorum</span> 
     </span>
     <span class='ocr_line' id='line_1_5' title="bbox 439 613 2298 661; baseline -0.002 -11"><span class='ocrx_word' id='word_1_45' title='bbox 439 616 563 650; x_wconf 90' lang='lat' dir='ltr'>Jacobi</span> <span class='ocrx_word' id='word_1_46' title='bbox 584 617 710 649; x_wconf 91' lang='lat' dir='ltr'>decani</span> <span class='ocrx_word' id='word_1_47' title='bbox 732 623 766 649; x_wconf 90' lang='lat' dir='ltr'>et</span> <span class='ocrx_word' id='word_1_48' title='bbox 786 616 932 661; x_wconf 90' lang='lat' dir='ltr'>capituli</span> <span class='ocrx_word' id='word_1_49' title='bbox 953 616 1009 649; x_wconf 90' lang='lat' dir='ltr'>vel</span> <span class='ocrx_word' id='word_1_50' title='bbox 1036 615 1184 648; x_wconf 90' lang='lat' dir='ltr'>alterius</span> <span class='ocrx_word' id='word_1_51' title='bbox 1210 627 1274 659; x_wconf 90' lang='lat' dir='ltr'>pro</span> <span class='ocrx_word' id='word_1_52' title='bbox 1297 614 1349 646; x_wconf 89' lang='lat' dir='ltr'>eis</span> <span class='ocrx_word' id='word_1_53' title='bbox 1377 613 1484 646; x_wconf 90' lang='lat' dir='ltr'>nobis</span> <span class='ocrx_word' id='word_1_54' title='bbox 1506 625 1617 658; x_wconf 89' lang='lat' dir='ltr'>super</span> <span class='ocrx_word' id='word_1_55' title='bbox 1636 613 1704 646; x_wconf 91' lang='lat' dir='ltr'>hoc</span> <span class='ocrx_word' id='word_1_56' title='bbox 1726 613 1846 646; x_wconf 88' lang='lat' dir='ltr'>oblate</span> <span class='ocrx_word' id='word_1_57' title='bbox 1872 614 2059 659; x_wconf 83' lang='lat' dir='ltr'>petitionis</span> <span class='ocrx_word' id='word_1_58' title='bbox 2080 614 2298 656; x_wconf 87' lang='lat' dir='ltr'>instantiam,</span> 
     </span>
     <span class='ocr_line' id='line_1_6' title="bbox 440 680 2300 726; baseline -0.001 -11"><span class='ocrx_word' id='word_1_59' title='bbox 440 683 505 716; x_wconf 90' lang='lat' dir='ltr'>sed</span> <span class='ocrx_word' id='word_1_60' title='bbox 525 683 569 715; x_wconf 92' lang='lat' dir='ltr'>de</span> <span class='ocrx_word' id='word_1_61' title='bbox 590 690 712 715; x_wconf 87' lang='lat' dir='ltr'>nostra</span> <span class='ocrx_word' id='word_1_62' title='bbox 733 695 830 715; x_wconf 88' lang='lat' dir='ltr'>mera</span> <span class='ocrx_word' id='word_1_63' title='bbox 849 682 1062 715; x_wconf 80' lang='lat' dir='ltr'>liberalitate</span> <span class='ocrx_word' id='word_1_64' title='bbox 1084 681 1245 726; x_wconf 85' lang='lat' dir='ltr'>predicto</span> <span class='ocrx_word' id='word_1_65' title='bbox 1262 680 1395 713; x_wconf 89' lang='lat' dir='ltr'>Jacobo</span> <span class='ocrx_word' id='word_1_66' title='bbox 1414 680 1550 712; x_wconf 88' lang='lat' dir='ltr'>decano</span> <span class='ocrx_word' id='word_1_67' title='bbox 1568 686 1603 712; x_wconf 92' lang='lat' dir='ltr'>et</span> <span class='ocrx_word' id='word_1_68' title='bbox 1623 681 1702 725; x_wconf 90' lang='lat' dir='ltr'>ejus</span> <span class='ocrx_word' id='word_1_69' title='bbox 1723 680 2003 714; x_wconf 88' lang='lat' dir='ltr'>successoribus</span> <span class='ocrx_word' id='word_1_70' title='bbox 2020 681 2168 714; x_wconf 87' lang='lat' dir='ltr'>decanis</span> <span class='ocrx_word' id='word_1_71' title='bbox 2184 681 2300 726; x_wconf 90' lang='lat' dir='ltr'>ipsius</span> 
     </span>
     <span class='ocr_line' id='line_1_7' title="bbox 440 746 2300 794; baseline -0.001 -12"><span class='ocrx_word' id='word_1_72' title='bbox 440 750 594 782; x_wconf 88' lang='lat' dir='ltr'>ecclesie</span> <span class='ocrx_word' id='word_1_73' title='bbox 625 757 660 782; x_wconf 89' lang='lat' dir='ltr'>et</span> <span class='ocrx_word' id='word_1_74' title='bbox 688 750 836 794; x_wconf 89' lang='lat' dir='ltr'>prefatis</span> <span class='ocrx_word' id='word_1_75' title='bbox 865 748 1021 793; x_wconf 88' lang='lat' dir='ltr'>capitulo</span> <span class='ocrx_word' id='word_1_76' title='bbox 1051 748 1261 780; x_wconf 88' lang='lat' dir='ltr'>auctoritate</span> <span class='ocrx_word' id='word_1_77' title='bbox 1291 746 1489 792; x_wconf 89' lang='lat' dir='ltr'>apostolica</span> <span class='ocrx_word' id='word_1_78' title='bbox 1524 747 1747 791; x_wconf 89' lang='lat' dir='ltr'>presentium</span> <span class='ocrx_word' id='word_1_79' title='bbox 1779 754 1906 780; x_wconf 89' lang='lat' dir='ltr'>tenore</span> <span class='ocrx_word' id='word_1_80' title='bbox 1939 748 2175 781; x_wconf 86' lang='lat' dir='ltr'>concedimus</span> <span class='ocrx_word' id='word_1_81' title='bbox 2203 748 2300 793; x_wconf 89' lang='lat' dir='ltr'>quod</span> 
     </span>
     <span class='ocr_line' id='line_1_8' title="bbox 438 813 2300 861; baseline -0.001 -12"><span class='ocrx_word' id='word_1_82' title='bbox 438 816 611 861; x_wconf 88' lang='lat' dir='ltr'>deinceps</span> <span class='ocrx_word' id='word_1_83' title='bbox 633 816 896 860; x_wconf 84' lang='lat' dir='ltr'>imperpetuum</span> <span class='ocrx_word' id='word_1_84' title='bbox 922 826 1016 847; x_wconf 91' lang='lat' dir='ltr'>unus</span> <span class='ocrx_word' id='word_1_85' title='bbox 1037 814 1233 847; x_wconf 89' lang='lat' dir='ltr'>canonicus</span> <span class='ocrx_word' id='word_1_86' title='bbox 1255 814 1416 858; x_wconf 86' lang='lat' dir='ltr'>predicte</span> <span class='ocrx_word' id='word_1_87' title='bbox 1437 813 1592 846; x_wconf 88' lang='lat' dir='ltr'>ecclesie</span> <span class='ocrx_word' id='word_1_88' title='bbox 1613 813 1834 858; x_wconf 88' lang='lat' dir='ltr'>prebendam</span> <span class='ocrx_word' id='word_1_89' title='bbox 1856 813 1946 846; x_wconf 85' lang='lat' dir='ltr'>inibi</span> <span class='ocrx_word' id='word_1_90' title='bbox 1967 814 2150 855; x_wconf 90' lang='lat' dir='ltr'>obtinens,</span> <span class='ocrx_word' id='word_1_91' title='bbox 2173 815 2300 847; x_wconf 89' lang='lat' dir='ltr'>deere-</span> 
     </span>
     <span class='ocr_line' id='line_1_9' title="bbox 438 880 2298 926; baseline 0 -12"><span class='ocrx_word' id='word_1_92' title='bbox 438 889 554 915; x_wconf 87' lang='lat' dir='ltr'>torum</span> <span class='ocrx_word' id='word_1_93' title='bbox 576 882 738 926; x_wconf 88' lang='lat' dir='ltr'>ipsorum</span> <span class='ocrx_word' id='word_1_94' title='bbox 761 881 898 922; x_wconf 88' lang='lat' dir='ltr'>doctor,</span> <span class='ocrx_word' id='word_1_95' title='bbox 926 881 987 925; x_wconf 90' lang='lat' dir='ltr'>qui</span> <span class='ocrx_word' id='word_1_96' title='bbox 1014 881 1050 912; x_wconf 90' lang='lat' dir='ltr'>in</span> <span class='ocrx_word' id='word_1_97' title='bbox 1072 880 1198 913; x_wconf 89' lang='lat' dir='ltr'>eodem</span> <span class='ocrx_word' id='word_1_98' title='bbox 1222 880 1342 912; x_wconf 90' lang='lat' dir='ltr'>studio</span> <span class='ocrx_word' id='word_1_99' title='bbox 1369 880 1528 925; x_wconf 84' lang='lat' dir='ltr'>insignia</span> <span class='ocrx_word' id='word_1_100' title='bbox 1559 881 1776 925; x_wconf 71' lang='lat' dir='ltr'>susceperit,</span> <span class='ocrx_word' id='word_1_101' title='bbox 1798 887 1993 913; x_wconf 87' lang='lat' dir='ltr'>memorata</span> <span class='ocrx_word' id='word_1_102' title='bbox 2017 881 2099 925; x_wconf 89' lang='lat' dir='ltr'>jura</span> <span class='ocrx_word' id='word_1_103' title='bbox 2126 881 2298 914; x_wconf 87' lang='lat' dir='ltr'>canonica</span> 
     </span>
     <span class='ocr_line' id='line_1_10' title="bbox 436 946 2299 992; baseline 0 -12"><span class='ocrx_word' id='word_1_104' title='bbox 436 948 472 980; x_wconf 91' lang='lat' dir='ltr'>in</span> <span class='ocrx_word' id='word_1_105' title='bbox 494 948 599 981; x_wconf 87' lang='lat' dir='ltr'>dictis</span> <span class='ocrx_word' id='word_1_106' title='bbox 621 948 730 980; x_wconf 88' lang='lat' dir='ltr'>scolis</span> <span class='ocrx_word' id='word_1_107' title='bbox 752 947 933 980; x_wconf 83' lang='lat' dir='ltr'>ordinarie</span> <span class='ocrx_word' id='word_1_108' title='bbox 954 947 1078 992; x_wconf 86' lang='lat' dir='ltr'>legere</span> <span class='ocrx_word' id='word_1_109' title='bbox 1094 946 1222 987; x_wconf 87' lang='lat' dir='ltr'>valeat,</span> <span class='ocrx_word' id='word_1_110' title='bbox 1242 947 1488 991; x_wconf 87' lang='lat' dir='ltr'>predictorum</span> <span class='ocrx_word' id='word_1_111' title='bbox 1510 947 1637 979; x_wconf 89' lang='lat' dir='ltr'>decani</span> <span class='ocrx_word' id='word_1_112' title='bbox 1657 947 1836 979; x_wconf 87' lang='lat' dir='ltr'>facultatis</span> <span class='ocrx_word' id='word_1_113' title='bbox 1857 953 1890 980; x_wconf 88' lang='lat' dir='ltr'>et</span> <span class='ocrx_word' id='word_1_114' title='bbox 1911 946 2059 992; x_wconf 85' lang='lat' dir='ltr'>collegii</span> <span class='ocrx_word' id='word_1_115' title='bbox 2080 947 2137 980; x_wconf 92' lang='lat' dir='ltr'>vel</span> <span class='ocrx_word' id='word_1_116' title='bbox 2158 947 2299 992; x_wconf 86' lang='lat' dir='ltr'>aliquo-</span> 
     </span>
     <span class='ocr_line' id='line_1_11' title="bbox 435 1012 2298 1059; baseline 0 -12"><span class='ocrx_word' id='word_1_117' title='bbox 435 1026 513 1047; x_wconf 90' lang='lat' dir='ltr'>rum</span> <span class='ocrx_word' id='word_1_118' title='bbox 536 1026 599 1047; x_wconf 91' lang='lat' dir='ltr'>seu</span> <span class='ocrx_word' id='word_1_119' title='bbox 621 1014 773 1058; x_wconf 86' lang='lat' dir='ltr'>alicujus</span> <span class='ocrx_word' id='word_1_120' title='bbox 795 1014 954 1058; x_wconf 91' lang='lat' dir='ltr'>ipsorum</span> <span class='ocrx_word' id='word_1_121' title='bbox 978 1013 1121 1046; x_wconf 91' lang='lat' dir='ltr'>licentia</span> <span class='ocrx_word' id='word_1_122' title='bbox 1144 1025 1254 1058; x_wconf 88' lang='lat' dir='ltr'>super</span> <span class='ocrx_word' id='word_1_123' title='bbox 1280 1012 1348 1045; x_wconf 91' lang='lat' dir='ltr'>hoc</span> <span class='ocrx_word' id='word_1_124' title='bbox 1376 1013 1524 1045; x_wconf 91' lang='lat' dir='ltr'>minime</span> <span class='ocrx_word' id='word_1_125' title='bbox 1552 1013 1739 1058; x_wconf 92' lang='lat' dir='ltr'>requisita,</span> <span class='ocrx_word' id='word_1_126' title='bbox 1763 1013 1867 1046; x_wconf 90' lang='lat' dir='ltr'>etiam</span> <span class='ocrx_word' id='word_1_127' title='bbox 1898 1013 1929 1046; x_wconf 95' lang='lat' dir='ltr'>si</span> <span class='ocrx_word' id='word_1_128' title='bbox 1954 1014 2077 1046; x_wconf 85' lang='lat' dir='ltr'>forsan</span> <span class='ocrx_word' id='word_1_129' title='bbox 2103 1013 2298 1059; x_wconf 82' lang='lat' dir='ltr'>aliquando</span> 
     </span>
     <span class='ocr_line' id='line_1_12' title="bbox 435 1079 2298 1126; baseline 0 -13"><span class='ocrx_word' id='word_1_130' title='bbox 435 1093 498 1125; x_wconf 90' lang='lat' dir='ltr'>per</span> <span class='ocrx_word' id='word_1_131' title='bbox 514 1081 687 1125; x_wconf 87' lang='lat' dir='ltr'>prefatum</span> <span class='ocrx_word' id='word_1_132' title='bbox 704 1079 875 1113; x_wconf 89' lang='lat' dir='ltr'>Jacohum</span> <span class='ocrx_word' id='word_1_133' title='bbox 897 1087 957 1112; x_wconf 92' lang='lat' dir='ltr'>aut</span> <span class='ocrx_word' id='word_1_134' title='bbox 976 1080 1188 1112; x_wconf 88' lang='lat' dir='ltr'>canonicum</span> <span class='ocrx_word' id='word_1_135' title='bbox 1210 1080 1326 1124; x_wconf 87' lang='lat' dir='ltr'>ipsius</span> <span class='ocrx_word' id='word_1_136' title='bbox 1344 1079 1512 1119; x_wconf 86' lang='lat' dir='ltr'>ecclesie,</span> <span class='ocrx_word' id='word_1_137' title='bbox 1532 1080 1593 1124; x_wconf 89' lang='lat' dir='ltr'>qui</span> <span class='ocrx_word' id='word_1_138' title='bbox 1614 1092 1679 1124; x_wconf 88' lang='lat' dir='ltr'>pro</span> <span class='ocrx_word' id='word_1_139' title='bbox 1701 1086 1863 1124; x_wconf 85' lang='lat' dir='ltr'>tempore</span> <span class='ocrx_word' id='word_1_140' title='bbox 1885 1080 1921 1112; x_wconf 91' lang='lat' dir='ltr'>in</span> <span class='ocrx_word' id='word_1_141' title='bbox 1943 1080 2048 1113; x_wconf 84' lang='lat' dir='ltr'>dictis</span> <span class='ocrx_word' id='word_1_142' title='bbox 2069 1080 2180 1114; x_wconf 86' lang='lat' dir='ltr'>scolis</span> <span class='ocrx_word' id='word_1_143' title='bbox 2201 1080 2298 1126; x_wconf 89' lang='lat' dir='ltr'>lege-</span> 
     </span>
     <span class='ocr_line' id='line_1_13' title="bbox 433 1146 2298 1192; baseline 0.001 -13"><span class='ocrx_word' id='word_1_144' title='bbox 433 1146 504 1188; x_wconf 89' lang='lat' dir='ltr'>bat,</span> <span class='ocrx_word' id='word_1_145' title='bbox 527 1147 670 1179; x_wconf 85' lang='lat' dir='ltr'>licentia</span> <span class='ocrx_word' id='word_1_146' title='bbox 697 1158 808 1191; x_wconf 90' lang='lat' dir='ltr'>super</span> <span class='ocrx_word' id='word_1_147' title='bbox 828 1146 963 1179; x_wconf 85' lang='lat' dir='ltr'>lectura</span> <span class='ocrx_word' id='word_1_148' title='bbox 984 1146 1193 1191; x_wconf 88' lang='lat' dir='ltr'>hujusmodi</span> <span class='ocrx_word' id='word_1_149' title='bbox 1222 1159 1239 1179; x_wconf 88' lang='lat' dir='ltr'>a</span> <span class='ocrx_word' id='word_1_150' title='bbox 1260 1147 1409 1191; x_wconf 87' lang='lat' dir='ltr'>prefatis</span> <span class='ocrx_word' id='word_1_151' title='bbox 1431 1147 1568 1179; x_wconf 88' lang='lat' dir='ltr'>decano</span> <span class='ocrx_word' id='word_1_152' title='bbox 1594 1146 1773 1179; x_wconf 86' lang='lat' dir='ltr'>facultatis</span> <span class='ocrx_word' id='word_1_153' title='bbox 1794 1153 1830 1179; x_wconf 92' lang='lat' dir='ltr'>et</span> <span class='ocrx_word' id='word_1_154' title='bbox 1854 1146 2011 1191; x_wconf 86' lang='lat' dir='ltr'>collegio</span> <span class='ocrx_word' id='word_1_155' title='bbox 2031 1146 2089 1180; x_wconf 91' lang='lat' dir='ltr'>vel</span> <span class='ocrx_word' id='word_1_156' title='bbox 2113 1146 2298 1192; x_wconf 86' lang='lat' dir='ltr'>aliquibus</span> 
     </span>
     <span class='ocr_line' id='line_1_14' title="bbox 432 1212 2297 1259; baseline 0.001 -14"><span class='ocrx_word' id='word_1_157' title='bbox 432 1220 493 1246; x_wconf 90' lang='lat' dir='ltr'>aut</span> <span class='ocrx_word' id='word_1_158' title='bbox 519 1213 638 1257; x_wconf 86' lang='lat' dir='ltr'>aliquo</span> <span class='ocrx_word' id='word_1_159' title='bbox 665 1212 863 1245; x_wconf 88' lang='lat' dir='ltr'>eorundem</span> <span class='ocrx_word' id='word_1_160' title='bbox 885 1213 994 1257; x_wconf 92' lang='lat' dir='ltr'>petita</span> <span class='ocrx_word' id='word_1_161' title='bbox 1014 1212 1124 1245; x_wconf 90' lang='lat' dir='ltr'>fuerit</span> <span class='ocrx_word' id='word_1_162' title='bbox 1142 1212 1200 1246; x_wconf 91' lang='lat' dir='ltr'>vel</span> <span class='ocrx_word' id='word_1_163' title='bbox 1228 1212 1393 1253; x_wconf 76' lang='lat' dir='ltr'>obtenta3</span> <span class='ocrx_word' id='word_1_164' title='bbox 1417 1213 1588 1258; x_wconf 88' lang='lat' dir='ltr'>quodque</span> <span class='ocrx_word' id='word_1_165' title='bbox 1616 1213 1814 1246; x_wconf 88' lang='lat' dir='ltr'>canonicus</span> <span class='ocrx_word' id='word_1_166' title='bbox 1841 1213 2006 1258; x_wconf 88' lang='lat' dir='ltr'>ejusdem</span> <span class='ocrx_word' id='word_1_167' title='bbox 2035 1213 2189 1246; x_wconf 90' lang='lat' dir='ltr'>ecclesie</span> <span class='ocrx_word' id='word_1_168' title='bbox 2214 1214 2297 1259; x_wconf 82' lang='lat' dir='ltr'>jura</span> 
     </span>
     <span class='ocr_line' id='line_1_15' title="bbox 431 1278 2296 1325; baseline 0.001 -13"><span class='ocrx_word' id='word_1_169' title='bbox 431 1279 590 1324; x_wconf 86' lang='lat' dir='ltr'>predicta</span> <span class='ocrx_word' id='word_1_170' title='bbox 607 1279 643 1311; x_wconf 91' lang='lat' dir='ltr'>in</span> <span class='ocrx_word' id='word_1_171' title='bbox 660 1279 796 1311; x_wconf 87' lang='lat' dir='ltr'>eisdem</span> <span class='ocrx_word' id='word_1_172' title='bbox 815 1278 925 1312; x_wconf 90' lang='lat' dir='ltr'>scolis</span> <span class='ocrx_word' id='word_1_173' title='bbox 942 1291 1007 1324; x_wconf 90' lang='lat' dir='ltr'>pro</span> <span class='ocrx_word' id='word_1_174' title='bbox 1025 1285 1200 1324; x_wconf 87' lang='lat' dir='ltr'>tempore,</span> <span class='ocrx_word' id='word_1_175' title='bbox 1217 1286 1255 1312; x_wconf 90' lang='lat' dir='ltr'>ut</span> <span class='ocrx_word' id='word_1_176' title='bbox 1270 1279 1503 1324; x_wconf 78' lang='lat' dir='ltr'>premittitur,</span> <span class='ocrx_word' id='word_1_177' title='bbox 1522 1279 1651 1324; x_wconf 85' lang='lat' dir='ltr'>legens</span> <span class='ocrx_word' id='word_1_178' title='bbox 1668 1291 1776 1313; x_wconf 90' lang='lat' dir='ltr'>verus</span> <span class='ocrx_word' id='word_1_179' title='bbox 1794 1291 1928 1325; x_wconf 86' lang='lat' dir='ltr'>regens</span> <span class='ocrx_word' id='word_1_180' title='bbox 1944 1279 1981 1312; x_wconf 93' lang='lat' dir='ltr'>in</span> <span class='ocrx_word' id='word_1_181' title='bbox 1998 1280 2136 1313; x_wconf 89' lang='lat' dir='ltr'>eisdem</span> <span class='ocrx_word' id='word_1_182' title='bbox 2148 1280 2296 1324; x_wconf 89' lang='lat' dir='ltr'>juribus</span> 
     </span>
     <span class='ocr_line' id='line_1_16' title="bbox 430 1346 2296 1392; baseline 0.001 -14"><span class='ocrx_word' id='word_1_183' title='bbox 430 1346 580 1390; x_wconf 85' lang='lat' dir='ltr'>perinde</span> <span class='ocrx_word' id='word_1_184' title='bbox 603 1352 802 1390; x_wconf 81' lang='lat' dir='ltr'>reputetur,</span> <span class='ocrx_word' id='word_1_185' title='bbox 825 1357 863 1378; x_wconf 91' lang='lat' dir='ltr'>ac</span> <span class='ocrx_word' id='word_1_186' title='bbox 892 1346 923 1378; x_wconf 90' lang='lat' dir='ltr'>si</span> <span class='ocrx_word' id='word_1_187' title='bbox 947 1347 1029 1390; x_wconf 87' lang='lat' dir='ltr'>jura</span> <span class='ocrx_word' id='word_1_188' title='bbox 1057 1346 1217 1390; x_wconf 86' lang='lat' dir='ltr'>predicta</span> <span class='ocrx_word' id='word_1_189' title='bbox 1239 1346 1421 1379; x_wconf 87' lang='lat' dir='ltr'>ordinarie</span> <span class='ocrx_word' id='word_1_190' title='bbox 1442 1347 1478 1379; x_wconf 92' lang='lat' dir='ltr'>in</span> <span class='ocrx_word' id='word_1_191' title='bbox 1499 1347 1579 1379; x_wconf 90' lang='lat' dir='ltr'>vico</span> <span class='ocrx_word' id='word_1_192' title='bbox 1601 1347 1742 1391; x_wconf 88' lang='lat' dir='ltr'>legeret</span> <span class='ocrx_word' id='word_1_193' title='bbox 1762 1346 2009 1391; x_wconf 80' lang='lat' dir='ltr'>supradieto²3</span> <span class='ocrx_word' id='word_1_194' title='bbox 2038 1353 2072 1379; x_wconf 90' lang='lat' dir='ltr'>et</span> <span class='ocrx_word' id='word_1_195' title='bbox 2098 1347 2195 1392; x_wconf 92' lang='lat' dir='ltr'>quod</span> <span class='ocrx_word' id='word_1_196' title='bbox 2216 1359 2296 1381; x_wconf 91' lang='lat' dir='ltr'>sco—-</span> 
     </span>
     <span class='ocr_line' id='line_1_17' title="bbox 429 1409 2296 1458; baseline 0.002 -14"><span class='ocrx_word' id='word_1_197' title='bbox 429 1412 523 1445; x_wconf 89' lang='lat' dir='ltr'>lares</span> <span class='ocrx_word' id='word_1_198' title='bbox 545 1412 599 1445; x_wconf 91' lang='lat' dir='ltr'>sui</span> <span class='ocrx_word' id='word_1_199' title='bbox 621 1412 658 1444; x_wconf 91' lang='lat' dir='ltr'>in</span> <span class='ocrx_word' id='word_1_200' title='bbox 680 1412 815 1445; x_wconf 89' lang='lat' dir='ltr'>eisdem</span> <span class='ocrx_word' id='word_1_201' title='bbox 839 1412 948 1445; x_wconf 87' lang='lat' dir='ltr'>scolis</span> <span class='ocrx_word' id='word_1_202' title='bbox 970 1412 1121 1457; x_wconf 90' lang='lat' dir='ltr'>perinde</span> <span class='ocrx_word' id='word_1_203' title='bbox 1143 1419 1285 1457; x_wconf 91' lang='lat' dir='ltr'>tempus</span> <span class='ocrx_word' id='word_1_204' title='bbox 1307 1409 1350 1445; x_wconf 84' lang='lat' dir='ltr'>ad</span> <span class='ocrx_word' id='word_1_205' title='bbox 1377 1413 1550 1446; x_wconf 89' lang='lat' dir='ltr'>lecturam</span> <span class='ocrx_word' id='word_1_206' title='bbox 1573 1414 1801 1446; x_wconf 89' lang='lat' dir='ltr'>decretorum</span> <span class='ocrx_word' id='word_1_207' title='bbox 1829 1413 1993 1458; x_wconf 90' lang='lat' dir='ltr'>ipsorum</span> <span class='ocrx_word' id='word_1_208' title='bbox 2020 1425 2085 1458; x_wconf 89' lang='lat' dir='ltr'>per</span> <span class='ocrx_word' id='word_1_209' title='bbox 2110 1420 2240 1447; x_wconf 87' lang='lat' dir='ltr'>statuta</span> <span class='ocrx_word' id='word_1_210' title='bbox 2261 1421 2296 1448; x_wconf 90' lang='lat' dir='ltr'>et</span> 
     </span>
     <span class='ocr_line' id='line_1_18' title="bbox 428 1478 2295 1525; baseline 0.001 -15"><span class='ocrx_word' id='word_1_211' title='bbox 428 1478 714 1511; x_wconf 83' lang='lat' dir='ltr'>consuetudines</span> <span class='ocrx_word' id='word_1_212' title='bbox 742 1478 827 1511; x_wconf 85' lang='lat' dir='ltr'>dicti</span> <span class='ocrx_word' id='word_1_213' title='bbox 854 1479 965 1511; x_wconf 88' lang='lat' dir='ltr'>studii</span> <span class='ocrx_word' id='word_1_214' title='bbox 987 1479 1176 1511; x_wconf 86' lang='lat' dir='ltr'>diffinitum</span> <span class='ocrx_word' id='word_1_215' title='bbox 1199 1486 1418 1512; x_wconf 80' lang='lat' dir='ltr'>censeantur</span> <span class='ocrx_word' id='word_1_216' title='bbox 1439 1480 1635 1525; x_wconf 80' lang='lat' dir='ltr'>complere,</span> <span class='ocrx_word' id='word_1_217' title='bbox 1658 1492 1697 1513; x_wconf 89' lang='lat' dir='ltr'>ac</span> <span class='ocrx_word' id='word_1_218' title='bbox 1719 1480 1750 1513; x_wconf 92' lang='lat' dir='ltr'>si</span> <span class='ocrx_word' id='word_1_219' title='bbox 1773 1480 1810 1512; x_wconf 93' lang='lat' dir='ltr'>in</span> <span class='ocrx_word' id='word_1_220' title='bbox 1830 1480 1910 1513; x_wconf 87' lang='lat' dir='ltr'>vico</span> <span class='ocrx_word' id='word_1_221' title='bbox 1932 1480 2096 1524; x_wconf 88' lang='lat' dir='ltr'>predicto</span> <span class='ocrx_word' id='word_1_222' title='bbox 2119 1479 2187 1513; x_wconf 91' lang='lat' dir='ltr'>sub</span> <span class='ocrx_word' id='word_1_223' title='bbox 2209 1480 2295 1513; x_wconf 88' lang='lat' dir='ltr'>doc-</span> 
     </span>
     <span class='ocr_line' id='line_1_19' title="bbox 428 1545 2294 1595; baseline 0.002 -18"><span class='ocrx_word' id='word_1_224' title='bbox 428 1545 569 1578; x_wconf 86' lang='lat' dir='ltr'>toribus</span> <span class='ocrx_word' id='word_1_225' title='bbox 591 1557 654 1589; x_wconf 87' lang='lat' dir='ltr'>pro</span> <span class='ocrx_word' id='word_1_226' title='bbox 677 1551 837 1589; x_wconf 87' lang='lat' dir='ltr'>tempore</span> <span class='ocrx_word' id='word_1_227' title='bbox 859 1545 895 1577; x_wconf 90' lang='lat' dir='ltr'>in</span> <span class='ocrx_word' id='word_1_228' title='bbox 917 1557 959 1577; x_wconf 91' lang='lat' dir='ltr'>eo</span> <span class='ocrx_word' id='word_1_229' title='bbox 982 1545 1194 1590; x_wconf 83' lang='lat' dir='ltr'>regentibus</span> <span class='ocrx_word' id='word_1_230' title='bbox 1221 1546 1344 1579; x_wconf 90' lang='lat' dir='ltr'>eadem</span> <span class='ocrx_word' id='word_1_231' title='bbox 1369 1548 1452 1591; x_wconf 86' lang='lat' dir='ltr'>jura</span> <span class='ocrx_word' id='word_1_232' title='bbox 1478 1547 1663 1586; x_wconf 69' lang='lat' dir='ltr'>audirent,</span> <span class='ocrx_word' id='word_1_233' title='bbox 1687 1553 1723 1579; x_wconf 87' lang='lat' dir='ltr'>et</span> <span class='ocrx_word' id='word_1_234' title='bbox 1743 1547 1840 1595; x_wconf 89' lang='lat' dir='ltr'>quod</span> <span class='ocrx_word' id='word_1_235' title='bbox 1861 1546 2058 1579; x_wconf 83' lang='lat' dir='ltr'>canonicus</span> <span class='ocrx_word' id='word_1_236' title='bbox 2084 1547 2136 1579; x_wconf 88' lang='lat' dir='ltr'>sic</span> <span class='ocrx_word' id='word_1_237' title='bbox 2164 1546 2294 1592; x_wconf 89' lang='lat' dir='ltr'>legens</span> 
     </span>
     <span class='ocr_line' id='line_1_20' title="bbox 428 1611 2293 1658; baseline 0.002 -15"><span class='ocrx_word' id='word_1_238' title='bbox 428 1611 501 1644; x_wconf 90' lang='lat' dir='ltr'>illis</span> <span class='ocrx_word' id='word_1_239' title='bbox 523 1611 654 1656; x_wconf 90' lang='lat' dir='ltr'>quibus</span> <span class='ocrx_word' id='word_1_240' title='bbox 677 1611 844 1644; x_wconf 91' lang='lat' dir='ltr'>doctores</span> <span class='ocrx_word' id='word_1_241' title='bbox 866 1618 1036 1656; x_wconf 85' lang='lat' dir='ltr'>regentes</span> <span class='ocrx_word' id='word_1_242' title='bbox 1058 1623 1122 1656; x_wconf 86' lang='lat' dir='ltr'>pro</span> <span class='ocrx_word' id='word_1_243' title='bbox 1140 1619 1302 1657; x_wconf 85' lang='lat' dir='ltr'>tempore</span> <span class='ocrx_word' id='word_1_244' title='bbox 1324 1613 1360 1645; x_wconf 91' lang='lat' dir='ltr'>in</span> <span class='ocrx_word' id='word_1_245' title='bbox 1382 1613 1489 1646; x_wconf 87' lang='lat' dir='ltr'>dictis</span> <span class='ocrx_word' id='word_1_246' title='bbox 1505 1613 1653 1658; x_wconf 87' lang='lat' dir='ltr'>juribus</span> <span class='ocrx_word' id='word_1_247' title='bbox 1674 1613 1710 1645; x_wconf 91' lang='lat' dir='ltr'>in</span> <span class='ocrx_word' id='word_1_248' title='bbox 1726 1613 1806 1646; x_wconf 88' lang='lat' dir='ltr'>vico</span> <span class='ocrx_word' id='word_1_249' title='bbox 1828 1613 2006 1658; x_wconf 78' lang='lat' dir='ltr'>predicto,</span> <span class='ocrx_word' id='word_1_250' title='bbox 2029 1613 2190 1646; x_wconf 87' lang='lat' dir='ltr'>scolares</span> <span class='ocrx_word' id='word_1_251' title='bbox 2206 1625 2293 1647; x_wconf 89' lang='lat' dir='ltr'>vero</span> 
     </span>
     <span class='ocr_line' id='line_1_21' title="bbox 427 1677 2294 1724; baseline 0.002 -15"><span class='ocrx_word' id='word_1_252' title='bbox 427 1678 580 1722; x_wconf 85' lang='lat' dir='ltr'>predicti</span> <span class='ocrx_word' id='word_1_253' title='bbox 604 1677 678 1710; x_wconf 91' lang='lat' dir='ltr'>illis</span> <span class='ocrx_word' id='word_1_254' title='bbox 701 1677 914 1718; x_wconf 88' lang='lat' dir='ltr'>honoribus,</span> <span class='ocrx_word' id='word_1_255' title='bbox 938 1678 1152 1723; x_wconf 83' lang='lat' dir='ltr'>privilegiis,</span> <span class='ocrx_word' id='word_1_256' title='bbox 1176 1678 1419 1721; x_wconf 71' lang='lat' dir='ltr'>libertatibus,</span> <span class='ocrx_word' id='word_1_257' title='bbox 1445 1679 1654 1713; x_wconf 85' lang='lat' dir='ltr'>sranchisiis</span> <span class='ocrx_word' id='word_1_258' title='bbox 1683 1686 1718 1713; x_wconf 89' lang='lat' dir='ltr'>et</span> <span class='ocrx_word' id='word_1_259' title='bbox 1741 1679 2030 1712; x_wconf 87' lang='lat' dir='ltr'>immunitatibus</span> <span class='ocrx_word' id='word_1_260' title='bbox 2055 1679 2189 1724; x_wconf 90' lang='lat' dir='ltr'>quibus</span> <span class='ocrx_word' id='word_1_261' title='bbox 2213 1691 2294 1713; x_wconf 91' lang='lat' dir='ltr'>sco-</span> 
     </span>
     <span class='ocr_line' id='line_1_22' title="bbox 426 1743 2292 1792; baseline 0.002 -16"><span class='ocrx_word' id='word_1_262' title='bbox 426 1743 520 1776; x_wconf 81' lang='lat' dir='ltr'>lares</span> <span class='ocrx_word' id='word_1_263' title='bbox 550 1743 618 1776; x_wconf 91' lang='lat' dir='ltr'>sub</span> <span class='ocrx_word' id='word_1_264' title='bbox 644 1743 855 1777; x_wconf 85' lang='lat' dir='ltr'>doctoribus</span> <span class='ocrx_word' id='word_1_265' title='bbox 886 1744 922 1776; x_wconf 91' lang='lat' dir='ltr'>in</span> <span class='ocrx_word' id='word_1_266' title='bbox 951 1744 1030 1789; x_wconf 91' lang='lat' dir='ltr'>ipso</span> <span class='ocrx_word' id='word_1_267' title='bbox 1052 1745 1131 1778; x_wconf 88' lang='lat' dir='ltr'>vico</span> <span class='ocrx_word' id='word_1_268' title='bbox 1158 1757 1223 1790; x_wconf 91' lang='lat' dir='ltr'>pro</span> <span class='ocrx_word' id='word_1_269' title='bbox 1250 1753 1412 1791; x_wconf 89' lang='lat' dir='ltr'>tempore</span> <span class='ocrx_word' id='word_1_270' title='bbox 1444 1747 1657 1792; x_wconf 87' lang='lat' dir='ltr'>regentibus</span> <span class='ocrx_word' id='word_1_271' title='bbox 1685 1747 1738 1779; x_wconf 89' lang='lat' dir='ltr'>uti</span> <span class='ocrx_word' id='word_1_272' title='bbox 1768 1753 1803 1779; x_wconf 91' lang='lat' dir='ltr'>et</span> <span class='ocrx_word' id='word_1_273' title='bbox 1832 1746 1992 1791; x_wconf 81' lang='lat' dir='ltr'>gaudere</span> <span class='ocrx_word' id='word_1_274' title='bbox 2014 1753 2216 1779; x_wconf 85' lang='lat' dir='ltr'>noscuntur</span> <span class='ocrx_word' id='word_1_275' title='bbox 2241 1746 2292 1779; x_wconf 92' lang='lat' dir='ltr'>uti</span> 
     </span>
     <span class='ocr_line' id='line_1_23' title="bbox 424 1810 2291 1857; baseline 0.001 -13"><span class='ocrx_word' id='word_1_276' title='bbox 424 1810 565 1844; x_wconf 87' lang='lat' dir='ltr'>valeant</span> <span class='ocrx_word' id='word_1_277' title='bbox 581 1817 615 1843; x_wconf 91' lang='lat' dir='ltr'>et</span> <span class='ocrx_word' id='word_1_278' title='bbox 630 1810 801 1855; x_wconf 85' lang='lat' dir='ltr'>gaudere.</span> <span class='ocrx_word' id='word_1_279' title='bbox 819 1811 996 1844; x_wconf 87' lang='lat' dir='ltr'>Volumus</span> <span class='ocrx_word' id='word_1_280' title='bbox 1013 1818 1131 1844; x_wconf 87' lang='lat' dir='ltr'>autem</span> <span class='ocrx_word' id='word_1_281' title='bbox 1149 1812 1245 1856; x_wconf 90' lang='lat' dir='ltr'>quod</span> <span class='ocrx_word' id='word_1_282' title='bbox 1263 1813 1299 1845; x_wconf 94' lang='lat' dir='ltr'>in</span> <span class='ocrx_word' id='word_1_283' title='bbox 1316 1813 1449 1846; x_wconf 89' lang='lat' dir='ltr'>ceteris</span> <span class='ocrx_word' id='word_1_284' title='bbox 1465 1814 1662 1846; x_wconf 89' lang='lat' dir='ltr'>canonicus</span> <span class='ocrx_word' id='word_1_285' title='bbox 1679 1813 1716 1846; x_wconf 91' lang='lat' dir='ltr'>in</span> <span class='ocrx_word' id='word_1_286' title='bbox 1734 1813 1840 1846; x_wconf 90' lang='lat' dir='ltr'>dictis</span> <span class='ocrx_word' id='word_1_287' title='bbox 1857 1813 1983 1854; x_wconf 87' lang='lat' dir='ltr'>scolis,</span> <span class='ocrx_word' id='word_1_288' title='bbox 2001 1819 2040 1845; x_wconf 92' lang='lat' dir='ltr'>ut</span> <span class='ocrx_word' id='word_1_289' title='bbox 2058 1813 2291 1857; x_wconf 82' lang='lat' dir='ltr'>premittitur,</span> 
     </span>
     <span class='ocr_line' id='line_1_24' title="bbox 425 1876 2292 1925; baseline 0.002 -16"><span class='ocrx_word' id='word_1_290' title='bbox 425 1877 567 1922; x_wconf 86' lang='lat' dir='ltr'>legens,</span> <span class='ocrx_word' id='word_1_291' title='bbox 591 1883 625 1909; x_wconf 89' lang='lat' dir='ltr'>et</span> <span class='ocrx_word' id='word_1_292' title='bbox 648 1876 806 1910; x_wconf 87' lang='lat' dir='ltr'>scolares</span> <span class='ocrx_word' id='word_1_293' title='bbox 833 1877 900 1910; x_wconf 91' lang='lat' dir='ltr'>sub</span> <span class='ocrx_word' id='word_1_294' title='bbox 922 1877 1002 1922; x_wconf 89' lang='lat' dir='ltr'>ipso</span> <span class='ocrx_word' id='word_1_295' title='bbox 1023 1878 1060 1910; x_wconf 91' lang='lat' dir='ltr'>in</span> <span class='ocrx_word' id='word_1_296' title='bbox 1081 1878 1218 1911; x_wconf 89' lang='lat' dir='ltr'>eisdem</span> <span class='ocrx_word' id='word_1_297' title='bbox 1241 1879 1352 1912; x_wconf 88' lang='lat' dir='ltr'>scolis</span> <span class='ocrx_word' id='word_1_298' title='bbox 1367 1881 1450 1924; x_wconf 82' lang='lat' dir='ltr'>jura</span> <span class='ocrx_word' id='word_1_299' title='bbox 1471 1881 1662 1913; x_wconf 85' lang='lat' dir='ltr'>audientes</span> <span class='ocrx_word' id='word_1_300' title='bbox 1689 1880 1862 1925; x_wconf 88' lang='lat' dir='ltr'>predicta,</span> <span class='ocrx_word' id='word_1_301' title='bbox 1886 1886 2016 1912; x_wconf 85' lang='lat' dir='ltr'>statuta</span> <span class='ocrx_word' id='word_1_302' title='bbox 2037 1886 2071 1912; x_wconf 91' lang='lat' dir='ltr'>et</span> <span class='ocrx_word' id='word_1_303' title='bbox 2096 1886 2292 1912; x_wconf 91' lang='lat' dir='ltr'>consuetu-</span> 
     </span>
     <span class='ocr_line' id='line_1_25' title="bbox 425 1943 2287 1992; baseline 0.001 -16"><span class='ocrx_word' id='word_1_304' title='bbox 425 1944 529 1976; x_wconf 90' lang='lat' dir='ltr'>dines</span> <span class='ocrx_word' id='word_1_305' title='bbox 555 1943 733 1976; x_wconf 84' lang='lat' dir='ltr'>facultatis</span> <span class='ocrx_word' id='word_1_306' title='bbox 759 1943 922 1988; x_wconf 90' lang='lat' dir='ltr'>ejusdem</span> <span class='ocrx_word' id='word_1_307' title='bbox 950 1956 1093 1977; x_wconf 87' lang='lat' dir='ltr'>servare</span> <span class='ocrx_word' id='word_1_308' title='bbox 1121 1957 1160 1977; x_wconf 86' lang='lat' dir='ltr'>ac</span> <span class='ocrx_word' id='word_1_309' title='bbox 1187 1945 1323 1978; x_wconf 91' lang='lat' dir='ltr'>decano</span> <span class='ocrx_word' id='word_1_310' title='bbox 1351 1947 1530 1980; x_wconf 85' lang='lat' dir='ltr'>facultatis</span> <span class='ocrx_word' id='word_1_311' title='bbox 1557 1954 1591 1980; x_wconf 91' lang='lat' dir='ltr'>et</span> <span class='ocrx_word' id='word_1_312' title='bbox 1618 1947 1775 1992; x_wconf 86' lang='lat' dir='ltr'>collegio</span> <span class='ocrx_word' id='word_1_313' title='bbox 1805 1946 2024 1991; x_wconf 87' lang='lat' dir='ltr'>supradictis</span> <span class='ocrx_word' id='word_1_314' title='bbox 2045 1945 2287 1979; x_wconf 89' lang='lat' dir='ltr'>obedientiam</span> 
     </span>
     <span class='ocr_line' id='line_1_26' title="bbox 425 2009 2290 2058; baseline 0.002 -16"><span class='ocrx_word' id='word_1_315' title='bbox 425 2010 461 2042; x_wconf 90' lang='lat' dir='ltr'>in</span> <span class='ocrx_word' id='word_1_316' title='bbox 481 2010 590 2043; x_wconf 86' lang='lat' dir='ltr'>licitis</span> <span class='ocrx_word' id='word_1_317' title='bbox 612 2016 647 2042; x_wconf 93' lang='lat' dir='ltr'>et</span> <span class='ocrx_word' id='word_1_318' title='bbox 672 2009 837 2042; x_wconf 88' lang='lat' dir='ltr'>honestis</span> <span class='ocrx_word' id='word_1_319' title='bbox 865 2010 959 2043; x_wconf 88' lang='lat' dir='ltr'>sicut</span> <span class='ocrx_word' id='word_1_320' title='bbox 988 2011 1098 2043; x_wconf 87' lang='lat' dir='ltr'>ceteri</span> <span class='ocrx_word' id='word_1_321' title='bbox 1129 2012 1297 2045; x_wconf 89' lang='lat' dir='ltr'>doctores</span> <span class='ocrx_word' id='word_1_322' title='bbox 1327 2013 1556 2046; x_wconf 90' lang='lat' dir='ltr'>decretorum</span> <span class='ocrx_word' id='word_1_323' title='bbox 1588 2014 1752 2058; x_wconf 90' lang='lat' dir='ltr'>ipsorum</span> <span class='ocrx_word' id='word_1_324' title='bbox 1783 2020 1816 2046; x_wconf 94' lang='lat' dir='ltr'>et</span> <span class='ocrx_word' id='word_1_325' title='bbox 1847 2012 2008 2046; x_wconf 87' lang='lat' dir='ltr'>scolares</span> <span class='ocrx_word' id='word_1_326' title='bbox 2038 2012 2228 2045; x_wconf 90' lang='lat' dir='ltr'>studentes</span> <span class='ocrx_word' id='word_1_327' title='bbox 2253 2013 2290 2045; x_wconf 91' lang='lat' dir='ltr'>in</span> 
     </span>
     <span class='ocr_line' id='line_1_27' title="bbox 425 2076 2290 2125; baseline 0.002 -17"><span class='ocrx_word' id='word_1_328' title='bbox 425 2076 514 2121; x_wconf 88' lang='lat' dir='ltr'>ipsis</span> <span class='ocrx_word' id='word_1_329' title='bbox 536 2076 622 2109; x_wconf 92' lang='lat' dir='ltr'>dicti</span> <span class='ocrx_word' id='word_1_330' title='bbox 643 2076 754 2109; x_wconf 85' lang='lat' dir='ltr'>studii</span> <span class='ocrx_word' id='word_1_331' title='bbox 774 2077 985 2121; x_wconf 90' lang='lat' dir='ltr'>impendere</span> <span class='ocrx_word' id='word_1_332' title='bbox 1007 2084 1207 2111; x_wconf 88' lang='lat' dir='ltr'>teneantur.</span> <span class='ocrx_word' id='word_1_333' title='bbox 1232 2080 1426 2113; x_wconf 80' lang='lat' dir='ltr'>Promissis</span> <span class='ocrx_word' id='word_1_334' title='bbox 1451 2087 1484 2113; x_wconf 90' lang='lat' dir='ltr'>et</span> <span class='ocrx_word' id='word_1_335' title='bbox 1504 2080 1586 2113; x_wconf 90' lang='lat' dir='ltr'>aliis</span> <span class='ocrx_word' id='word_1_336' title='bbox 1607 2080 1799 2125; x_wconf 89' lang='lat' dir='ltr'>quibusvis</span> <span class='ocrx_word' id='word_1_337' title='bbox 1821 2079 1947 2112; x_wconf 89' lang='lat' dir='ltr'>litibus</span> <span class='ocrx_word' id='word_1_338' title='bbox 1973 2086 2009 2112; x_wconf 89' lang='lat' dir='ltr'>et</span> <span class='ocrx_word' id='word_1_339' title='bbox 2034 2079 2154 2112; x_wconf 83' lang='lat' dir='ltr'>causis</span> <span class='ocrx_word' id='word_1_340' title='bbox 2179 2090 2290 2124; x_wconf 89' lang='lat' dir='ltr'>super</span> 
     </span>
     <span class='ocr_line' id='line_1_28' title="bbox 426 2143 2289 2192; baseline 0.002 -18"><span class='ocrx_word' id='word_1_341' title='bbox 426 2143 615 2187; x_wconf 86' lang='lat' dir='ltr'>premissis</span> <span class='ocrx_word' id='word_1_342' title='bbox 635 2143 693 2175; x_wconf 92' lang='lat' dir='ltr'>vel</span> <span class='ocrx_word' id='word_1_343' title='bbox 717 2154 840 2175; x_wconf 89' lang='lat' dir='ltr'>eorum</span> <span class='ocrx_word' id='word_1_344' title='bbox 864 2144 1054 2176; x_wconf 87' lang='lat' dir='ltr'>occasione</span> <span class='ocrx_word' id='word_1_345' title='bbox 1077 2156 1194 2177; x_wconf 86' lang='lat' dir='ltr'>coram</span> <span class='ocrx_word' id='word_1_346' title='bbox 1218 2146 1409 2190; x_wconf 89' lang='lat' dir='ltr'>quibusvis</span> <span class='ocrx_word' id='word_1_347' title='bbox 1430 2147 1619 2191; x_wconf 85' lang='lat' dir='ltr'>judicibus</span> <span class='ocrx_word' id='word_1_348' title='bbox 1638 2148 1733 2180; x_wconf 92' lang='lat' dir='ltr'>inter</span> <span class='ocrx_word' id='word_1_349' title='bbox 1754 2153 1875 2192; x_wconf 86' lang='lat' dir='ltr'>partes</span> <span class='ocrx_word' id='word_1_350' title='bbox 1892 2146 2036 2179; x_wconf 85' lang='lat' dir='ltr'>easdem</span> <span class='ocrx_word' id='word_1_351' title='bbox 2058 2146 2181 2178; x_wconf 87' lang='lat' dir='ltr'>forsan</span> <span class='ocrx_word' id='word_1_352' title='bbox 2201 2157 2289 2190; x_wconf 89' lang='lat' dir='ltr'>pen-</span> 
     </span>
     <span class='ocr_line' id='line_1_29' title="bbox 427 2209 2289 2259; baseline 0.002 -18"><span class='ocrx_word' id='word_1_353' title='bbox 427 2209 610 2249; x_wconf 86' lang='lat' dir='ltr'>dentibus,</span> <span class='ocrx_word' id='word_1_354' title='bbox 637 2221 724 2253; x_wconf 91' lang='lat' dir='ltr'>quas</span> <span class='ocrx_word' id='word_1_355' title='bbox 751 2216 785 2242; x_wconf 94' lang='lat' dir='ltr'>et</span> <span class='ocrx_word' id='word_1_356' title='bbox 810 2221 931 2242; x_wconf 85' lang='lat' dir='ltr'>earum</span> <span class='ocrx_word' id='word_1_357' title='bbox 958 2216 1086 2243; x_wconf 88' lang='lat' dir='ltr'>statum</span> <span class='ocrx_word' id='word_1_358' title='bbox 1118 2212 1353 2256; x_wconf 87' lang='lat' dir='ltr'>presentibus</span> <span class='ocrx_word' id='word_1_359' title='bbox 1383 2213 1509 2246; x_wconf 87' lang='lat' dir='ltr'>haberi</span> <span class='ocrx_word' id='word_1_360' title='bbox 1534 2214 1703 2247; x_wconf 86' lang='lat' dir='ltr'>volumus</span> <span class='ocrx_word' id='word_1_361' title='bbox 1734 2225 1799 2259; x_wconf 88' lang='lat' dir='ltr'>pro</span> <span class='ocrx_word' id='word_1_362' title='bbox 1826 2212 2011 2258; x_wconf 85' lang='lat' dir='ltr'>expressis</span> <span class='ocrx_word' id='word_1_363' title='bbox 2031 2212 2289 2256; x_wconf 81' lang='lat' dir='ltr'>&lt;decernentes</span> 
     </span>
     <span class='ocr_line' id='line_1_30' title="bbox 427 2275 2288 2325; baseline 0.002 -18"><span class='ocrx_word' id='word_1_364' title='bbox 427 2287 621 2319; x_wconf 89' lang='lat' dir='ltr'>processus</span> <span class='ocrx_word' id='word_1_365' title='bbox 646 2275 840 2319; x_wconf 85' lang='lat' dir='ltr'>quoslibet,</span> <span class='ocrx_word' id='word_1_366' title='bbox 866 2288 957 2320; x_wconf 91' lang='lat' dir='ltr'>quos</span> <span class='ocrx_word' id='word_1_367' title='bbox 982 2276 1019 2308; x_wconf 90' lang='lat' dir='ltr'>in</span> <span class='ocrx_word' id='word_1_368' title='bbox 1044 2276 1118 2309; x_wconf 85' lang='lat' dir='ltr'>illis</span> <span class='ocrx_word' id='word_1_369' title='bbox 1146 2278 1315 2312; x_wconf 87' lang='lat' dir='ltr'>decetero</span> <span class='ocrx_word' id='word_1_370' title='bbox 1341 2279 1466 2312; x_wconf 86' lang='lat' dir='ltr'>haberi</span> <span class='ocrx_word' id='word_1_371' title='bbox 1493 2281 1701 2325; x_wconf 85' lang='lat' dir='ltr'>contigerit,</span> <span class='ocrx_word' id='word_1_372' title='bbox 1724 2280 1861 2313; x_wconf 90' lang='lat' dir='ltr'>eisdem</span> <span class='ocrx_word' id='word_1_373' title='bbox 1890 2278 2124 2324; x_wconf 87' lang='lat' dir='ltr'>presentibus</span> <span class='ocrx_word' id='word_1_374' title='bbox 2152 2278 2288 2323; x_wconf 90' lang='lat' dir='ltr'>aliqua-</span> 
     </span>
     <span class='ocr_line' id='line_1_31' title="bbox 427 2341 2289 2389; baseline 0.002 -16"><span class='ocrx_word' id='word_1_375' title='bbox 427 2348 532 2374; x_wconf 90' lang='lat' dir='ltr'>tenus</span> <span class='ocrx_word' id='word_1_376' title='bbox 554 2341 732 2374; x_wconf 86' lang='lat' dir='ltr'>obsistere</span> <span class='ocrx_word' id='word_1_377' title='bbox 754 2353 826 2374; x_wconf 92' lang='lat' dir='ltr'>non</span> <span class='ocrx_word' id='word_1_378' title='bbox 843 2342 1007 2386; x_wconf 78' lang='lat' dir='ltr'>debere),</span> <span class='ocrx_word' id='word_1_379' title='bbox 1029 2355 1171 2376; x_wconf 89' lang='lat' dir='ltr'>necnon</span> <span class='ocrx_word' id='word_1_380' title='bbox 1192 2346 1334 2379; x_wconf 89' lang='lat' dir='ltr'>statutis</span> <span class='ocrx_word' id='word_1_381' title='bbox 1352 2353 1387 2379; x_wconf 93' lang='lat' dir='ltr'>et</span> <span class='ocrx_word' id='word_1_382' title='bbox 1406 2346 1737 2380; x_wconf 89' lang='lat' dir='ltr'>consuetudinibus</span> <span class='ocrx_word' id='word_1_383' title='bbox 1758 2346 1938 2379; x_wconf 85' lang='lat' dir='ltr'>facultatis</span> <span class='ocrx_word' id='word_1_384' title='bbox 1959 2352 1994 2377; x_wconf 86' lang='lat' dir='ltr'>et</span> <span class='ocrx_word' id='word_1_385' title='bbox 2014 2345 2125 2378; x_wconf 90' lang='lat' dir='ltr'>studii</span> <span class='ocrx_word' id='word_1_386' title='bbox 2145 2344 2289 2389; x_wconf 88' lang='lat' dir='ltr'>predic-</span> 
     </span>
     <span class='ocr_line' id='line_1_32' title="bbox 427 2407 2289 2458; baseline 0.002 -19"><span class='ocrx_word' id='word_1_387' title='bbox 427 2414 543 2440; x_wconf 91' lang='lat' dir='ltr'>torum</span> <span class='ocrx_word' id='word_1_388' title='bbox 565 2419 604 2439; x_wconf 88' lang='lat' dir='ltr'>ac</span> <span class='ocrx_word' id='word_1_389' title='bbox 625 2407 826 2452; x_wconf 82' lang='lat' dir='ltr'>privilegiis</span> <span class='ocrx_word' id='word_1_390' title='bbox 848 2414 883 2440; x_wconf 90' lang='lat' dir='ltr'>et</span> <span class='ocrx_word' id='word_1_391' title='bbox 908 2408 1038 2441; x_wconf 88' lang='lat' dir='ltr'>litteris</span> <span class='ocrx_word' id='word_1_392' title='bbox 1059 2411 1269 2454; x_wconf 88' lang='lat' dir='ltr'>apostolicis</span> <span class='ocrx_word' id='word_1_393' title='bbox 1299 2413 1534 2457; x_wconf 85' lang='lat' dir='ltr'>generalibus</span> <span class='ocrx_word' id='word_1_394' title='bbox 1556 2413 1614 2446; x_wconf 91' lang='lat' dir='ltr'>vel</span> <span class='ocrx_word' id='word_1_395' title='bbox 1639 2412 1861 2458; x_wconf 86' lang='lat' dir='ltr'>specialibus</span> <span class='ocrx_word' id='word_1_396' title='bbox 1881 2411 2052 2452; x_wconf 89' lang='lat' dir='ltr'>facultati,</span> <span class='ocrx_word' id='word_1_397' title='bbox 2075 2410 2232 2456; x_wconf 89' lang='lat' dir='ltr'>collegio</span> <span class='ocrx_word' id='word_1_398' title='bbox 2253 2417 2289 2444; x_wconf 89' lang='lat' dir='ltr'>et</span> 
     </span>
     <span class='ocr_line' id='line_1_33' title="bbox 428 2474 2286 2524; baseline 0.002 -18"><span class='ocrx_word' id='word_1_399' title='bbox 428 2474 548 2506; x_wconf 91' lang='lat' dir='ltr'>studio</span> <span class='ocrx_word' id='word_1_400' title='bbox 576 2474 792 2518; x_wconf 86' lang='lat' dir='ltr'>supradictis</span> <span class='ocrx_word' id='word_1_401' title='bbox 820 2474 887 2506; x_wconf 88' lang='lat' dir='ltr'>sub</span> <span class='ocrx_word' id='word_1_402' title='bbox 915 2487 1128 2520; x_wconf 87' lang='lat' dir='ltr'>quacunque</span> <span class='ocrx_word' id='word_1_403' title='bbox 1155 2478 1268 2511; x_wconf 89' lang='lat' dir='ltr'>forma</span> <span class='ocrx_word' id='word_1_404' title='bbox 1295 2479 1352 2512; x_wconf 88' lang='lat' dir='ltr'>vel</span> <span class='ocrx_word' id='word_1_405' title='bbox 1383 2480 1620 2524; x_wconf 85' lang='lat' dir='ltr'>expressione</span> <span class='ocrx_word' id='word_1_406' title='bbox 1641 2479 1834 2513; x_wconf 88' lang='lat' dir='ltr'>verborum</span> <span class='ocrx_word' id='word_1_407' title='bbox 1863 2478 2051 2511; x_wconf 91' lang='lat' dir='ltr'>concessis</span> <span class='ocrx_word' id='word_1_408' title='bbox 2080 2477 2286 2519; x_wconf 86' lang='lat' dir='ltr'>contrariis,</span> 
     </span>
     <span class='ocr_line' id='line_1_34' title="bbox 421 2540 2287 2591; baseline 0.002 -19"><span class='ocrx_word' id='word_1_409' title='bbox 421 2541 640 2584; x_wconf 84' lang='lat' dir='ltr'>juramento,</span> <span class='ocrx_word' id='word_1_410' title='bbox 658 2540 930 2573; x_wconf 89' lang='lat' dir='ltr'>confirmatione</span> <span class='ocrx_word' id='word_1_411' title='bbox 951 2542 1147 2586; x_wconf 87' lang='lat' dir='ltr'>apostolica</span> <span class='ocrx_word' id='word_1_412' title='bbox 1165 2544 1221 2577; x_wconf 88' lang='lat' dir='ltr'>vel</span> <span class='ocrx_word' id='word_1_413' title='bbox 1242 2557 1457 2591; x_wconf 87' lang='lat' dir='ltr'>quacunque</span> <span class='ocrx_word' id='word_1_414' title='bbox 1479 2547 1646 2579; x_wconf 90' lang='lat' dir='ltr'>firmitate</span> <span class='ocrx_word' id='word_1_415' title='bbox 1667 2547 1734 2579; x_wconf 88' lang='lat' dir='ltr'>alia</span> <span class='ocrx_word' id='word_1_416' title='bbox 1757 2545 1951 2586; x_wconf 88' lang='lat' dir='ltr'>roboratis,</span> <span class='ocrx_word' id='word_1_417' title='bbox 1973 2544 2077 2577; x_wconf 89' lang='lat' dir='ltr'>etiam</span> <span class='ocrx_word' id='word_1_418' title='bbox 2100 2544 2131 2577; x_wconf 90' lang='lat' dir='ltr'>si</span> <span class='ocrx_word' id='word_1_419' title='bbox 2152 2543 2197 2577; x_wconf 93' lang='lat' dir='ltr'>de</span> <span class='ocrx_word' id='word_1_420' title='bbox 2213 2543 2287 2577; x_wconf 86' lang='lat' dir='ltr'>illis</span> 
     </span>
     <span class='ocr_line' id='line_1_35' title="bbox 428 2606 2286 2658; baseline 0.003 -20"><span class='ocrx_word' id='word_1_421' title='bbox 428 2612 463 2639; x_wconf 88' lang='lat' dir='ltr'>et</span> <span class='ocrx_word' id='word_1_422' title='bbox 492 2618 615 2638; x_wconf 91' lang='lat' dir='ltr'>eorum</span> <span class='ocrx_word' id='word_1_423' title='bbox 646 2606 730 2638; x_wconf 88' lang='lat' dir='ltr'>totis</span> <span class='ocrx_word' id='word_1_424' title='bbox 759 2606 947 2639; x_wconf 89' lang='lat' dir='ltr'>tenoribus</span> <span class='ocrx_word' id='word_1_425' title='bbox 976 2608 1019 2640; x_wconf 92' lang='lat' dir='ltr'>de</span> <span class='ocrx_word' id='word_1_426' title='bbox 1056 2610 1167 2642; x_wconf 76' lang='lat' dir='ltr'>verbo</span> <span class='ocrx_word' id='word_1_427' title='bbox 1207 2611 1250 2643; x_wconf 90' lang='lat' dir='ltr'>ad</span> <span class='ocrx_word' id='word_1_428' title='bbox 1286 2612 1436 2645; x_wconf 88' lang='lat' dir='ltr'>verbum</span> <span class='ocrx_word' id='word_1_429' title='bbox 1468 2620 1566 2646; x_wconf 90' lang='lat' dir='ltr'>esset</span> <span class='ocrx_word' id='word_1_430' title='bbox 1607 2612 1841 2658; x_wconf 90' lang='lat' dir='ltr'>presentibus</span> <span class='ocrx_word' id='word_1_431' title='bbox 1878 2611 2014 2644; x_wconf 83' lang='lat' dir='ltr'>mentio</span> <span class='ocrx_word' id='word_1_432' title='bbox 2044 2610 2176 2652; x_wconf 86' lang='lat' dir='ltr'>fienda,</span> <span class='ocrx_word' id='word_1_433' title='bbox 2213 2621 2286 2643; x_wconf 91' lang='lat' dir='ltr'>non</span> 
     </span>
     <span class='ocr_line' id='line_1_36' title="bbox 427 2672 2284 2724; baseline 0.002 -19"><span class='ocrx_word' id='word_1_434' title='bbox 427 2672 655 2705; x_wconf 90' lang='lat' dir='ltr'>obstantibus</span> <span class='ocrx_word' id='word_1_435' title='bbox 681 2672 969 2717; x_wconf 83' lang='lat' dir='ltr'>quibuscunque.</span> <span class='ocrx_word' id='word_1_436' title='bbox 991 2675 1088 2707; x_wconf 89' lang='lat' dir='ltr'>Nulli</span> <span class='ocrx_word' id='word_1_437' title='bbox 1112 2688 1212 2721; x_wconf 80' lang='lat' dir='ltr'>crgo,</span> <span class='ocrx_word' id='word_1_438' title='bbox 1231 2683 1293 2711; x_wconf 79' lang='lat' dir='ltr'>elc.</span> <span class='ocrx_word' id='word_1_439' title='bbox 1313 2680 1439 2711; x_wconf 90' lang='lat' dir='ltr'>Datum</span> <span class='ocrx_word' id='word_1_440' title='bbox 1465 2680 1559 2724; x_wconf 91' lang='lat' dir='ltr'>apud</span> <span class='ocrx_word' id='word_1_441' title='bbox 1582 2680 1748 2713; x_wconf 81' lang='lat' dir='ltr'>Castrum</span> <span class='ocrx_word' id='word_1_442' title='bbox 1772 2690 1905 2712; x_wconf 90' lang='lat' dir='ltr'>novum</span> <span class='ocrx_word' id='word_1_443' title='bbox 1930 2677 2170 2711; x_wconf 85' lang='lat' dir='ltr'>Avinionens.</span> <span class='ocrx_word' id='word_1_444' title='bbox 2189 2676 2284 2709; x_wconf 86' lang='lat' dir='ltr'>dioc.</span> 
     </span>
    </p>
   </div>
   <div class='ocr_carea' id='block_1_3' title="bbox 425 2738 1479 2783">
    <p class='ocr_par' dir='ltr' id='par_1_3' title="bbox 425 2738 1479 2783">
     <span class='ocr_line' id='line_1_37' title="bbox 425 2738 1479 2783; baseline 0.006 -11"><span class='ocrx_word' id='word_1_445' title='bbox 425 2739 495 2782; x_wconf 87' lang='lat' dir='ltr'>xvij</span> <span class='ocrx_word' id='word_1_446' title='bbox 514 2738 582 2771; x_wconf 90' lang='lat' dir='ltr'>kal.</span> <span class='ocrx_word' id='word_1_447' title='bbox 605 2738 839 2783; x_wconf 85' lang='lat' dir='ltr'>Septembris,</span> <span class='ocrx_word' id='word_1_448' title='bbox 861 2740 1090 2783; x_wconf 81' lang='lat' dir='ltr'>pontificatus</span> <span class='ocrx_word' id='word_1_449' title='bbox 1111 2744 1226 2776; x_wconf 88' lang='lat' dir='ltr'>nostri</span> <span class='ocrx_word' id='word_1_450' title='bbox 1248 2756 1340 2777; x_wconf 91' lang='lat' dir='ltr'>anno</span> <span class='ocrx_word' id='word_1_451' title='bbox 1365 2752 1479 2778; x_wconf 82' lang='lat' dir='ltr'>sexto.</span> 
     </span>
    </p>
   </div>
   <div class='ocr_carea' id='block_1_4' title="bbox 423 2844 2286 2956">
    <p class='ocr_par' dir='ltr' id='par_1_4' title="bbox 423 2844 2286 2956">
     <span class='ocr_line' id='line_1_38' title="bbox 519 2844 2286 2884; baseline 0.003 -18"><span class='ocrx_word' id='word_1_452' title='bbox 519 2844 652 2875; x_wconf 70' lang='lat' dir='ltr'>Originale</span> <span class='ocrx_word' id='word_1_453' title='bbox 669 2844 695 2866; x_wconf 90' lang='lat' dir='ltr'>in</span> <span class='ocrx_word' id='word_1_454' title='bbox 713 2844 788 2868; x_wconf 83' lang='lat' dir='ltr'>Arch.</span> <span class='ocrx_word' id='word_1_455' title='bbox 805 2848 858 2868; x_wconf 77' lang='lat' dir='ltr'>nat.</span> <span class='ocrx_word' id='word_1_456' title='bbox 874 2845 958 2868; x_wconf 78' lang='lat' dir='ltr'>Paris.</span> <span class='ocrx_word' id='word_1_457' title='bbox 977 2846 1009 2869; x_wconf 89' lang='lat' dir='ltr'>M.</span> <span class='ocrx_word' id='word_1_458' title='bbox 1028 2848 1064 2875; x_wconf 81' lang='grc'>70,</span> <span class='ocrx_word' id='word_1_459' title='bbox 1081 2852 1110 2869; x_wconf 77' lang='lat'>110</span> <span class='ocrx_word' id='word_1_460' title='bbox 1125 2848 1147 2871; x_wconf 78' lang='grc'>2.</span> <span class='ocrx_word' id='word_1_461' title='bbox 1165 2849 1241 2872; x_wconf 85' lang='lat' dir='ltr'>Deest</span> <span class='ocrx_word' id='word_1_462' title='bbox 1256 2850 1383 2881; x_wconf 88' lang='lat' dir='ltr'>sigillum.</span> <span class='ocrx_word' id='word_1_463' title='bbox 1399 2853 1418 2874; x_wconf 88' lang='grc' dir='ltr'>Α</span> <span class='ocrx_word' id='word_1_464' title='bbox 1433 2855 1507 2883; x_wconf 81' lang='lat' dir='ltr'>tergo</span> <span class='ocrx_word' id='word_1_465' title='bbox 1517 2853 1549 2880; x_wconf 61' lang='lat' dir='ltr'>Ri.</span> <span class='ocrx_word' id='word_1_466' title='bbox 1561 2867 1591 2870; x_wconf 97' lang='lat'><strong>—</strong></span> <span class='ocrx_word' id='word_1_467' title='bbox 1602 2854 1665 2884; x_wconf 84' lang='lat' dir='ltr'>Reg.</span> <span class='ocrx_word' id='word_1_468' title='bbox 1681 2853 1739 2876; x_wconf 84' lang='lat' dir='ltr'>Vat.</span> <span class='ocrx_word' id='word_1_469' title='bbox 1754 2853 1879 2876; x_wconf 81' lang='lat' dir='ltr'>Clement.</span> <span class='ocrx_word' id='word_1_470' title='bbox 1893 2851 1947 2878; x_wconf 82' lang='lat' dir='ltr'>Vll,</span> <span class='ocrx_word' id='word_1_471' title='bbox 1963 2854 1991 2873; x_wconf 75' lang='grc' dir='ltr'>η’)</span> <span class='ocrx_word' id='word_1_472' title='bbox 2006 2851 2051 2873; x_wconf 79' lang='grc'>296</span> <span class='ocrx_word' id='word_1_473' title='bbox 2065 2850 2141 2879; x_wconf 81' lang='lat' dir='ltr'>(inter</span> <span class='ocrx_word' id='word_1_474' title='bbox 2158 2848 2286 2880; x_wconf 69' lang='lat' dir='ltr'>epistola:</span> 
     </span>
     <span class='ocr_line' id='line_1_39' title="bbox 423 2889 2285 2927; baseline -0.002 -7"><span class='ocrx_word' id='word_1_475' title='bbox 423 2889 483 2912; x_wconf 64' lang='lat'>³⁰⁰5</span> <span class='ocrx_word' id='word_1_476' title='bbox 501 2891 557 2918; x_wconf 57' lang='lat' dir='ltr'>VH),</span> <span class='ocrx_word' id='word_1_477' title='bbox 574 2889 619 2912; x_wconf 76' lang='lat' dir='ltr'>f01·</span> <span class='ocrx_word' id='word_1_478' title='bbox 635 2890 673 2912; x_wconf 76' lang='lat'>87·</span> <span class='ocrx_word' id='word_1_479' title='bbox 690 2901 718 2906; x_wconf 83' lang='lat'><em>-</em></span> <span class='ocrx_word' id='word_1_480' title='bbox 734 2889 900 2918; x_wconf 62' lang='lat' dir='ltr'>Hememeus,</span> <span class='ocrx_word' id='word_1_481' title='bbox 918 2890 956 2912; x_wconf 79' lang='lat' dir='ltr'>De</span> <span class='ocrx_word' id='word_1_482' title='bbox 971 2892 1114 2916; x_wconf 70' lang='lat' dir='ltr'>academia</span> <span class='ocrx_word' id='word_1_483' title='bbox 1134 2893 1239 2922; x_wconf 64' lang='lat' dir='ltr'>Paris„</span> <span class='ocrx_word' id='word_1_484' title='bbox 1253 2903 1280 2925; x_wconf 88' lang='lat' dir='ltr'>p.</span> <span class='ocrx_word' id='word_1_485' title='bbox 1298 2896 1335 2923; x_wconf 71' lang='lat'>45,</span> <span class='ocrx_word' id='word_1_486' title='bbox 1353 2904 1366 2918; x_wconf 83' lang='lat' dir='ltr'>e</span> <span class='ocrx_word' id='word_1_487' title='bbox 1386 2905 1436 2927; x_wconf 88' lang='lat' dir='ltr'>quo</span> <span class='ocrx_word' id='word_1_488' title='bbox 1452 2897 1574 2926; x_wconf 77' lang='lat' dir='ltr'>Bulaeus,</span> <span class='ocrx_word' id='word_1_489' title='bbox 1593 2898 1634 2926; x_wconf 87' lang='lat' dir='ltr'>lv,</span> <span class='ocrx_word' id='word_1_490' title='bbox 1650 2898 1705 2920; x_wconf 81' lang='lat'>601.</span> <span class='ocrx_word' id='word_1_491' title='bbox 1716 2910 1748 2915; x_wconf 98' lang='lat'>—</span> <span class='ocrx_word' id='word_1_492' title='bbox 1760 2894 1931 2920; x_wconf 81' lang='lat' dir='ltr'>Exsecutoria</span> <span class='ocrx_word' id='word_1_493' title='bbox 1944 2894 2096 2926; x_wconf 81' lang='lat' dir='ltr'>praedictae</span> <span class='ocrx_word' id='word_1_494' title='bbox 2111 2894 2200 2917; x_wconf 81' lang='lat' dir='ltr'>bullae</span> <span class='ocrx_word' id='word_1_495' title='bbox 2214 2901 2285 2917; x_wconf 85' lang='lat' dir='ltr'>eom-</span> 
     </span>
     <span class='ocr_line' id='line_1_40' title="bbox 544 2934 584 2956; baseline 0 0"><span class='ocrx_word' id='word_1_496' title='bbox 544 2934 584 2956; x_wconf 77' lang='lat'>42.</span> 
     </span>
    </p>
   </div>
  </div>
 </body>
</html>
