2488 3386
418 338 481 370 514
995 342 1310 365 CHARTULAnlUM
1347 339 1535 362 UvaERS.
1573 338 1701 360 mnis.
2184 321 2282 358 [1387

419 421 667 453 Predicutorcs
688 426 772 452 sunt
794 418 945 451 resecati
967 417 1010 450 ab
1031 417 1107 461 ipsa
1136 414 1391 455 Universitate,
1419 414 1465 446 ita
1490 412 1586 457 quod
1607 412 1677 456 ipsi
1698 411 1950 443 Predicatores
1978 408 2086 441 modo
2113 420 2185 440 non
2206 418 2283 452 pre-

418 487 535 519 dicant
562 498 627 519 nec
655 486 691 518 in
719 485 850 530 gallico
877 496 942 516 nec
968 484 1003 515 in
1030 483 1153 522 latino,
1177 493 1242 514 nec
1265 481 1374 513 eciam
1398 480 1533 512 faciunt
1553 485 1653 511 actus
1682 477 1895 510 scolasticos
1922 486 2178 520 quoscunque3
2200 485 2282 519 ymo

418 554 462 586 ita
494 553 577 586 odio
603 551 793 591 habentur,
821 551 917 595 quod
939 550 1009 594 ipsi
1031 549 1159 581 merito
1186 553 1338 592 possunt
1367 547 1489 579 dicere
1515 545 1605 578 illud
1631 544 1759 589 psalmi
1788 555 1795 575 τ
1827 558 1842 573 α
1871 542 1966 575 Facti
1993 552 2119 574 suiuus
2150 539 2283 585 obpro-

417 619 532 652 brium
550 619 680 652 vicinis
701 618 837 657 nostris
855 630 886 657 n,
909 623 976 649 etc.
999 616 1073 656 [Ps.
1092 625 1238 653 Lxxvm,
1258 615 1301 654 4].
1323 615 1458 645 Etcum
1482 612 1592 656 aliqui
1615 623 1738 643 eorum
1760 615 1951 643 transeunt
1967 620 2031 653 per
2051 607 2164 644 vicos
2185 606 2282 652 parvi

417 693 448 718 et
478 685 596 730 magni
622 684 775 717 clamant
799 689 922 716 contra
950 682 1050 727 ipsos
1078 693 1084 713 2
1112 681 1222 720 Huet,
1247 680 1380 719 Huet³,
1409 685 1475 711 etc.
1506 677 1619 710 Habet
1648 676 1875 710 Universitas
1905 675 2082 708 intentum
2115 685 2220 706 suum
2249 679 2284 706 et

418 752 591 784 bonorem
607 758 730 784 contra
752 751 865 795 ipsos.
884 755 917 782 et
939 749 1008 793 ipsi
1026 747 1276 780 Predicatores
1292 747 1363 790 jam
1383 745 1485 790 quasi
1508 751 1590 777 sunt
1607 744 1752 789 penitus
1774 742 1950 776 destructi
1967 742 2003 774 in
2021 740 2183 781 Francia,
2201 739 2283 784 quia

417 818 550 863 ubique
572 817 722 850 heretici
743 816 982 861 appellantur.
1005 813 1083 846 Alia
1110 825 1200 846 nova
1222 824 1287 857 pro
1310 824 1404 844 nunc
1427 823 1499 844 non
1525 817 1733 843 occurrunt.
1757 809 1827 842 Sed
1856 821 1946 854 rogo
1979 806 2283 841 recommandetis

417 898 471 917 mc
499 897 545 917 m.
571 884 750 925 Il[enrico]
778 883 822 915 de
847 881 986 919 Hassia,
1010 887 1045 913 et
1070 892 1115 912 m.
1140 879 1322 920 H[enrico]
1350 878 1393 910 de
1420 878 1559 922 Oyttab,
1582 883 1615 909 et
1637 889 1682 909 m.
1711 876 1914 909 Friderico⁵
1937 874 2141 907 confessori
2163 873 2282 914 duciS,

416 964 494 984 cum
518 951 650 995 quibus
672 951 707 982 in
731 949 882 982 Domino
906 959 1050 992 semper
1072 946 1225 978 feliciter
1241 945 1402 978 valeatis.
1427 944 1606 988 Scriptum
1629 943 1790 976 Parisius
1811 942 1899 986 xvija
1919 942 1978 974 die
1999 940 2200 974 Februarii.

505 1019 633 1051 Vester
653 1017 689 1048 in
719 1015 888 1048 omnibus
911 1020 1007 1046 totus
1035 1014 1222 1046 GEonGms
1251 1023 1293 1044 DE
1317 1012 1441 1051 RA1N0,
1463 1010 1637 1055 magister
1666 1010 1703 1042 in
1730 1009 1882 1049 artibus,
1906 1008 2103 1041 canonieus
2127 1006 2283 1040 ecclesie

415 1067 754 1117 Altissiodorensis.

506 1164 573 1186 Bibl.
586 1171 654 1186 caes.
670 1162 817 1185 Vindobon.
834 1170 882 1184 ms.
897 1161 941 1184 lat.
958 1162 1028 1187 4381»,
1044 1168 1112 1183 suec.
1126 1167 1167 1187 xv,
1186 1159 1230 1182 sol.
1248 1160 1301 1186 269,
1320 1158 1369 1181 sub
1386 1157 1492 1181 rubrica
1509 1165 1514 1180 ·.
1535 1166 1544 1179 α
1561 1156 1663 1188 Scripta
1682 1157 1714 1179 de
1729 1156 1847 1179 Parisius
1864 1155 1992 1186 magistro
2011 1154 2122 1178 Hem-ico
2140 1154 2171 1177 de
2189 1152 2284 1176 Bassia

412 1209 454 1240 pie
471 1207 658 1231 recordationis
680 1206 778 1229 directa
793 1216 815 1229 ».
834 1206 884 1228 Sed
903 1205 1016 1236 epistola
1038 1204 1144 1228 minime
1162 1204 1194 1226 ad
1216 1203 1356 1226 Heni-icum
1373 1202 1509 1233 dirigitur,
1525 1201 1568 1233 qni
1588 1201 1613 1224 in
1634 1201 1692 1232 ipsu
1713 1201 1854 1224 salutatur.
1875 1214 1902 1217 —
1919 1199 2007 1227 DeniS,
2022 1199 2105 1223 Codd.
2121 1205 2186 1223 mss.
2201 1197 2283 1223 theol.

413 1253 481 1277 Ribl.
496 1252 587 1283 palat.
610 1252 734 1280 thdob„
752 1251 771 1275 Ι.
788 1251 809 1278 1,
826 1259 853 1281 p.
868 1250 938 1273 1776.

506 1336 527 1358 1.
544 1336 693 1366 Sequuntur
712 1334 739 1356 14
754 1333 948 1365 propositiones
971 1341 1052 1363 supra
1068 1332 1162 1355 editae.
1183 1345 1204 1349 --
1225 1333 1246 1355 2.
1267 1332 1341 1359 Quod
1358 1331 1466 1354 minime
1486 1338 1576 1354 verum
1593 1333 1639 1353 cst.
1660 1344 1686 1347 —
1701 1331 1724 1352 3.
1745 1330 1773 1352 In
1788 1329 1892 1353 Chro'n.
1909 1330 1949 1353 du
1964 1329 2014 1353 rel.
2030 1330 2063 1352 de
2080 1327 2283 1358 &lim-Deum,

413 1381 429 1409 Ι,
445 1381 499 1407 492,
519 1383 649 1408 narratur,
667 1387 717 1410 qun
734 1387 763 1401 ex
776 1386 855 1401 causa
870 1378 917 1400 hoc
932 1386 1025 1400 nomen
1045 1377 1275 1400 Praedicatoribus
1294 1376 1448 1407 impositum
1468 1375 1510 1404 sit,
1529 1374 1573 1398 ubi
1590 1374 1707 1402 affertur,
1726 1374 1870 1397 secundum
1886 1373 2024 1404 vulgarem
2040 1373 2146 1395 modum
2160 1371 2283 1403 loquendi

414 1425 461 1447 hoc
479 1424 635 1447 vocabulum
659 1423 777 1446 daemoni
798 1422 943 1453 ascriptum
960 1430 1025 1445 esse.
1043 1431 1055 1442 α
1072 1421 1195 1452 quociens
1214 1421 1352 1452 passiones
1369 1423 1443 1443 atiree
1459 1420 1528 1442 ultra
1549 1419 1655 1442 modum
1671 1418 1808 1442 seviebant
1823 1418 1930 1441 solitum
1945 1427 1968 1441 n.
1985 1418 2013 1441 P.
2037 1418 2083 1440 494
2098 1416 2283 1440 exscribuntur

414 1469 613 1500 imprecationes
630 1468 750 1490 versibus
764 1467 925 1498 compositae
941 1469 1031 1489 contra
1047 1466 1181 1490 Huetum.
1196 1479 1222 1482 —
1237 1466 1260 1488 4.
1277 1466 1312 1488 De
1330 1473 1381 1496 quo
1397 1465 1429 1487 ad
1446 1473 1486 1487 nn.
1505 1465 1564 1487 1377
1580 1464 1604 1486 in
1619 1463 1677 1487 Lib.
1691 1470 1770 1493 proc.
1787 1467 1847 1486 nat.
1863 1462 1948 1493 Anyl.
1963 1462 1989 1485 in
2005 1463 2123 1486 Auctar.
2141 1461 2280 1490 Chartul„

414 1514 431 1541 1,
450 1522 475 1544 p.
492 1514 546 1541 527,
561 1514 600 1541 40,
617 1516 641 1535 et
656 1515 756 1543 postea.
774 1511 871 1535 Liceat.
889 1511 914 1533 in
931 1511 1009 1533 theol.
1027 1519 1039 1533 c
1055 1510 1144 1534 Catal.
1163 1510 1254 1534 licent.
1271 1518 1314 1532 an.
1330 1510 1390 1532 1380
1407 1509 1496 1538 (1381).
1513 1510 1560 1532 An.
1582 1509 1642 1531 1382
1658 1507 1763 1530 circiter
1781 1506 1897 1530 Parisios
1914 1506 2029 1538 reliquit,
2046 1506 2063 1529 i.
2079 1514 2102 1530 e.
2124 1505 2194 1528 circu
2213 1505 2282 1528 idem

414 1561 517 1588 tenipus
532 1560 609 1588 utque
623 1556 749 1579 IIenricus
765 1555 795 1579 de
809 1555 912 1578 Bassia.
932 1569 959 1572 -—
977 1557 999 1578 5.
1016 1555 1050 1577 De
1066 1554 1271 1585 Nuereniberga,
1291 1554 1353 1577 Ord.
1374 1553 1518 1582 Carmena,
1534 1554 1602 1584 pros.
1620 1552 1645 1575 in
1661 1552 1740 1575 theol.
1762 1552 1823 1580 (vid.
1846 1551 1920 1582 Kink,
1937 1551 2031 1575 Gesch.
2049 1552 2099 1574 det·
2118 1549 2283 1575 Universitdc

418 1602 503 1629 Wien,
521 1602 551 1628 11,
564 1602 613 1630 911).
626 1614 653 1618 —
665 1602 687 1624 6.
705 1600 833 1631 Georgius
850 1600 880 1622 de
894 1599 959 1623 Rain
976 1600 1024 1622 suit
1039 1599 1121 1622 dioec.
1137 1598 1305 1630 Aquilejens„
1321 1601 1349 1620 ut
1364 1598 1461 1628 legitur
1478 1597 1502 1620 in
1520 1598 1581 1628 ch.
1600 1597 1694 1628 Suppl.
1709 1597 1805 1619 Bened.
1820 1596 1886 1624 XIII,
1899 1604 1941 1619 nn.
1959 1596 1988 1618 10
2004 1598 2029 1618 et.
2044 1595 2083 1624 11,
2095 1603 2121 1626 p.
2138 1595 2161 1624 3,
2177 1594 2223 1618 sol.
2237 1593 2283 1618 160

413 1646 489 1675 (inter
504 1654 572 1676 mag.
589 1645 613 1668 in
632 1645 711 1669 theol.
726 1653 776 1667 non
790 1646 928 1675 regentes).
944 1645 971 1667 In
989 1644 1075 1668 Catal.
1094 1643 1187 1667 licent.
1206 1643 1230 1666 in
1249 1643 1328 1666 theol.
1346 1645 1455 1665 vocatur
1472 1642 1601 1673 Georgius
1618 1642 1649 1664 dc
1666 1641 1813 1669 Selnvonia,
1830 1644 1855 1663 et
1871 1640 1920 1663 fuit
1934 1640 2022 1663 licent.
2039 1648 2081 1663 an.
2097 1640 2167 1667 1400,
2181 1638 2243 1662 Maii
2258 1639 2280 1662 2.

414 1690 473 1713 Fuit
489 1690 647 1713 Son-boninus
670 1689 731 1718 (vid.
751 1688 885 1717 Franklin,
902 1689 943 1712 La
964 1689 1115 1713 Sorbonne.
1133 1688 1176 1710 ‘227
1192 1696 1197 1710 ⁷.
1217 1687 1370 1718 «Georgius
1391 1687 1446 1718 Ryn
1467 1686 1498 1709 de
1518 1686 1657 1709 Sclavoniu
1674 1688 1707 1715 n).
1726 1685 1782 1708 Vid.
1801 1687 1920 1709 Auctar.
1939 1684 2076 1711 Char-tul„
2096 1684 2115 1713 I,
2132 1692 2158 1715 p.
2175 1683 2228 1714 662,
2244 1683 2281 1711 18,

414 1738 438 1757 ct
454 1735 561 1766 pluries.

420 1834 560 1871 1570.
584 1843 684 1869 Altera
701 1842 823 1879 epistola
843 1842 954 1876 Georgii
968 1841 1003 1867 de
1018 1842 1092 1867 Rain
1109 1841 1149 1866 ad
1164 1840 1291 1866 eumdem
1307 1840 1342 1866 dc
1358 1840 1455 1866 eodem
1472 1843 1647 1874 argumento.

1557 1923 1633 1952 7389,
1646 1924 1710 1954 post
1723 1922 1809 1948 Martii
1821 1922 1868 1955 25,
1886 1921 1999 1947 Parisiis.

508 2009 640 2042 Humili
663 2008 1024 2041 recommendacione
1046 2007 1236 2052 premissa,
1256 2007 1429 2051 magister
1450 2007 1496 2039 nii
1519 2013 1554 2039 et
1575 2006 1720 2038 domine
1743 2004 2011 2050 precarissime,
2029 2003 2160 2048 scrIpsi
2180 2001 2286 2036 vobis

419 2077 462 2108 de
484 2075 731 2108 controversia
753 2075 1008 2108 Universitatis
1029 2074 1248 2107 Parisiensis
1271 2080 1303 2106 et
1325 2074 1471 2106 fratrum
1496 2073 1540 2105 dc
1562 2072 1695 2106 Ordine
1718 2073 1751 2105 S.
1776 2071 1970 2112 Dominici,
1993 2069 2176 2115 quomodo
2198 2068 2286 2103 Uni-

419 2143 570 2175 versitas
599 2141 755 2174 obtinuit
787 2153 884 2174 suam
915 2153 1058 2174 causam
1086 2147 1210 2173 contra
1238 2140 1355 2173 dictos
1383 2140 1525 2175 fratres.
1553 2146 1587 2171 et
1607 2139 1704 2184 quod
1732 2138 1794 2171 ille
1818 2138 1893 2182 xiiij
1923 2136 2202 2182 proposiciones
2223 2146 2288 2181 per

421 2209 597 2253 quendam
621 2208 846 2254 magistrum,
864 2214 1027 2241 vocatum
1042 2207 1242 2240 Johannem
1261 2207 1304 2239 de
1327 2208 1558 2241 Montesono.
1578 2206 1622 2238 de
1640 2205 1778 2239 Ordine
1796 2216 1935 2245 eorum,
1957 2204 1993 2236 in
2015 2203 2126 2236 scolis
2148 2209 2284 2235 temere

421 2282 571 2313 asserte,
598 2281 680 2307 sunt
711 2287 775 2319 per
800 2274 1080 2308 Universitatem
1110 2281 1142 2306 et
1171 2274 1382 2318 episcopum
1410 2273 1652 2306 Parisiensem
1679 2271 1956 2316 condempnate,
1979 2270 2025 2303 ita
2053 2269 2151 2314 quod
2178 2268 2286 2301 modo

422 2341 506 2373 dicti
528 2342 656 2373 fratres
678 2341 721 2373 de
747 2341 907 2373 Parisius
931 2347 1165 2374 recesserunt
1186 2347 1221 2373 et
1246 2339 1454 2385 specialiter
1476 2339 1639 2384 magistri
1667 2345 1699 2371 et
1730 2338 1790 2370 alii
1818 2337 2001 2382 graduati3
2030 2343 2062 2369 et
2089 2335 2150 2380 qui
2170 2334 2287 2368 adhuc

425 2414 578 2447 manent,
607 2414 688 2439 sunt
715 2408 751 2439 in
780 2407 929 2439 maxima
957 2407 1172 2440 confusione
1198 2419 1264 2440 nec
1290 2407 1423 2439 audent
1450 2405 1595 2451 publice
1622 2417 1686 2450 per
1705 2405 1806 2437 vicos
1834 2403 2023 2443 inccdere3
2050 2414 2132 2447 ymo
2161 2413 2288 2434 omnes

424 2474 484 2517 qui
505 2473 591 2505 alias
613 2473 656 2505 de
678 2474 930 2517 Concepcione
947 2474 1111 2518 Virginis
1134 2473 1423 2518 predicaverunt,
1447 2473 1527 2518 ipso
1549 2472 1656 2504 modo
1679 2471 1870 2515 capiuntur
1891 2476 1925 2502 et
1946 2468 2154 2502 carceribus
2175 2467 2289 2501 inclu-

427 2539 572 2571 duntur.
601 2539 703 2572 Unde
725 2551 785 2571 rex
813 2540 961 2572 Francie
989 2546 1165 2584 potestate
1188 2551 1251 2572 sua
1273 2539 1372 2572 dedit
1400 2539 1646 2571 auctoritatem
1670 2537 1835 2582 capiendi
1861 2536 1895 2569 xl
1923 2536 1968 2568 de
1989 2535 2096 2568 dictis
2116 2533 2289 2568 fratribus

428 2606 513 2638 dicti
544 2606 707 2646 Ordinis,
739 2618 830 2650 quos
860 2606 1084 2639 Universitas
1110 2606 1267 2639 voluerit
1297 2606 1503 2646 nominare3
1541 2605 1605 2637 sed
1640 2610 1674 2636 et
1711 2615 1798 2648 papa
1835 2603 1998 2636 totidem.
2028 2603 2072 2634 Et
2103 2603 2176 2647 jam
2205 2607 2290 2634 sunt

428 2672 551 2716 plures
573 2672 665 2716 capti
686 2678 721 2704 et
747 2672 783 2704 in
804 2672 1011 2705 carceribus
1033 2673 1253 2705 detinentur.
1278 2674 1375 2705 Inter
1396 2683 1488 2716 quos
1510 2683 1604 2703 unus
1630 2670 1803 2715 magister
1828 2669 1864 2701 in
1885 2668 2069 2714 theologia
2091 2667 2291 2701 solemnior

429 2738 583 2770 clericus
610 2739 719 2770 totius
747 2738 908 2778 Ordinis,
935 2746 1083 2771 vocatus
1113 2739 1286 2784 magister
1311 2738 1494 2771 Johannes
1522 2737 1671 2777 Thome,
1699 2737 1759 2781 qui
1788 2736 1824 2768 in
1857 2735 2064 2769 carceribus
2095 2734 2289 2775 detinetur,

429 2805 463 2836 in
496 2804 553 2837 die
582 2805 889 2837 Annunciacionis
917 2804 951 2836 b.
979 2806 1079 2850 Virg.
1110 2806 1221 2838 Marie
1250 2805 1351 2850 plura
1380 2817 1450 2849 que
1479 2804 1537 2836 hie
1567 2803 1719 2836 inferius
1748 2803 1980 2835 continentur
2007 2814 2126 2835 coram
2155 2799 2291 2846 populo

430 2870 683 2903 innumerabili
706 2871 741 2903 in
764 2871 916 2903 ecclesia
938 2871 972 2904 b.
991 2872 1093 2915 Virg.
1118 2872 1246 2904 Mat-ie¹
1271 2871 1467 2904 parisiensi
1490 2870 1669 2903 revocavit
1692 2870 1818 2902 dicens
1838 2881 1844 2901 :

540 2931 578 2952 (35.
