2488 3386
172 321 264 357 1351]
578 333 624 354 ΑΒ
659 333 764 355 ΑΝΝΟ
801 332 931 354 MCCCL
965 332 1098 360 USQUE
1135 333 1183 353 AD
1221 332 1489 354 BENEDICTUM
1525 333 1613 354 X111.
2010 324 2028 356 7

165 407 348 440 Johannes
370 408 418 439 Le
440 408 590 452 Royer⁵,
613 407 675 451 qui
701 406 834 439 dictum
863 405 1034 438 clericum
1062 405 1099 437 in
1126 405 1316 438 tormentis
1346 405 1431 449 poni
1461 405 1605 445 fecerat,
1630 412 1664 438 et
1693 405 1739 438 ob
1766 406 1833 438 hoc
1862 407 2027 450 injuriam

168 473 314 506 domino
335 473 414 518 regi
440 473 585 513 fecerat,
608 485 687 505 cum
718 473 848 505 factum
878 484 985 516 supra
1014 483 1052 504 se
1080 471 1251 516 cepisset,
1274 471 1371 515 quod
1394 471 1540 503 domino
1568 471 1645 516 regi
1669 472 1888 512 emendaret,
1919 473 2027 505 eciam

169 539 414 580 Universitati,
447 539 508 584 qui
538 539 670 578 statim,
699 539 803 571 ssexis
833 538 1005 583 genibus,
1036 537 1104 570 hoc
1134 538 1230 578 fecit,
1262 537 1525 582 [sup]plicando
1557 538 1743 570 emendam
1778 545 1845 570 tam
1882 539 2029 571 domino

168 612 292 639 nostro
314 606 392 650 regi
413 617 517 650 quam
540 605 687 638 domino
710 605 841 638 rectori
863 616 928 649 pro
949 605 1027 649 ipsa
1048 604 1309 644 Universitate;
1333 616 1403 648 que
1424 603 1574 636 emenda
1596 604 1835 636 incontinenti
1856 617 1921 649 pro
1943 606 2031 637 Uni—

167 672 335 705 versitate
355 672 422 705 fuit
441 679 554 705 taxata
575 672 611 704 in
634 671 801 704 ducentis
821 670 925 703 libris
946 671 1137 715 parisiens.
1161 672 1203 703 Et
1225 670 1320 702 illam
1345 670 1532 703 emendam
1555 671 1712 715 pecierat
1732 677 1765 703 et
1791 670 1935 703 volebat
1961 671 2029 703 sibi

166 738 242 771 dari
268 739 437 771 dominus
464 750 538 779 rex,
566 750 636 783 que
662 738 731 771 sibi
758 749 822 782 per
847 738 964 770 dictos
990 737 1246 770 Universitatis
1271 737 1476 781 deputatos,
1503 737 1547 769 de
1571 737 1755 770 voluntate
1785 743 1820 769 et
1846 749 2028 770 consensu

166 805 282 850 ipsius
308 805 576 845 Universitatis,
603 805 670 837 fuit
697 804 767 837 sibi
793 804 873 837 data
899 811 933 836 et
958 815 1144 836 concessa.
1173 804 1293 836 Eciam
1323 803 1390 836 fuit
1415 803 1548 835 dictum
1576 810 1611 835 et
1636 804 1905 842 sententiatum,
1934 805 2030 848 quod

166 871 335 912 clericus,
357 871 418 916 qui
438 872 555 904 fuerat
573 871 830 911 incarceratus,
856 870 1147 915 conquerebatur
1169 882 1279 914 super
1306 882 1361 911 eo,
1390 870 1488 914 quod
1510 870 1711 903 servientes
1740 870 1903 915 episcopi
1925 871 2033 904 deva-

166 944 347 971 staverant
366 938 403 970 in
424 938 531 970 domo
553 949 617 970 sua
638 937 731 970 bona
753 949 829 978 sua,
852 937 950 981 quod
971 936 1031 969 illa
1052 937 1211 969 traderet
1230 937 1266 968 in
1289 936 1447 981 scriptis,
1470 943 1504 969 et
1525 936 1594 969 sibi
1616 937 1931 977 restituere[n]tur.

254 1005 297 1037 Et
324 1004 369 1037 de
395 1004 467 1036 hiis
494 1004 546 1036 sic
572 1004 676 1036 factis
704 1010 739 1036 et
768 1003 995 1036 sententiatis
1026 1015 1090 1048 per
1111 1003 1296 1035 dominum
1325 1015 1462 1048 regem,
1490 1003 1603 1036 voluit
1632 1010 1666 1036 et
1693 1003 1802 1048 peciit
1822 1010 1890 1036 tam
1913 1004 2031 1037 dictus

167 1077 284 1103 rector
300 1070 555 1104 Universitatis
576 1082 641 1115 pro
662 1070 740 1115 ipsa
757 1070 1012 1110 Universitate,
1036 1081 1140 1114 quam
1163 1069 1281 1102 dictus
1303 1069 1472 1102 dominus
1494 1069 1688 1114 episcopus
1709 1070 1939 1112 parisiensis,
1962 1071 2032 1103 sibi

166 1149 229 1182 per
249 1149 305 1169 me
326 1137 504 1170 notarium
526 1136 708 1181 publicum
731 1136 999 1181 infrascriptum
1021 1136 1099 1168 fieri
1127 1135 1311 1180 publicum
1337 1136 1630 1176 instrumentum,
1653 1143 1810 1169 astantes
1838 1137 1874 1169 in
1902 1137 2031 1170 horum

165 1203 412 1236 testimonium
435 1203 650 1236 invocando.

253 1270 382 1303 Actum
409 1276 449 1302 ut
478 1281 598 1314 supra,
622 1269 855 1314 presentibus
876 1269 982 1301 dictis
1005 1269 1162 1301 dominis
1192 1268 1392 1301 astantibus
1420 1281 1500 1301 cum
1530 1269 1676 1301 domino
1706 1281 1791 1314 rege
1820 1276 1853 1302 et
1884 1270 2033 1303 domino

165 1336 338 1369 cardinali
366 1336 410 1368 de
437 1336 566 1369 Sancto
591 1336 801 1380 Dyonisi0⁶,
825 1335 972 1367 domino
995 1336 1167 1380 episcopo
1198 1335 1466 1376 Laudunensi⁷,
1489 1335 1617 1375 Alano,
1641 1336 1822 1368 serviente
1852 1336 2031 1369 facultatis

166 1402 409 1443 decretorum,
440 1401 636 1447 Hymberto
666 1401 868 1446 Burgundi,
899 1401 1116 1434 subbedello
1147 1402 1303 1434 nationis
1331 1401 1529 1442 Gallicane,
1561 1408 1593 1434 et
1629 1402 1751 1434 multis
1782 1402 1861 1435 aliis
1896 1402 2030 1435 ibidem

166 1468 399 1514 presentibus
420 1468 575 1502 testibus
595 1468 639 1501 ad
660 1468 836 1512 premissa
856 1468 992 1500 vocatis
1014 1467 1220 1512 specialiter
1241 1474 1276 1500 et
1296 1468 1444 1512 rogatis.

256 1536 300 1568 Et
331 1547 399 1580 ego
432 1536 564 1580 Symon
594 1535 712 1567 dictus
742 1534 925 1576 Quinimo,
955 1534 1111 1566 clericus
1142 1534 1327 1567 Tullensis
1358 1534 1538 1578 dyocesis,
1571 1534 1738 1579 publicus
1769 1535 1965 1579 apostolica
1996 1542 2028 1568 et

166 1602 344 1646 imperiali
364 1602 574 1634 auctoritate
596 1600 772 1641 notarius,
795 1601 967 1645 curieque
988 1601 1204 1633 Parisiensis
1220 1601 1377 1645 juratus,
1399 1606 1461 1634 etc.

259 1698 394 1730 Originale
409 1698 435 1721 in
451 1698 527 1722 Arch.
542 1698 664 1722 Univers.
680 1698 774 1727 Paris„
791 1698 867 1721 theca
883 1699 923 1725 IV,
941 1700 970 1721 A.
987 1699 1024 1721 21.
1041 1707 1068 1729 p.
1082 1712 1113 1715 —
1127 1698 1264 1727 Jourdain,
1281 1703 1310 1721 n⁰
1325 1699 1380 1722 636.

259 1784 281 1807 1.
300 1783 373 1815 Orig.
388 1792 392 1805 ·.
413 1792 424 1806 (t
435 1783 526 1814 vigore
540 1792 551 1805 υ
578 1797 607 1800 -
621 1784 643 1806 2.
660 1784 695 1806 De
711 1783 769 1814 ipso
784 1783 837 1806 vid.
856 1783 996 1810 Chartul.‚
1014 1783 1046 1810 11,
1064 1791 1090 1813 p.
1106 1783 1161 1811 642,
1179 1785 1231 1805 not.
1249 1782 1287 1805 24.
1301 1783 1348 1806 An.
1364 1782 1433 1811 1360,
1450 1784 1463 1805 8
1479 1783 1554 1811 Nova,
1570 1786 1690 1813 receptus
1709 1786 1748 1806 est
1760 1791 1852 1807 canon.
1869 1784 1931 1807 eccl.
1948 1784 2030 1807 Paris.

167 1828 224 1851 Vid.
241 1828 318 1852 Arch.
334 1831 387 1851 nat.
408 1827 492 1851 Paris.
511 1828 559 1852 LL.
577 1828 647 1856 106³,
664 1836 690 1858 p.
710 1828 764 1850 ⁶297.
784 1841 812 1844 —
834 1828 856 1851 3.
873 1827 994 1850 Julianus
1010 1826 1041 1850 de
1060 1826 1142 1849 Muris
1159 1826 1228 1849 circa
1244 1826 1312 1849 diem
1329 1827 1358 1849 24
1373 1827 1470 1849 mensis
1487 1827 1581 1855 Martii,
1599 1827 1718 1850 ultimam
1737 1827 1805 1850 diem
1821 1828 1955 1858 legibilem
1973 1831 2032 1851 ante

166 1872 396 1896 Annuntiutionem
417 1872 584 1900 dominicam,
606 1875 736 1895 rectoratu
756 1871 862 1899 exierat,
882 1874 907 1894 et
924 1871 979 1902 ejus
998 1871 1067 1894 vices
1086 1879 1169 1893 novus
1188 1874 1272 1893 rector
1294 1874 1431 1901 exceperat
1447 1871 1580 1894 ,lohannes
1600 1872 1631 1894 de
1656 1872 1752 1895 Remis.
1776 1886 1806 1889 —
1825 1873 1848 1895 4.
1870 1872 1914 1895 Or.
1932 1880 1937 1895 t
1957 1873 2033 1895 «fuit

166 1917 264 1940 dictum
278 1925 300 1940 )).
318 1930 344 1934 -
361 1919 384 1940 5.
407 1916 610 1940 commissarius
632 1916 750 1939 officialis
765 1915 848 1939 Paris.
866 1915 924 1938 Vid.
940 1916 1114 1939 Auctarium
1134 1915 1262 1939 Chartul.
1289 1915 1419 1943 Univers.,
1442 1915 1522 1939 Liber
1537 1919 1684 1945 procurat.
1702 1916 1735 1938 ad
1757 1924 1799 1939 an.
1816 1916 1884 1943 1351,
1906 1917 1992 1939 Martii
2009 1918 2031 1939 7.

169 1975 196 1979 —
211 1963 234 1984 6.
251 1961 366 1992 Aegydio
383 1961 495 1992 Rigaud,
513 1961 609 1984 abbate
626 1961 652 1983 S.
671 1960 797 1991 Dionysii,
817 1960 888 1983 card.
906 1960 947 1983 tit.
966 1961 992 1983 S.
1011 1959 1135 1982 Praxedis
1154 1960 1187 1982 ab
1205 1968 1246 1982 an.
1265 1960 1333 1987 1350,
1353 1959 1473 1983 Deccmb.
1492 1960 1520 1982 17
1539 1959 1700 1990 (Contelori).
1721 1973 1748 1977 —
1768 1961 1790 1983 7.
1810 1961 1918 1991 Hugone
1935 1961 2033 1990 d’Arci,

167 2006 317 2029 consiliario
332 2005 402 2037 regis
415 2005 540 2036 Philippi,
559 2005 640 2036 episc.
657 2005 774 2028 Luudun.
792 2004 824 2027 ab
841 2012 882 2027 an.
901 2004 968 2031 1341,
986 2004 1031 2027 sed
1044 2012 1086 2027 an.
1104 2004 1172 2031 1351,
1190 2004 1281 2027 octob.
1299 2005 1335 2031 24,
1354 2004 1482 2026 translato
1498 2004 1530 2026 ad
1544 2004 1598 2027 sed.
1615 2005 1734 2027 Remens.
1756 2004 1822 2034 (Vid.
1842 2005 1982 2034 Chartul„
1998 2006 2031 2032 ll,

166 2059 194 2082 p·
210 2052 264 2079 564,
280 2053 332 2073 not.
347 2051 380 2079 2).

173 2176 312 2213 1197.
335 2187 482 2211 Decretum
502 2184 656 2219 facultatis
681 2184 840 2210 medicinae
861 2184 955 2209 Paris.
983 2183 1018 2209 de
1040 2183 1193 2217 stipendiis
1221 2183 1326 2208 debitis
1356 2191 1429 2217 mag.
1452 2183 1535 2208 Adae
1559 2183 1595 2209 de
1616 2183 1804 2217 Francovilla,
1830 2185 1879 2218 qui
1901 2184 1929 2208 in
1951 2184 2031 2209 curia

255 2235 385 2260 Romana
402 2235 430 2260 in
444 2233 570 2268 gratiam
585 2233 748 2267 facultatis,
763 2233 937 2268 praesertim
953 2236 1052 2258 contra
1069 2232 1170 2258 illicite
1182 2232 1388 2268 practicanteS,
1408 2231 1571 2258 laborabat.

1318 2312 1474 2341 1350-1351,
1490 2312 1580 2344 Aprilis
1594 2313 1618 2342 2,
1634 2313 1747 2341 Parisiis,

257 2397 447 2430 Universis
468 2404 658 2441 presentes
684 2397 823 2429 litteras
847 2396 1070 2441 inspecturis
1092 2407 1220 2428 omnes
1246 2402 1279 2427 et
1301 2395 1437 2440 singuli
1463 2395 1627 2439 magistri
1651 2402 1730 2427 actu
1750 2403 1919 2440 regentes
1940 2397 2031 2428 Pari-

170 2463 245 2496 sius
271 2463 307 2496 in
326 2463 492 2496 facultate
514 2463 706 2503 medicine,
728 2463 879 2495 salutem
902 2463 938 2494 in
963 2463 1130 2495 Domino.
1154 2463 1283 2494 Notum
1306 2461 1456 2494 facimus
1479 2461 1575 2505 quod
1603 2474 1683 2493 cum
1706 2474 1772 2494 nos
1794 2474 1858 2507 pro
1881 2462 2030 2506 quibus-

170 2529 248 2562 dam
270 2530 405 2562 nostris
425 2529 548 2562 arduis
574 2529 732 2574 negotiis
757 2528 1001 2561 venerabilem
1028 2529 1143 2561 virum
1166 2535 1201 2560 ct
1223 2528 1418 2560 discretum
1442 2527 1653 2571 magistrum
1677 2528 1788 2560 Adam
1813 2528 1856 2560 de
1878 2529 2030 2561 Franco-

168 2595 283 2636 villa¹,
313 2602 436 2628 nostre
468 2595 646 2628 facultatis
678 2595 866 2631 decanum,
901 2595 943 2627 ad
983 2595 1116 2627 curiam
1158 2596 1350 2626 Romanam
1383 2593 1699 2634 destinaverimus,
1741 2594 1858 2626 eidem
1893 2601 2028 2626 certum

170 2663 341 2706 temporis
368 2662 559 2694 terminum
585 2662 627 2694 ad
652 2662 811 2706 predicta
841 2661 985 2706 negotia
1014 2662 1050 2692 in
1079 2661 1177 2693 curia
1204 2662 1361 2692 Romana
1390 2660 1643 2704 prosequenda
1674 2660 1907 2704 prcfigentes,
1939 2661 2029 2692 infra

169 2740 272 2772 quem
301 2728 424 2761 eadem
455 2728 599 2773 negotia
631 2735 751 2760 nostra
781 2740 844 2772 per
870 2728 987 2772 ipsum
1014 2727 1110 2770 (licet
1138 2727 1333 2771 diligenter
1360 2733 1391 2758 et
1420 2726 1587 2765 fideliter,
1616 2732 1721 2769 prout
1746 2726 1851 2758 nobis
1877 2733 2027 2766 constat,

168 2794 301 2827 fuerint
326 2796 530 2839 prosequta)
553 2794 659 2826 finem
684 2806 755 2826 non
778 2800 974 2839 potuerunt
997 2793 1120 2826 sortiri
1144 2799 1382 2837 peroptatum,
1406 2792 1513 2823 imino
1537 2791 1722 2823 laboribus
1745 2798 1776 2823 et
1800 2792 1968 2836 expensis
1989 2804 2027 2824 ac

170 2860 341 2904 temporis
363 2860 533 2892 dilatione
557 2860 793 2892 ulterioribus
816 2860 1023 2904 indigentes
1043 2871 1048 2890 :
1068 2859 1235 2890 nolentes
1260 2858 1392 2889 dictum
1417 2857 1625 2901 magistrum
1649 2857 1761 2889 Adam
1787 2857 1821 2888 in
1844 2857 1906 2889 ha(-
1931 2863 2027 2900 parte
