2488 3386
444 332 508 365 682

1035 339 1352 361 CIIARTULARIUM
1387 338 1578 360 UNIVERS.
1615 337 1744 359 PARIS.

446 410 2311 424 ........------..--.----.-------.----.------------------------.

444 461 503 483 1458

443 562 503 584 1459

443 619 502 641 1460

440 721 499 744 1461

441 778 501 801 1462

440 925 500 947 1463

439 1026 499 1049 1464

439 1128 498 1151 1465

439 1231 498 1253 1466

438 1333 497 1355 1467

438 1391 497 1413 1468

436 1537 497 1560 1469

437 1639 497 1662 1470

438 1698 495 1720 1471

437 1757 496 1779 1472

437 1818 497 1841 1473

436 1925 510 1950 1473α

438 2065 498 2088 1474

438 2172 497 2195 1475

439 2279 499 2302 1476

439 2341 498 2364 1477

441 2448 500 2471 1478

440 2511 499 2534 1479

438 2707 497 2729 1480

435 2814 491 2836 1481

578 458 642 483 1381

572 1025 639 1050 1382

780 457 839 480 Maii
853 459 867 480 6

763 559 834 582 Junii
852 561 881 582 30

764 616 823 639 Maii
841 618 881 639 26-

766 648 830 670 sulii
847 649 875 671 15

767 718 829 741 Julii
850 719 875 741 15,

785 776 874 799 —17

716 922 877 952 Septembris
896 922 924 944 15

735 1023 853 1046 Januarii
871 1024 899 1046 22

532 1125 679 1151 1381-1382
714 1125 862 1148 Decembris
879 1126 922 1148 18-

572 1228 638 1253 1382

572 2179 636 2204 1383

533 2346 678 2372 1382-1383
715 2348 864 2372 Decembris
881 2350 922 2373 16-

572 2452 638 2478 1383

555 2937 593 2959 861

752 1157 838 1180 Martii
854 1158 883 1179 24

758 1227 829 1251 Junii
847 1229 876 1250 30

783 1331 876 1352 -30

764 1387 826 1410 Julii
843 1388 871 1410 12

781 1538 870 1560 -12

741 1640 862 1663 Octobris
877 1641 891 1663 6

789 1711 816 1715 —-
863 1698 889 1721 11

789 1769 817 1772 —
862 1756 889 1778 11

788 1819 891 1840 —26

719 1924 873 1947 Novembris
887 1924 916 1947 23

727 2073 847 2097 Octobris
864 2075 904 2097 10-

720 2105 868 2128 Decembris
886 2106 914 2128 16

735 2181 854 2204 ,Ianuarii
871 2182 899 2204 24

759 2287 845 2310 Martii
864 2288 874 2310 1

752 2381 838 2403 Martii
856 2382 885 2404 24

749 2456 845 2486 Aprilis
864 2457 892 2479 12

790 2531 819 2535 -——
863 2519 891 2541 18

789 2713 890 2735 —20

770 2818 830 2841 Maii
847 2819 859 2842 7

958 458 1076 481 Clemens
1090 458 1135 481 Vll
1148 457 1305 481 cancellario
1321 456 1454 485 Puris.‚ut
1465 456 1625 480 Riehardum
1641 455 1728 487 Bigot,
1741 456 1803 479 Ord.
1819 455 1922 484 Praed..
1935 458 2052 486 tempore
2064 454 2171 478 hiemali
2187 455 2220 478 ad

987 503 1126 533 legendum
1143 502 1241 525 librum
1257 501 1450 524 Sententiarum
1465 501 1587 524 admittat
1596 516 2218 524 .........................

955 560 1137 583 Juramentum
1149 560 1208 582 novi
1219 559 1363 591 praepositi
1375 558 1469 588 Paris,
1480 558 1591 582 Audoini
1603 558 1766 586 Chauveron,
1777 557 1948 582 Universitati
1959 557 2042 581 Paris.
2052 557 2220 589 praestitum.

956 618 1077 641 Nicolans
1094 618 1125 641 de
1141 618 1167 640 S.
1185 617 1335 644 Saturnino,
1353 617 1392 640 tit.
1410 617 1435 640 S.
1453 616 1557 639 Martini
1581 616 1606 639 in
1627 616 1758 639 Montibus
1774 616 1864 647 presb.
1879 615 1963 645 card„
1977 615 2071 647 recipit
2089 615 2219 638 cancella-

988 663 1054 685 riam
1071 663 1133 685 eccl.
1157 661 1241 685 Paris.
1259 670 1306 692 per
1321 661 1423 684 obitum
1442 661 1570 684 Johnnnis
1586 661 1617 684 de
1633 661 1725 684 Calore
1740 663 1876 684 vacantem
1880 676 2218 684 ..............

955 720 1074 743 Clemens
1088 720 1132 742 ΥΠ
1150 719 1278 750 magistro
1293 718 1408 742 Johunni
1424 718 1567 742 Blanchart
1582 718 1766 742 cancellariam
1782 718 1845 741 eccl.
1857 718 1941 742 Paris.
1955 719 2056 741 confert
2058 734 2218 741 .......

955 778 1073 801 Clemens
1087 778 1132 800 Vll
1148 776 1263 800 Johanni
1278 777 1310 800 de
1325 776 1438 804 Basilea,
1461 776 1556 799 rectori
1581 778 1640 799 frat.
1664 776 1727 800 0121.
1752 777 1838 800 Erem.
1862 776 1887 799 S.
1903 776 1981 807 Aug„
1997 775 2024 799 in
2037 775 2118 799 theol.
2138 783 2217 806 ning.,

986 822 1137 845 facultatem
1162 823 1262 844 confert
1283 821 1436 844 nominandi
1461 824 1486 844 et
1508 821 1651 852 deputandi
1675 822 1770 844 fratres
1794 821 1962 844 baccalareos
1986 820 2013 843 in
2037 829 2059 844 s.
2083 820 2163 843 theol.
2186 820 2219 842 ad

985 866 1109 897 legendas
1126 866 1239 889 Bibliam
1255 869 1281 889 et
1296 865 1444 888 Sententias
1462 865 1488 888 in
1503 865 1588 889 Paris.
1604 868 1630 888 et
1645 865 1704 888 aliis
1723 865 1947 889 Universitutibus
1962 864 2139 896 generalibus.
2160 882 2166 887 .
2186 882 2191 887 .
2211 881 2218 888 .

954 925 1072 947 Clemens
1086 924 1131 947 VII
1147 924 1179 946 ad
1194 923 1254 947 Joh.
1271 923 1423 949 Blanchart.
1438 923 1625 946 cancellarium
1641 922 1735 951 Paris.=
1756 926 1785 946 ut
1799 923 1876 946 Petro
1891 923 1923 946 de
1938 922 2047 951 Candia,
2062 922 2125 946 Ord.
2145 921 2216 950 Min.⁷

984 968 1166 999 magisterium
1180 968 1206 991 in
1220 968 1301 991 theol.
1315 969 1432 991 conferat
1435 983 2217 992 ...............................

953 1026 1071 1049 Clemens
1087 1026 1132 1049 V11
1148 1025 1305 1049 cancellario
1321 1025 1406 1050 Paris.
1427 1025 1549 1057 injungit,
1567 1028 1595 1048 ut
1615 1026 1646 1049 sr.
1667 1025 1778 1048 Vitulem
1797 1025 1829 1048 de
1851 1024 2007 1053 Cosdinerii,
2029 1024 2091 1048 Ord.
2114 1024 2216 1052 Praed.‚

983 1071 1015 1093 ad
1028 1071 1153 1102 legendas
1170 1070 1318 1094 Sententias
1331 1073 1357 1093 et
1371 1073 1464 1101 postea
1479 1070 1511 1093 ad
1527 1070 1640 1101 gradum
1655 1069 1853 1092 baccalareatus
1867 1069 1990 1092 admittat
2005 1085 2217 1092 .........

953 1128 1079 1151 llenricus
1095 1128 1268 1151 Brekerevere
1284 1128 1310 1151 in
1326 1131 1454 1151 rectorem
1473 1127 1580 1151 electus.
1598 1127 1771 1151 Universitati
1786 1135 1875 1150 coram
1894 1135 1956 1158 rege
1974 1127 2053 1150 datur
2071 1127 2144 1150 locus
2160 1126 2219 1158 pri—

983 1181 1041 1196 mus
1055 1176 1114 1196 ante
1129 1173 1221 1204 cpisc.,
1239 1173 1367 1196 decanum
1382 1176 1408 1195 et
1422 1172 1569 1203 capitulum
1584 1172 1658 1195 Paris
1670 1187 2216 1196 ......................

952 1231 1070 1254 Clemens
1085 1231 1130 1253 vn
1146 1231 1179 1253 ad
1195 1230 1383 1253 cancellarium
1399 1230 1494 1258 Paris.,
1513 1233 1542 1253 ut
1556 1230 1661 1253 Petrum
1678 1230 1709 1252 de
1725 1230 1751 1253 S.
1767 1229 1889 1256 Mai-tino.
1905 1229 1967 1253 Ord.
1982 1229 2104 1256 Carmel„
2122 1228 2154 1252 ad
2167 1229 2219 1252 lec-

982 1278 1069 1298 turam
1085 1275 1281 1298 Sententiarum
1294 1274 1419 1298 admittat
1436 1290 2216 1298 ...............................

952 1334 1023 1356 [dem
1036 1336 1163 1364 qnantum
1177 1333 1210 1356 ad
1225 1333 1362 1356 Nicolaum
1377 1332 1492 1364 Piquier,
1507 1332 1570 1356 Ord.
1585 1332 1636 1356 Min
1641 1347 2216 1357 .......................

952 1392 1147 1414 Parlamentum
1162 1390 1311 1414 Parisiense
1324 1390 1367 1422 jus
1378 1390 1533 1414 candidatus
1549 1390 1575 1413 in
1586 1390 1666 1414 theol.
1678 1393 1703 1414 et
1717 1390 1744 1413 in
1757 1393 1807 1414 art.
1821 1389 1973 1413 licentiandi
1987 1392 2012 1413 et
2027 1388 2217 1413 examinatores

982 1435 1134 1459 nominandi
1150 1435 1240 1458 abbati
1253 1438 1278 1458 et
1291 1435 1448 1458 cancellario
1465 1436 1491 1459 S.
1503 1435 1650 1459 Genovesae
1665 1434 1749 1458 Paris.
1763 1435 1910 1464 confirmat,
1921 1437 2012 1458 contra
2024 1433 2217 1465 oppositionem

981 1480 1116 1503 nationum
1132 1480 1244 1511 Anglic.,
1264 1480 1367 1503 Picard.
1386 1483 1411 1503 et
1429 1480 1544 1503 Norrnan
1548 1495 2216 1503 ...........................

951 1538 1069 1562 Clemens
1085 1538 1130 1561 VII
1153 1538 1309 1561 cancellario
1326 1538 1420 1566 Paris„
1438 1541 1467 1561 ut
1488 1538 1628 1562 Guillelmo
1653 1537 1826 1567 Poulardeffii,
1847 1537 1910 1561 Ord.
1933 1536 2061 1566 Praedie.,
2082 1535 2215 1559 licentiam

980 1582 1085 1613 legendi
1100 1582 1197 1605 llbrum
1212 1582 1406 1605 Sententiarum
1419 1582 1529 1606 Parisiis
1543 1583 1668 1607 concedat
1671 1597 2215 1607 ......................

951 1640 1128 1663 inventarium
1145 1641 1273 1663 bonorum
1289 1644 1313 1664 et
1325 1640 1451 1672 jocalium
1468 1643 1631 1672 repertorum
1649 1640 1675 1664 in
1693 1648 1754 1663 arca
1769 1639 1883 1663 nationis
1899 1638 2050 1663 Picardicae
2053 1655 2214 1662 .......

951 1698 1070 1721 Clemens
1084 1699 1128 1721 V11
1144 1698 1314 1730 privilegium
1328 1698 1480 1730 septennale
1493 1698 1611 1722 concedit
1614 1713 2213 1723 ........................

951 1756 1069 1779 Clemens
1083 1756 1128 1779 1’11
1145 1759 1235 1779 contra
1250 1759 1421 1787 occupatores
1437 1756 1565 1780 bonorum
1582 1756 1769 1787 magistrorum
1786 1759 1811 1779 et
1826 1755 1986 1778 scholarium
2002 1754 2075 1778 Paris
2080 1770 2215 1777 ......

951 1818 1070 1841 Clemens
1086 1818 1130 1841 vll
1154 1818 1311 1841 cancellario
1333 1818 1428 1846 Paris.¹
1444 1821 1474 1842 ut
1493 1818 1663 1842 Gaillelmum
1678 1818 1791 1847 Viviani,
1817 1817 1881 1841 Ord.
1905 1817 2008 1846 Praed.,
2032 1816 2065 1839 ad
2088 1816 2216 1839 lecturam

982 1862 1177 1885 Sententiarum
1194 1863 1316 1886 admittat
1328 1876 2215 1888 ...................................

952 1925 1109 1947 Deliberatio
1124 1925 1310 1948 Universitatis
1324 1926 1355 1949 de
1370 1933 1454 1956 poena
1469 1925 1586 1948 librariis
1600 1925 1752 1956 infligenda,
1765 1924 1809 1956 qui
1824 1924 1850 1947 in
1861 1923 2010 1947 venditione
2022 1922 2151 1946 librorum
2163 1930 2215 1945 non

982 1969 1047 1992 satis
1070 1970 1182 1993 fideliter
1203 1978 1230 1993 se
1252 1973 1356 2001 gerunt.
1376 1970 1526 2001 Appellatio
1552 1970 1684 1993 facultatis
1709 1970 1874 1993 decretorum
1895 1968 1922 1992 in
1941 1971 1995 1993 nat.
2011 1967 2113 1999 Anglic.
2128 1966 2214 1990 inanis

981 2017 1101 2045 reputata
1106 2027 2213 2040 ............................................

951 2076 1082 2099 Johannes
1099 2077 1208 2108 Luqueti
1231 2077 1257 2099 in
1280 2080 1407 2100 rectorem
1432 2078 1539 2101 electus.
1564 2077 1674 2101 Rotulus
1694 2076 1824 2100 secundus
1840 2074 2027 2099 Universitatis
2046 2074 2078 2097 ad
2095 2074 2214 2098 Clemen-

982 2123 1034 2144 tem
1047 2121 1091 2144 Vll
1106 2121 1277 2145 destinandus
1293 2122 1459 2145 concluditur
1462 2135 2213 2146 ..............................

952 2183 1070 2206 Clemens
1087 2184 1132 2206 Vll
1148 2184 1287 2207 committit
1301 2184 1437 2215 Aymerico
1452 2185 1532 2216 episc.
1555 2184 1638 2207 Paris.
1654 2192 1760 2207 causam
1783 2183 1853 2207 Petri
1875 2182 1962 2213 Regia,
1978 2182 2074 2205 decret.
2090 2180 2214 2209 doctoris,

983 2236 1059 2259 quem
1076 2228 1216 2259 collegium
1229 2229 1366 2252 doctorum
1379 2229 1412 2252 ad
1427 2229 1567 2260 legendum
1581 2229 1718 2252 admittere
1734 2228 1818 2252 noluit
1820 2242 2212 2251 ................

953 2290 1116 2313 Universitas
1133 2291 1216 2314 Paris.
1233 2291 1258 2314 in
1275 2292 1441 2314 Parlumento
1454 2295 1545 2315 contra
1561 2291 1731 2316 Guillelmum
1746 2291 1856 2322 Luloyer
1873 2304 2212 2314 ..............

953 2352 1076 2383 Aegidius
1092 2352 1123 2375 dc
1143 2354 1332 2384 Asperomontc
1354 2354 1380 2376 in
1403 2358 1529 2377 rectorem
1546 2355 1652 2377 electus.
1673 2353 1762 2377 Nuntii
1784 2353 1817 2376 ad
1839 2359 1937 2383 regem.
1958 2350 2068 2374 Botulus
2083 2349 2213 2373 secundus

984 2397 1170 2420 Universitatis
1187 2398 1219 2420 ad
1236 2398 1394 2422 Clementem
1408 2399 1454 2421 ΥΠ
1470 2399 1567 2421 missus
1585 2410 2211 2423 .........................

952 2459 1072 2482 Definitio
1087 2459 1166 2490 plura
1182 2460 1317 2483 continens
1334 2461 1365 2484 de
1382 2463 1449 2484 sacto
1463 2461 1568 2492 collegii
1582 2461 1746 2484 Cluniarens.
1761 2458 1930 2483 Parisiensis.
1948 2475 1954 2481 .
1974 2474 1979 2480 .
2000 2478 2004 2481 .
2024 2474 2211 2481 ........

952 2521 1061 2544 Carolus
1075 2522 1116 2550 Vl,
1134 2531 1178 2545 rex
1194 2523 1362 2551 Francorum,
1377 2524 1591 2553 Universitatem,
1602 2523 1658 2554 ejus
1671 2522 1791 2553 collegia,
1804 2521 1954 2551 magistros,
1966 2515 2109 2546 scholares,
2125 2518 2214 2541 bedel-

981 2565 1029 2593 los,
1047 2566 1170 2589 librarios
1189 2567 1382 2596 Universilutis,
1400 2577 1489 2591 eorum
1505 2569 1608 2597 domus,
1631 2568 1734 2591 scholas
1759 2575 1773 2589 a
1794 2565 1974 2597 juvaminibus
1996 2564 2027 2587 de
2050 2571 2116 2586 novo
2133 2571 2213 2594 super

982 2610 1103 2633 domibus
1120 2619 1165 2633 seu
1182 2612 1291 2643 locagiis
1307 2613 1390 2636 Paris.
1407 2622 1454 2644 pro
1476 2615 1543 2636 sacto
1565 2620 1721 2644 guerrarum
1740 2610 1845 2634 indictis
1867 2609 1965 2641 quinos
1989 2611 2014 2632 et
2036 2607 2135 2631 liberos
2155 2615 2212 2630 esse

982 2655 1086 2677 mandat
1092 2673 1197 2680 .....
1219 2677 1223 2681 .
1245 2669 2211 2682 ......................................

950 2715 1068 2739 Clemens
1082 2718 1127 2740 VH
1143 2718 1176 2741 ad
1197 2719 1384 2742 cancellarium
1406 2720 1499 2748 Paris„
1522 2723 1549 2742 ut
1570 2719 1698 2742 Thomam
1720 2718 1751 2740 dc
1774 2716 1957 2743 Gueuuuvillu,
1974 2715 2037 2739 Ord.
2059 2714 2162 2742 Praed.,
2179 2713 2211 2736 ad

980 2761 1106 2784 lecturam
1123 2762 1315 2786 Sententiarum
1331 2764 1454 2787 admittat
1457 2775 2209 2788 ..............................

949 2821 983 2844 Dc
999 2822 1075 2846 domo
1091 2824 1202 2847 fratrum
1219 2826 1352 2850 Curmelit.
1377 2827 1495 2855 Parisiis,
1513 2834 1578 2857 quae
1602 2829 1711 2856 propter
1730 2823 1925 2847 multitudinem
1947 2821 2109 2845 studentium
2132 2820 2210 2843 nimis

979 2870 1049 2889 arcta
1066 2871 1105 2891 est
1119 2881 2209 2896 ...........................................

2264 500 2310 523 298

2264 557 2311 579 299

2263 659 2310 681 300

2263 716 2308 739 301

2263 863 2309 886 302

2262 965 2308 988 302

2262 1067 2308 1091 ³02

2262 1170 2307 1194 303

2261 1273 2307 1296 304

2261 1330 2308 1354 304

2261 1478 2307 1501 304

2259 1579 2306 1603 310

2259 1637 2305 1661 310

2259 1695 2303 1719 311

2259 1753 2304 1776 311

2259 1859 2304 1884 311

2258 2011 2304 2035 ³12
2347 2002 2352 2006 ’

2258 2117 2304 2142 312

2258 2225 2303 2248 313

2258 2287 2304 2311 314

2257 2394 2303 2418 314

2257 2456 2303 2480 314

2255 2651 2302 2675 316

2255 2758 2300 2781 317

2254 2864 2299 2888 317
