2488 3386
227 324 321 361 1391]
640 338 686 359 ΑΒ
721 338 827 359 ANNO
861 337 992 359 mcch
1025 337 1156 364 USQUE
1191 337 1239 358 AD
1275 337 1537 359 mementorum
1573 338 1662 359 xill.
2019 330 2082 363 533

223 410 334 456 igitur
355 423 465 456 super
493 411 563 444 hiis
590 410 784 444 salubriter
811 411 1004 455 providere
1032 410 1196 443 volentes
1225 422 1263 442 ac
1290 410 1478 454 cupientes
1506 411 1602 455 quod
1630 412 1858 445 cessantibus
1880 412 2081 447 oblocutio-

223 477 343 518 nibus,
367 477 519 510 sublatis
541 477 721 510 scandalis
743 483 777 509 et
798 477 985 509 erroribus
1007 476 1206 521 extirpatis,
1230 476 1321 508 fides
1342 476 1378 508 in
1400 476 1506 509 dictis
1530 477 1690 521 partibus
1716 478 1835 523 vigeat
1859 479 2079 525 incorrupta,

223 543 266 576 de
287 551 406 577 vestre
428 543 755 588 circunspectionis
783 543 960 575 industria
982 543 1018 575 in
1039 542 1110 575 hiis
1136 542 1302 574 fiduciam
1322 549 1493 587 gerentes
1515 543 1551 575 in
1572 544 1725 576 Domino
1748 546 1955 589 specialem,
1976 547 2080 580 vobis

222 617 257 643 et
276 617 435 644 vestrum
466 609 616 643 cuilibet
636 609 844 654 inquirendi
866 616 900 642 et
926 609 1148 654 procedendi
1174 609 1384 641 auctoritate
1411 616 1534 641 nostra
1555 616 1678 642 contra
1700 622 1936 656 quoscunque
1963 625 2080 645 exem-

221 683 302 721 ptos
328 676 524 721 religiosos
552 683 586 709 et
611 676 810 714 seculares,
842 676 903 720 qui
931 687 1076 708 errores
1102 687 1167 708 seu
1198 674 1455 708 conclusiones
1484 676 1694 708 temerarias
1724 684 1783 709 aut
1813 677 2080 712 malesonantes

221 743 446 788 perniciosas
474 754 538 775 seu
564 742 760 787 prebentes
788 742 971 774 materiam
1001 741 1254 774 scandalorum
1280 747 1340 773 aut
1360 741 1615 774 oblocutiones
1637 742 1673 774 in
1696 742 1849 775 ecclesia
1871 751 1992 777 sancta
2015 747 2079 778 Dei

219 815 437 854 generantes
458 808 650 841 occasione
679 808 774 841 dicte
802 808 1007 853 questionis
1033 808 1157 841 fovent
1176 807 1233 840 vel
1260 807 1455 848 sustinent,
1477 820 1516 840 ac
1544 808 1645 852 ipsos
1673 815 1708 841 et
1732 820 1856 841 eorum
1883 811 2082 854 quemlibet

213 877 315 920 juxta
336 875 550 908 delictorum
573 874 795 918 exigenciam
818 881 853 907 et
873 881 979 919 prout
999 874 1054 907 via
1071 874 1220 918 justicie
1241 873 1408 906 suadebit
1429 874 1553 906 eadem
1580 875 1789 908 auctoritate
1816 877 2024 921 corrigendi
2047 885 2081 911 et

219 942 407 987 puniendi,
429 941 481 974 sic
496 941 593 986 quod
612 941 672 973 alii
693 953 711 974 a
732 940 914 973 similibus
932 940 1172 981 retrahantur,
1196 946 1231 972 et
1251 940 1444 972 invocandi
1465 940 1507 972 ad
1529 940 1596 973 hoe
1614 941 1644 973 si
1665 953 1757 986 opus
1780 942 1888 975 fuerit
1908 943 2079 976 auxilium

217 1008 355 1042 brachii
380 1008 568 1049 secularis,
593 1020 666 1040 non
687 1007 916 1040 obstantibus
956 1033 1020 1039 .....
1044 1006 1186 1052 plenam
1210 1013 1245 1039 et
1265 1005 1415 1038 liberam
1438 1007 1672 1040 concedimus
1698 1009 1908 1042 auctoritate
1929 1022 2080 1054 presen-

217 1076 304 1108 tium
325 1075 542 1108 facultatem.
572 1075 699 1107 Datum
720 1074 899 1107 Avinione
927 1073 995 1106 kat.
1018 1073 1158 1114 Marcii,
1181 1072 1413 1117 pontificatus
1435 1074 1550 1105 nostri
1575 1086 1668 1106 anno
1691 1074 1920 1108 duodecimo.

308 1171 370 1202 Reg.
387 1171 444 1194 Vat.
461 1171 541 1194 Aven.
557 1171 697 1194 Clementis
714 1171 768 1200 VH,
784 1171 837 1194 vol.
853 1171 942 1200 LVIII,
959 1173 1030 1202 quat.
1049 1169 1135 1201 primo
1151 1170 1191 1193 De
1208 1170 1300 1194 curia.
1316 1171 1344 1193 In
1363 1170 1438 1193 Arch.
1458 1174 1511 1194 nat.
1526 1171 1609 1194 Paris.
1628 1172 1654 1196 L.
1672 1173 1726 1198 365,
1744 1177 1772 1195 n⁰
1784 1174 1822 1201 48,
1841 1173 1913 1196 bulla
1927 1173 2025 1197 inserta
2040 1179 2079 1198 est

214 1215 309 1238 litteris
330 1215 470 1238 Clementis
491 1215 536 1238 Vll
557 1215 594 1246 iiij
617 1215 653 1238 id.
673 1215 747 1244 Julii,
765 1224 807 1239 an.
824 1215 1003 1239 tertiodecimo
1020 1215 1098 1244 (1391.
1115 1214 1168 1239 Jul.
1185 1215 1233 1243 1⁵2).
1251 1214 1305 1237 Sub
1321 1215 1369 1237 hac
1387 1215 1456 1237 enim
1476 1216 1602 1246 temporis
1623 1220 1683 1239 nota
1699 1217 1818 1240 Clemens
1837 1218 1882 1240 VII
1899 1219 1952 1247 (Ad
1967 1220 2020 1248 fut.
2037 1219 2079 1242 rei

215 1267 296 1284 mem.
314 1268 325 1282 α
344 1259 511 1283 Providentia
533 1260 602 1283 sedis
624 1263 645 1290 ›))
666 1260 769 1291 priores
791 1260 892 1283 litteras
916 1268 997 1291 supra
1013 1259 1096 1283 editas
1117 1262 1231 1288 revocat,
1253 1259 1342 1282 dicens
1360 1267 1365 1282 ”.
1386 1269 1397 1282 (ι
1414 1260 1464 1282 Nos
1486 1260 1567 1290 igitur
1586 1269 1616 1283 ex
1634 1261 1711 1284 certis
1734 1262 1937 1285 rationabilibus
1958 1266 1983 1286 et
1999 1263 2077 1294 justis

215 1304 302 1327 causis
318 1304 434 1327 animum
450 1307 570 1327 nostrum
587 1305 762 1333 moventibus,
778 1313 843 1336 quas
861 1305 903 1327 hic
919 1304 1012 1327 haberi
1027 1304 1148 1327 volumus
1164 1311 1212 1334 pro
1230 1303 1389 1327 sufficienter
1404 1304 1546 1335 expressis,
1562 1305 1664 1328 litteras
1682 1305 1754 1336 ipsas
1771 1309 1795 1329 et
1809 1306 1928 1337 ipsarum
1943 1307 2078 1331 continen-

214 1349 282 1372 ciam
297 1352 322 1372 et
337 1352 452 1371 tenorem
468 1349 623 1372 auctoritate
637 1349 782 1380 apostolica
798 1353 823 1372 et
837 1358 867 1372 ex
882 1352 952 1372 certa
971 1349 1079 1372 scientia
1097 1356 1259 1376 revocamuS,
1277 1356 1413 1371 cassamus
1429 1352 1454 1371 et
1468 1349 1636 1372 annullamus
1655 1358 1683 1372 ac
1696 1350 1801 1381 juribus
1815 1354 1840 1373 et
1854 1351 1967 1374 efficacia
1982 1360 2078 1375 vacua-

214 1401 281 1416 mus.
299 1401 310 1416 1)
329 1393 386 1416 Vid.
403 1396 540 1424 praeterea
553 1394 622 1417 infra
633 1398 661 1416 n⁰
674 1394 742 1417 1583.

307 1477 329 1501 1.
348 1478 376 1500 In
392 1477 485 1501 ultimo
500 1478 612 1501 termino
628 1478 669 1501 sui
681 1478 753 1509 longi
767 1478 968 1501 cancellariatus
982 1478 1045 1501 haec
1061 1477 1166 1503 fiebant.
1183 1485 1242 1500 cum
1261 1477 1317 1508 ejus
1333 1486 1478 1506 successor,
1493 1478 1584 1501 Petrus
1595 1479 1705 1507 (Rabat),
1723 1479 1774 1509 leg.
1791 1479 1889 1507 doctor,
1904 1480 2076 1515 cancellarius

211 1521 274 1544 eccl.
294 1521 391 1550 Telos,
408 1522 463 1553 jam
481 1530 523 1546 an.
538 1522 607 1551 1395,
622 1523 688 1554 Aug.
704 1524 727 1551 2,
747 1522 887 1554 episcopus
904 1522 1039 1545 Matiscon.
1061 1522 1210 1545 nominatus
1226 1522 1261 1544 sit
1279 1522 1351 1552 (Reg.
1372 1523 1451 1545 Aven.
1470 1522 1566 1545 Bened.
1583 1523 1649 1550 xm,
1664 1523 1715 1546 vol.
1734 1524 1752 1552 Ι,
1771 1524 1814 1546 fol.
1834 1524 1894 1553 174).
1908 1537 1937 1542 —-
1953 1525 1975 1548 2.
1992 1525 2054 1556 Reg.
2070 1533 2075 1548 :

213 1574 224 1588 <t
234 1566 427 1597 expeditionem
446 1575 467 1590 ».

217 1697 357 1734 1583.
384 1706 508 1732 Clemens
531 1707 582 1731 VII
593 1715 687 1732 omnes
704 1715 809 1732 causas
826 1707 899 1732 inter
918 1707 1133 1732 Universitatem
1149 1707 1242 1732 Paris.
1261 1710 1287 1732 el
1305 1706 1370 1732 Ord.
1389 1706 1492 1732 Praed.
1511 1706 1551 1732 ad
1564 1707 1743 1732 audientiam
1758 1717 1840 1733 suam
1856 1708 1986 1734 advocat.

1446 1785 1515 1814 1391,
1531 1786 1594 1811 Julii
1608 1786 1643 1814 12,
1658 1785 1789 1811 Ανεηίοηε.

302 1863 473 1896 Clemens
494 1863 689 1908 episcopus
711 1875 839 1896 servus
861 1875 1048 1897 servorum
1072 1864 1149 1904 Dei,
1173 1863 1217 1896 ad
1241 1864 1395 1896 suturam
1420 1864 1472 1896 rei
1494 1864 1714 1896 memoriam.
1744 1865 1848 1897 Sedis
1874 1865 2073 1910 apostolice

213 1929 445 1974 providencia
472 1929 721 1974 circunspecta
750 1930 794 1962 de
822 1937 856 1963 et
878 1930 915 1962 in
941 1929 1051 1963 rebus
1079 1930 1249 1962 omnibus
1280 1937 1314 1962 et
1339 1930 1491 1975 agendis
1516 1930 1712 1975 disponere
1740 1932 1941 1972 consuevit,
1967 1939 2073 1976 prout

213 1996 374 2041 qualitati
402 2003 605 2041 temporum
634 2003 669 2029 et
694 1996 857 2029 locorum
883 1997 1062 2041 conspicit
1092 1997 1129 2029 in
1159 1997 1314 2029 Domino
1345 1996 1541 2029 salubriter
1568 1998 1752 2042 expedire.
1781 1998 1870 2030 llinc
1895 2005 1949 2031 est
1975 1999 2071 2043 quod

212 2073 338 2094 omnes
360 2068 395 2094 et
416 2074 651 2107 quascunque
673 2063 898 2107 questiones,
921 2063 1191 2096 controversias
1212 2070 1318 2108 atque
1340 2075 1466 2096 causas
1487 2063 1582 2096 inter
1598 2063 1751 2096 dilectos
1768 2064 1863 2097 filios
1885 2065 2071 2098 Universi—

212 2134 317 2160 tatem
334 2128 576 2162 parisiensem
599 2135 633 2162 et
653 2129 827 2162 Ordinem
849 2130 997 2162 fratrum
1020 2130 1291 2162 predicatorum
1314 2130 1643 2174 quomodocunque
1662 2137 1696 2162 et
1712 2130 2012 2175 qualitercunque
2032 2144 2071 2164 ac

212 2193 419 2239 ubicunque
437 2201 471 2227 et
487 2207 604 2227 coram
624 2195 903 2240 quibuscunque
919 2202 1109 2229 vertuntur
1125 2208 1205 2244 cuni
1223 2195 1528 2240 dependentibus,
1549 2196 1820 2240 emergentibus
1838 2198 2070 2239 etconnexis,

211 2261 254 2294 ad
275 2273 342 2294 nos
364 2268 399 2294 et
419 2268 564 2294 nostras
586 2274 713 2295 manus
740 2274 778 2295 ac
803 2263 846 2295 ad
872 2263 1091 2295 audientiam
1119 2269 1277 2295 nostram
1309 2269 1433 2294 tenore
1460 2263 1682 2306 presentium
1712 2275 1754 2294 ex
1781 2270 1875 2296 certa
1907 2264 2070 2305 seientia,

211 2328 422 2361 auctoritate
443 2328 641 2373 apostolica
663 2329 893 2370 advocamus,
915 2329 1122 2362 inhibentes
1142 2329 1343 2362 venerabili
1364 2329 1464 2361 fratri
1482 2335 1607 2360 nostro
1625 2329 1797 2374 episeopo
1819 2330 2015 2363 Parisiensi
2037 2338 2071 2364 et

211 2393 491 2439 quibuscunque
521 2394 601 2427 aliis
626 2395 815 2439 judicibus
848 2395 1106 2428 ecelesiasticis
1136 2402 1196 2428 aut
1226 2394 1452 2428 secularibus
1483 2394 1677 2427 ordinariis
1705 2395 1761 2428 vel
1797 2396 2069 2440 quomodolibet

211 2460 401 2505 delegatis,
421 2472 465 2493 ne
483 2461 527 2493 de
549 2461 655 2494 dictis
677 2462 945 2506 questionibus,
968 2462 1229 2495 controversiis
1249 2468 1355 2506 atque
1376 2461 1494 2493 causis
1517 2473 1555 2493 se
1573 2461 1741 2494 decetero
1758 2462 2008 2504 intromittant,
2032 2477 2069 2496 at·

212 2526 453 2560 decernentes
474 2527 613 2560 irritum
632 2535 666 2561 et.
686 2529 792 2561 inane
814 2529 843 2561 si
866 2541 972 2561 secus
995 2529 1191 2574 superbiis
1209 2541 1225 2560 a
1249 2540 1427 2572 quoquam
1520 2528 1715 2572 contigerit
1735 2530 1949 2573 attemptari.
1973 2530 2068 2562 Nulli

1598 2662 1654 2694 JO.
1678 2672 1719 2692 DE
1742 2663 1909 2694 vaom.

304 2752 378 2783 Orig.
395 2753 420 2775 in
437 2753 513 2775 Arch.
529 2756 582 2775 nut.
598 2754 682 2777 Paris.
698 2754 726 2777 L.
741 2756 795 2783 365,
811 2760 838 2777 11⁰
853 2756 891 2777 [19.
904 2756 941 2778 Ad
958 2755 1020 2777 haec
1036 2755 1087 2778 vid.
1102 2758 1155 2778 not.
1173 2755 1204 2777 ad
1219 2758 1269 2776 num
1285 2754 1354 2776 1582.
1367 2767 1393 2770 -
1406 2753 1474 2775 llaec
1488 2756 1613 2784 quantuni
1624 2754 1656 2777 ad
1668 2754 1745 2776 istain
1757 2754 1915 2777 dist-ordiam
1927 2756 2068 2785 sufficiant.

211 2796 344 2824 Quaedam
363 2797 517 2819 documenta
533 2797 625 2820 afferre
641 2798 788 2826 omisimus,
805 2808 871 2829 quae
887 2799 950 2822 Ord.
969 2800 1061 2822 Praed.
1079 2802 1179 2822 tantum
1196 2798 1348 2829 respiciunt,
1366 2806 1411 2820 nec
1426 2806 1520 2827 operae
1536 2798 1648 2828 pretium
1663 2806 1719 2820 esse
1738 2799 1858 2821 (luximus
1874 2799 2021 2829 opinionem
2038 2801 2068 2822 (le

210 2841 297 2863 causis
313 2841 428 2872 politicis
451 2841 636 2864 Universitatis
654 2842 679 2864 in
700 2842 748 2865 hac
767 2843 919 2873 quaestione
941 2852 954 2866 a
976 2844 1004 2866 K.
1026 2844 1128 2871 Mulier,
1152 2843 1177 2865 in
1200 2842 1334 2866 Zeitschr.
1355 2843 1374 2872 f.
1393 2842 1617 2871 Kirchenyesch..
1636 2843 1701 2870 VlIl,
1723 2843 1767 2865 230
1783 2851 1849 2873 sqq,
1874 2848 2067 2874 propugnatum

210 2886 339 2908 refellere.
