2488 3386
173 330 269 367 1362]
589 342 635 364 An
671 341 776 363 ΑΝΝο
810 341 943 363 MCCCL
983 341 1112 369 USQUE
1142 342 1190 363 Ao
1226 342 1489 364 BENEDICTUM
1524 344 1613 365 Χιιι.
1991 337 2033 369 97

170 429 226 450 me
248 416 383 449 dixisse
405 415 581 461 possibile
603 427 702 455 esse;
726 422 761 448 et
777 421 832 447 est
854 426 1062 455 erroneum,
1080 415 1162 459 quia
1183 415 1271 447 alias
1292 415 1358 447 fuit
1380 415 1609 460 reprobatum
1632 429 1670 449 ac
1689 417 1791 449 etiam
1812 425 2028 451 revocatum.

169 483 356 528 Quidquid
377 483 481 516 etiam
503 494 546 515 ex
565 482 634 515 hoc
655 482 832 526 sequitur,
850 481 887 513 in
909 487 1081 525 quantum
1104 493 1146 513 ex
1167 480 1229 513 illo
1252 481 1428 525 sequitur,
1448 481 1538 514 illud
1559 489 1614 515 est
1633 483 1873 527 impossibile.

259 550 355 592 (12)¹¹
384 550 471 581 Item
493 548 566 581 dixi
588 548 624 581 in
645 548 757 581 tercio
779 547 975 580 correlario
999 547 1108 580 tercie
1130 547 1415 592 supposicioliiS‚
1434 548 1531 592 quod
1554 555 1735 593 peccatum
1759 561 1852 590 esse,
1876 551 2031 594 perfecta

169 615 336 649 voluntas
353 627 425 648 non
446 621 566 660 potest
586 614 790 647 immediate
807 614 915 646 nolle.
942 615 985 646 Et
1004 614 1041 646 in
1062 614 1131 646 alio
1151 625 1157 646 :
1177 614 1274 658 quod
1296 620 1479 658 peccatum
1502 626 1574 646 non
1596 621 1649 647 est
1671 615 1875 648 immediate
1897 616 2031 650 odibile

170 693 188 714 a
210 682 365 726 perfecta
382 681 578 714 voluntate.
602 682 671 714 Ista
689 680 780 713 male
798 687 928 713 sonant
944 687 977 713 et
997 680 1207 713 discordant
1228 680 1334 712 dictis
1352 681 1536 724 Scripture
1554 687 1587 713 et
1604 681 1804 714 doctorum.
1824 683 1898 714 Hoc
1915 690 2030 715 autem

170 747 275 781 intuli
297 759 339 780 ex
360 747 504 780 duobus
524 747 745 788 coi-velariis,
769 759 922 791 quorum
944 759 1053 779 unuin
1080 747 1143 779 suit
1174 758 1180 779 :
1209 746 1306 791 quod
1334 747 1490 791 perfecta
1509 747 1676 780 voluntas
1698 748 1873 792 quidquid
1900 749 2033 781 extrin-

171 826 295 848 secum
318 820 440 859 potest
459 814 664 846 immediate
685 813 797 854 nolle,
819 820 937 858 potest
961 813 1167 845 immediate
1184 812 1291 854 velle,
1310 819 1344 845 et
1365 825 1383 845 e
1405 825 1600 854 converso3
1625 813 1722 846 aliud
1743 814 1807 847 suit
1832 826 1838 846 :
1858 815 2033 859 quidquid

170 881 327 926 perfecta
347 880 514 914 voluntas
540 887 660 925 potest
683 880 888 912 immediate
910 879 1021 921 nolle,
1048 886 1168 924 potest
1188 879 1393 912 immediate
1415 880 1569 912 efficere.
1593 881 1670 922 Que
1693 880 1867 925 applicata
1888 881 1930 913 ad
1953 894 2035 926 pec-

170 954 286 980 catum
308 947 507 980 formaliter
528 953 723 992 sumptum,
746 946 833 979 salsa
855 953 940 979 sunt
961 953 995 979 et
1014 946 1105 979 male
1127 953 1267 979 sonant.

261 1013 357 1057 (13)¹3
383 1014 471 1046 Item
493 1015 536 1047 6¹¹¹
557 1013 791 1046 correlarium
814 1013 893 1053 suit,
911 1013 1008 1058 quod
1030 1012 1220 1057 quodlibet
1240 1013 1481 1045 extrinsecum
1506 1013 1663 1057 perfecte
1684 1013 1859 1046 voluntati
1880 1026 1971 1059 eque
1993 1015 2035 1047 ab

171 1073 249 1125 ipsa
270 1087 325 1113 est
346 1080 494 1120 odibile,
514 1080 607 1113 sicut
628 1079 821 1125 diligibile,
840 1086 875 1112 et
894 1091 912 1112 e
930 1086 1066 1112 contra.
1088 1081 1156 1112 Ista
1178 1079 1386 1124 proposicio
1409 1086 1462 1111 est
1484 1091 1634 1112 erronea
1657 1086 1691 1112 et
1712 1092 1916 1125 repugnare
1938 1082 2036 1114 vide-

171 1153 229 1179 tur
249 1146 399 1179 bonitati
421 1146 554 1180 divine.

264 1214 327 1256 (14)
354 1214 442 1245 Item
463 1214 498 1245 2³
518 1212 706 1245 conclusio
727 1224 805 1245 mea
824 1213 891 1245 fuit
909 1224 916 1245 :
937 1213 1124 1245 evidencie
1141 1212 1184 1245 ad
1205 1212 1483 1245 contradictoria
1505 1213 1541 1244 in
1562 1212 1747 1245 intellectu
1766 1214 1888 1246 divino
1912 1215 2038 1247 sorma-

174 1280 257 1313 liter
282 1280 458 1313 immense
487 1279 750 1324 distinguntur,
778 1286 812 1312 et
840 1279 1016 1312 immense
1038 1279 1237 1312 formaliter
1263 1285 1479 1324 repugnant.
1508 1279 1587 1311 Dixi
1614 1280 1650 1311 in
1679 1279 1911 1324 probacione,
1940 1282 2036 1326 quod

174 1346 336 1392 quelibet
363 1358 483 1379 earum
515 1353 571 1379 est
596 1346 783 1378 immensa.
811 1347 914 1378 Nunc
936 1346 1017 1378 dico
1039 1345 1137 1390 quod
1158 1345 1346 1378 conclusio
1373 1346 1440 1378 ista
1468 1358 1547 1378 cum
1577 1358 1640 1378 sua
1666 1346 1884 1391 probacione
1907 1354 1938 1380 et
1960 1348 2037 1380 suis

173 1412 380 1446 correlariis
397 1412 488 1445 male
511 1419 641 1445 sonant
657 1418 829 1457 quantum
847 1412 890 1444 ad
907 1411 987 1452 hoc,
1006 1412 1104 1456 quod
1121 1411 1315 1457 designant
1335 1412 1371 1443 in
1389 1413 1464 1444 Deo
1482 1423 1563 1444 esse
1582 1411 1682 1456 plura
1704 1424 1785 1445 esse
1808 1419 1841 1445 et
1862 1413 2037 1446 immense

174 1479 356 1520 distincta,
379 1479 475 1523 quod
491 1480 565 1523 jam
581 1479 649 1511 suit
667 1478 724 1511 hic
747 1485 782 1511 et
802 1479 972 1523 superius
994 1478 1238 1523 reprobatum.
1258 1479 1436 1521 Quantum
1460 1478 1588 1511 adhoc
1610 1479 1707 1523 quod
1729 1479 1799 1511 dixi
1824 1493 1839 1510 «
1862 1480 2038 1513 immense

173 1546 372 1578 formaliter
402 1552 607 1590 repugnant
633 1559 664 1586 »,
696 1545 787 1578 male
817 1552 933 1586 sonat,
966 1545 1049 1590 quia
1080 1557 1144 1590 per
1180 1545 1247 1577 hoc
1279 1545 1383 1577 datur
1410 1545 1566 1589 intelligi
1598 1546 1694 1589 quod
1720 1547 1957 1590 repugnantia
1994 1547 2038 1579 sit

173 1612 371 1645 intrinsece
392 1612 429 1644 in
452 1613 539 1644 Deo.

266 1710 334 1733 Bibl.
346 1713 488 1733 conventus
500 1709 562 1733 Ord.
573 1710 665 1733 Prned.
677 1709 834 1739 Vindobon.‚
846 1718 894 1733 ms.
909 1709 982 1738 ἰπὶ-40,
997 1717 1066 1733 seeo.
1082 1717 1179 1736 xlv-xv,
1194 1709 1237 1732 fol.
1251 1710 1304 1736 120,
1319 1709 1367 1732 sub
1380 1709 1487 1732 rubrica
1503 1717 1508 1732 ⁴.
1520 1718 1531 1731 «
1546 1709 1736 1733 Revocaciones
1748 1710 1868 1740 magistri
1882 1710 2004 1741 llugolini
2017 1719 2039 1734 n.

173 1754 211 1778 Ab
226 1754 276 1777 isto
294 1763 343 1777 ms.
356 1762 406 1777 non
421 1755 532 1777 multum
548 1754 650 1777 abludit
666 1763 715 1777 ms.
727 1755 772 1777 243
785 1756 869 1783 (antea
881 1755 934 1783 200)
954 1754 1021 1776 Biht.
1038 1754 1193 1783 Autissiod.,
1213 1754 1258 1777 fol.
1276 1754 1333 1782 84¹2
1354 1754 1403 1776 sub
1419 1754 1539 1777 rubrica:
1554 1763 1564 1776 (ι
1576 1754 1683 1777 Articuli
1698 1755 1821 1777 Ludovici
1836 1755 1949 1777 revocati
1973 1763 2040 1778 anno

172 1799 259 1822 MCCC
278 1799 308 1821 62
329 1807 351 1828 )),
364 1802 389 1822 et
403 1799 496 1830 incipit
510 1799 536 1821 in
553 1799 595 1822 2⁶³
610 1799 679 1822 linea
695 1806 700 1822 :
719 1807 730 1821 (t
747 1798 833 1822 Primo
855 1798 992 1829 probando
1007 1807 1028 1827 i),
1045 1798 1237 1829 concordatque
1255 1806 1314 1820 cuin
1338 1807 1385 1821 nis.
1403 1799 1524 1829 Amplon.
1545 1799 1712 1828 (Erfurtens.)
1734 1799 1760 1822 F.
1778 1799 1830 1826 179,
1851 1799 1894 1822 sol.
1917 1799 1970 1822 115.
1991 1799 2041 1822 Sed

172 1843 258 1874 Ampl.
279 1843 309 1871 Q.
326 1843 379 1872 151,
398 1844 414 1866 s.
432 1843 468 1870 11,
489 1843 604 1866 continet
626 1843 712 1866 solum
732 1851 844 1871 errores,
863 1843 919 1866 sine
941 1843 1111 1874 expositione,
1135 1852 1159 1866 v.
1182 1851 1227 1874 gu:
1255 1851 1266 1865 «
1286 1843 1374 1866 Prima
1394 1843 1541 1874 propositio
1559 1851 1564 1865 ¹.
1582 1843 1618 1865 Ad
1640 1843 1775 1874 quodlibet
1794 1852 1890 1866 novum
1912 1844 1978 1866 velle
2002 1844 2040 1866 vel

173 1887 242 1910 nolle
257 1888 327 1910 reale
349 1887 490 1919 cujuslibet
504 1887 679 1919 producibilis
695 1888 729 1910 nd
744 1891 815 1910 extra
838 1887 957 1919 sequitur
978 1887 1126 1910 necessario
1143 1887 1253 1910 mutatio
1269 1887 1295 1910 in
1311 1888 1445 1910 voluntate
1464 1889 1588 1918 pei-secta,
1610 1887 1627 1910 i.
1651 1896 1673 1911 e.
1690 1887 1716 1910 in
1739 1889 1790 1911 Deo
1811 1896 1832 1911 )).
1856 1888 1938 1911 Oss'ert
1955 1891 2040 1911 tamen

174 1931 278 1955 titulum
289 1935 314 1955 et
329 1940 473 1963 cognomen
487 1932 620 1962 Ludovici,
634 1932 770 1963 hucusque
783 1932 969 1959 desideratum,
984 1932 1009 1954 in
1024 1932 1195 1963 inscriptione
1212 1939 1217 1954 ”.
1237 1940 1247 1954 (ι
1268 1932 1318 1954 Iste
1339 1932 1533 1962 propositiones
1551 1933 1655 1954 suerunt
1668 1935 1787 1955 revocate
1799 1940 1847 1963 per
1862 1940 1931 1963 mag.
1949 1933 2042 1956 Ludo-

172 1976 265 2000 vicum
280 1977 313 2000 dc
326 1977 438 2004 Padua,
454 1977 518 2001 Ord.
533 1978 602 2006 frat.
617 1976 774 2006 Minorum,
789 1985 899 2007 quorum
915 1976 1002 2007 ulique
1021 1978 1082 1999 sunt
1097 1984 1211 2003 erronee,
1230 1976 1317 2007 alique
1335 1979 1465 2007 suspecte.
1482 1976 1569 2007 alique
1585 1976 1652 1999 male
1669 1979 1791 1999 sonantes
1807 1976 1832 1999 in
1849 1977 1898 1999 fide
1913 1980 1937 1999 et
1952 1980 2041 1999 contra

173 2021 318 2044 doctrinam
341 2029 431 2043 sunam
446 2021 547 2052 pariter
561 2021 736 2052 approbatam
752 2029 772 2044 ι).
790 2021 818 2044 In
834 2021 884 2049 ed.,
908 2030 933 2044 v.
950 2029 975 2051 g.
992 2021 1024 2043 ad
1039 2021 1137 2043 calcem
1154 2021 1279 2044 Sentent.
1296 2020 1365 2044 Petri
1386 2021 1536 2049 Lombardi,
1554 2021 1579 2043 in
1596 2021 1667 2044 Bibl.
1688 2028 1764 2045 max.
1782 2025 1851 2051 pat„
1870 2022 1942 2049 XXV,
1958 2022 2012 2049 487,
2029 2030 2042 2044 e

172 2073 224 2096 qua
239 2065 307 2094 Bul.‚
324 2065 365 2093 lv,
382 2066 436 2094 374,
453 2068 478 2088 et
493 2065 563 2096 apud
576 2065 742 2096 D'Argentre,
761 2065 913 2094 Coll.jzcd..
930 2066 948 2092 I,
965 2066 1020 2093 381,
1036 2065 1174 2096 inscriptio
1189 2065 1257 2088 sicut
1272 2065 1298 2087 in
1315 2073 1364 2088 ms.
1376 2065 1519 2088 Autissiod,

265 2109 409 2137 Nescimus,
427 2117 460 2132 un
475 2109 523 2132 iste
539 2109 687 2133 Ludovicus
704 2109 738 2132 sit
754 2110 823 2132 idem
837 2118 866 2133 nc
880 2109 1026 2133 Ludovicus
1043 2110 1074 2132 de
1090 2110 1116 2133 S.
1133 2109 1253 2138 Mai-tino,
1273 2110 1336 2133 Ord.
1354 2109 1425 2138 Min.,
1443 2110 1487 2141 qui
1503 2118 1544 2132 an.
1560 2110 1620 2132 1363
1636 2111 1703 2139 (cum
1720 2113 1788 2132 esset
1803 2109 1828 2132 in
1845 2109 1931 2132 studio
1947 2110 2041 2133 Pisano

172 2153 254 2177 lector
274 2153 430 2184 principalis
452 2153 619 2184 theologiae).
636 2154 723 2177 Martii
739 2154 777 2180 15,
801 2154 834 2177 ab
850 2154 957 2177 Urbano
972 2155 992 2176 Y
1010 2154 1132 2182 obtinuit,
1150 2157 1178 2176 ut
1199 2162 1246 2185 per
1268 2155 1373 2177 Petrum
1395 2154 1528 2186 (Thoinae,
1548 2154 1610 2177 Ord.
1630 2154 1736 2184 Carm.),
1753 2155 1863 2177 electum
1885 2154 2039 2185 archiepisc.

173 2197 299 2225 Cret-emh,
323 2198 349 2220 in
370 2198 428 2221 loco
450 2198 481 2221 de
501 2198 624 2226 venetiis,
647 2198 829 2229 magisterium
850 2198 987 2229 reciperet,
1003 2207 1061 2221 cum
1084 2207 1095 2221 «
1117 2199 1148 2221 de
1170 2198 1283 2221 Vcnetiis
1301 2201 1326 2221 et
1345 2199 1376 2221 de
1398 2202 1451 2221 toto
1475 2198 1575 2221 ambitu
1598 2198 1696 2221 domini
1716 2199 1871 2221 Vrnetoruin
1895 2199 1982 2221 nullus
2007 2198 2041 2221 sit

172 2242 299 2273 magister
314 2242 340 2265 in
356 2242 436 2266 theol.
453 2243 576 2266 facultate
593 2251 604 2265 ))
621 2243 692 2274 (Reg.
710 2243 803 2274 Suppl.
821 2243 885 2266 Urb.
907 2243 935 2271 V,
959 2251 1001 2266 an.
1018 2243 1040 2271 1,
1063 2251 1089 2274 p.
1115 2244 1137 2271 3,
1162 2243 1206 2266 sol.
1230 2244 1272 2270 66;
1299 2243 1360 2273 Reg.
1379 2243 1489 2273 Comm.,
1509 2247 1539 2265 n⁰
1558 2244 1612 2273 252,
1635 2243 1678 2266 sol.
1699 2243 1765 2272 l171¹).
1783 2243 1835 2265 lloc
1853 2251 1915 2265 casu
1932 2243 2039 2266 Parisiis

173 2286 355 2318 magisterium
377 2286 493 2310 obtinere
521 2295 572 2310 non
596 2287 735 2318 potuisset.
760 2287 908 2311 Ludos-icus
933 2287 964 2310 de
987 2288 1013 2310 S.
1036 2287 1148 2310 Murtino
1168 2291 1277 2310 vocatur
1299 2287 1376 2310 etiam
1402 2287 1548 2310 Ludovicus
1574 2288 1605 2310 de
1627 2287 1741 2310 venetiis
1766 2289 1870 2318 (postea
1896 2287 2038 2315 Bononiae,

172 2332 206 2354 cs.
224 2331 362 2360 Chartul„
384 2332 416 2360 11,
440 2340 466 2362 p.
489 2333 543 2359 536,
564 2334 625 2354 nota
646 2331 671 2354 in
688 2332 746 2358 fine,
766 2335 791 2354 et
815 2332 878 2362 Reg.
900 2331 1021 2362 Gregorii
1038 2332 1079 2359 XI,
1096 2336 1124 2354 11⁰
1141 2332 1193 2359 288,
1214 2332 1258 2354 sol.
1277 2332 1330 2359 269,
1348 2332 1379 2353 ad
1399 2340 1440 2354 an.
1461 2332 1538 2361 1371).
1556 2332 1677 2354 Fortasse
1700 2335 1788 2354 noster
1811 2335 1850 2354 cst
1871 2332 1939 2354 idem
1962 2335 2039 2362 atque

172 2374 319 2398 Ludovicus
335 2375 366 2398 de
381 2375 536 2405 Arboribus,
554 2375 617 2399 Ord.
631 2376 703 2405 Min„
718 2384 787 2407 mag.
800 2376 826 2399 in
846 2376 937 2403 theol.,
953 2375 997 2407 qui
1017 2384 1059 2399 nn.
1076 2376 1145 2402 1364,
1163 2375 1218 2399 Oct.
1237 2376 1274 2399 22.
1292 2375 1389 2406 recepit
1407 2376 1569 2404 mandatum,
1583 2376 1703 2399 Michaeli
1719 2376 1750 2398 de
1767 2376 1861 2398 Sancto
1875 2375 1961 2404 Yitati,
1975 2376 2037 2399 Ord.

173 2419 258 2443 Erem.
273 2420 298 2443 S.
312 2421 387 2451 Aug.,
401 2420 427 2442 in
443 2420 499 2443 loco
515 2420 546 2443 de
564 2420 678 2443 Venetiis
692 2420 874 2452 magisterium
890 2420 1040 2442 conterendi
1056 2421 1128 2451 (Reg.
1146 2420 1245 2443 Comm.
1260 2420 1325 2443 Urb.
1337 2420 1366 2448 V,
1383 2424 1411 2442 11⁰
1427 2420 1481 2449 251,
1497 2421 1540 2443 sol.
1558 2421 1621 2449 374).

265 2503 288 2527 1.
308 2512 318 2526 α
336 2504 404 2535 quod
476 2505 621 2535 dampnant
634 2513 645 2527 ))
662 2513 712 2527 om.
726 2504 823 2527 Autiss.
835 2517 866 2521 ——
877 2505 899 2528 2.
917 2513 928 2527 «
945 2504 1088 2527 secundum
1101 2521 1117 2527 ..
1134 2521 1139 2527 .
1154 2504 1222 2526 Deus
1237 2512 1247 2526 ›,
1265 2512 1316 2527 om.
1331 2504 1428 2527 Autiss.
1439 2518 1465 2522 —
1480 2506 1503 2528 3.
1516 2504 1628 2528 Vindob.
1644 2503 1829 2535 prosequitur:
1848 2512 1858 2525 (t
1871 2503 2037 2534 perfectionis

172 2549 315 2578 perfectum
329 2549 471 2572 voluntatis
487 2557 509 2572 ³).
527 2562 553 2566 -
567 2550 591 2572 4.
609 2558 619 2571 (ι
638 2549 713 2571 illum
772 2549 840 2572 Deus
854 2557 865 2571 »
882 2557 934 2572 om.
950 2548 1061 2571 Vindob.
1076 2562 1104 2565 —
1121 2550 1142 2571 5.
1160 2548 1270 2571 Vindob.
1284 2556 1289 2571 ⁴.
1308 2559 1316 2570 u
1336 2549 1361 2571 in
1376 2549 1462 2580 primo
1481 2552 1505 2571 et
1526 2550 1551 2571 20
1567 2557 1588 2571 )).
1609 2563 1639 2565 -
1655 2550 1679 2571 6.
1695 2547 1806 2570 Vindob.
1821 2556 1825 2570 ·.
1845 2556 1854 2569 (ι
1870 2547 2002 2570 diabolum
2026 2556 2036 2569 η

172 2591 229 2616 loco
251 2600 261 2614 a
276 2600 302 2615 se
317 2601 338 2616 ›).
358 2606 380 2610 -
400 2594 422 2616 7.
439 2593 551 2616 Vindob.
570 2601 574 2615 z
600 2602 610 2615 σι
632 2593 760 2624 diligatur
780 2593 805 2615 in
821 2601 878 2616 esse
894 2592 1008 2616 naturali
1026 2600 1047 2615 n.
1069 2606 1099 2609 —-
1117 2593 1139 2615 8.
1160 2592 1206 2615 MS.
1223 2593 1308 2623 Ampl.
1326 2593 1355 2620 Q.
1374 2593 1415 2615 151
1435 2593 1574 2623 distinguit
1589 2593 1653 2615 bene
1670 2593 1734 2614 duos
1751 2600 1862 2620 errorum,
1879 2592 1908 2613 10
1923 2594 1947 2614 et
1963 2591 2000 2620 11,
2015 2594 2038 2614 et

173 2643 246 2661 error
259 2644 369 2667 sequens
385 2637 431 2666 (11)
448 2637 511 2660 ibid.
528 2640 569 2660 est
583 2637 660 2660 12—
675 2639 698 2660 9.
715 2637 813 2661 Autiss.
830 2646 880 2661 om.
896 2646 907 2660 <i
924 2645 975 2668 qua
1044 2636 1160 2668 quelibet
1174 2636 1268 2659 volicio
1285 2645 1306 2660 ›>.
1322 2651 1353 2654 —-
1368 2638 1405 2660 10.
1424 2646 1435 2660 <‹
1452 2637 1582 2660 Correll...
1599 2637 1647 2659 suit
1662 2645 1681 2663 »,
1699 2639 1723 2659 et
1739 2645 1749 2658 <x
1767 2636 1922 2658 immensum
1978 2643 2039 2657 con-

173 2680 238 2703 tinet
251 2689 262 2703 υ
279 2689 329 2704 om.
347 2681 459 2705 Vindob.
475 2695 502 2699 —
517 2682 555 2706 11.
569 2682 690 2713 Amplon.
707 2683 738 2710 Q.
757 2682 799 2705 151
817 2690 919 2705 errores
936 2682 1017 2706 13-10.
1033 2681 1114 2704 —1‘.’.
1132 2681 1252 2711 Amplon.
1267 2682 1304 2708 17,
1321 2685 1346 2705 et
1361 2690 1472 2713 sequeus
1487 2682 1534 2711 (lli)
1552 2685 1591 2704 cst
1604 2682 1641 2704 18.

297 2939 344 2956 ***
363 2937 454 2961 Charc.
479 2937 555 2961 Unio.
573 2937 667 2962 Paris.
687 2938 732 2961 ΙΙΙ.
1885 2934 1913 2955 13
