<?xml version="1.0" encoding="UTF-8"?>
<!DOCTYPE html PUBLIC "-//W3C//DTD XHTML 1.0 Transitional//EN"
    "http://www.w3.org/TR/xhtml1/DTD/xhtml1-transitional.dtd">
<html xmlns="http://www.w3.org/1999/xhtml" xml:lang="en" lang="en">
 <head>
  <title>
</title>
<meta http-equiv="Content-Type" content="text/html;charset=utf-8" />
  <meta name='ocr-system' content='tesseract 3.04.00' />
  <meta name='ocr-capabilities' content='ocr_page ocr_carea ocr_par ocr_line ocrx_word'/>
</head>
<body>
  <div class='ocr_page' id='page_1' title='image "auctariumchartul03univuoft_0664.png"; bbox 0 0 2488 3386; ppageno 0'>
   <div class='ocr_carea' id='block_1_1' title="bbox 465 346 2328 386">
    <p class='ocr_par' dir='ltr' id='par_1_1' title="bbox 465 346 2328 386">
     <span class='ocr_line' id='line_1_1' title="bbox 465 346 2328 386; baseline -0.005 -1"><span class='ocrx_word' id='word_1_1' title='bbox 465 353 528 386; x_wconf 88' lang='grc'>616</span> <span class='ocrx_word' id='word_1_2' title='bbox 1037 357 1357 381; x_wconf 70' lang='lat' dir='ltr'>CHARTULARIUM</span> <span class='ocrx_word' id='word_1_3' title='bbox 1395 357 1584 378; x_wconf 69' lang='lat' dir='ltr'>umvsns.</span> <span class='ocrx_word' id='word_1_4' title='bbox 1622 357 1752 379; x_wconf 69' lang='lat' dir='ltr'>rmus.</span> <span class='ocrx_word' id='word_1_5' title='bbox 2227 346 2328 383; x_wconf 87' lang='lat'>[1394</span> 
     </span>
    </p>
   </div>
   <div class='ocr_carea' id='block_1_2' title="bbox 457 429 2328 911">
    <p class='ocr_par' dir='ltr' id='par_1_2' title="bbox 457 429 2328 911">
     <span class='ocr_line' id='line_1_2' title="bbox 557 429 2328 466; baseline -0.001 -7"><span class='ocrx_word' id='word_1_6' title='bbox 557 436 579 459; x_wconf 88' lang='lat'>1.</span> <span class='ocrx_word' id='word_1_7' title='bbox 598 435 656 458; x_wconf 81' lang='lat' dir='ltr'>Vid.</span> <span class='ocrx_word' id='word_1_8' title='bbox 678 443 758 466; x_wconf 87' lang='lat' dir='ltr'>supra</span> <span class='ocrx_word' id='word_1_9' title='bbox 778 438 807 457; x_wconf 72' lang='grc' dir='ltr'>11ο</span> <span class='ocrx_word' id='word_1_10' title='bbox 821 434 891 463; x_wconf 85' lang='lat'><strong>1634,</strong></span> <span class='ocrx_word' id='word_1_11' title='bbox 907 437 961 458; x_wconf 83' lang='lat' dir='ltr'>not.</span> <span class='ocrx_word' id='word_1_12' title='bbox 980 447 1011 451; x_wconf 78' lang='lat'>—-</span> <span class='ocrx_word' id='word_1_13' title='bbox 1023 434 1045 457; x_wconf 81' lang='lat'>2.</span> <span class='ocrx_word' id='word_1_14' title='bbox 1060 433 1118 456; x_wconf 87' lang='lat' dir='ltr'>Vid.</span> <span class='ocrx_word' id='word_1_15' title='bbox 1134 437 1163 456; x_wconf 88' lang='lat' dir='ltr'>n⁰</span> <span class='ocrx_word' id='word_1_16' title='bbox 1180 433 1249 456; x_wconf 87' lang='lat'><strong>1637.</strong></span> <span class='ocrx_word' id='word_1_17' title='bbox 1268 446 1298 449; x_wconf 97' lang='lat'><strong>—</strong></span> <span class='ocrx_word' id='word_1_18' title='bbox 1311 433 1334 456; x_wconf 87' lang='lat'>3.</span> <span class='ocrx_word' id='word_1_19' title='bbox 1350 430 1537 455; x_wconf 77' lang='lat' dir='ltr'>Universitatis</span> <span class='ocrx_word' id='word_1_20' title='bbox 1557 429 1651 459; x_wconf 68' lang='lat' dir='ltr'>Paris„</span> <span class='ocrx_word' id='word_1_21' title='bbox 1670 430 1802 462; x_wconf 82' lang='lat' dir='ltr'>imprimis</span> <span class='ocrx_word' id='word_1_22' title='bbox 1819 430 1930 454; x_wconf 89' lang='lat' dir='ltr'>duorum</span> <span class='ocrx_word' id='word_1_23' title='bbox 1941 432 2153 463; x_wconf 80' lang='lat' dir='ltr'>Alemannorum,</span> <span class='ocrx_word' id='word_1_24' title='bbox 2165 433 2279 457; x_wconf 89' lang='lat' dir='ltr'>Conradi</span> <span class='ocrx_word' id='word_1_25' title='bbox 2296 433 2328 457; x_wconf 88' lang='lat' dir='ltr'>de</span> 
     </span>
     <span class='ocr_line' id='line_1_3' title="bbox 463 474 2328 509; baseline -0.002 -5"><span class='ocrx_word' id='word_1_26' title='bbox 463 481 628 505; x_wconf 85' lang='lat' dir='ltr'>Gelnhausen</span> <span class='ocrx_word' id='word_1_27' title='bbox 642 483 667 502; x_wconf 83' lang='lat' dir='ltr'>et</span> <span class='ocrx_word' id='word_1_28' title='bbox 682 478 786 502; x_wconf 84' lang='lat' dir='ltr'>Henrici</span> <span class='ocrx_word' id='word_1_29' title='bbox 804 479 835 501; x_wconf 92' lang='lat' dir='ltr'>de</span> <span class='ocrx_word' id='word_1_30' title='bbox 854 478 949 501; x_wconf 77' lang='lat' dir='ltr'>Bassia</span> <span class='ocrx_word' id='word_1_31' title='bbox 966 477 1029 509; x_wconf 90' lang='lat' dir='ltr'>(vid.</span> <span class='ocrx_word' id='word_1_32' title='bbox 1045 486 1127 509; x_wconf 87' lang='lat' dir='ltr'>supra</span> <span class='ocrx_word' id='word_1_33' title='bbox 1142 477 1175 500; x_wconf 71' lang='lat' dir='ltr'>nia</span> <span class='ocrx_word' id='word_1_34' title='bbox 1191 478 1261 509; x_wconf 73' lang='lat'><strong>1634,</strong></span> <span class='ocrx_word' id='word_1_35' title='bbox 1278 477 1358 506; x_wconf 80' lang='lat'><strong>1637),</strong></span> <span class='ocrx_word' id='word_1_36' title='bbox 1375 483 1439 507; x_wconf 88' lang='lat' dir='ltr'>quos</span> <span class='ocrx_word' id='word_1_37' title='bbox 1455 475 1588 498; x_wconf 82' lang='lat' dir='ltr'>Johannes</span> <span class='ocrx_word' id='word_1_38' title='bbox 1605 474 1704 498; x_wconf 88' lang='lat' dir='ltr'>Gerson</span> <span class='ocrx_word' id='word_1_39' title='bbox 1724 475 1803 498; x_wconf 89' lang='lat' dir='ltr'>etiam</span> <span class='ocrx_word' id='word_1_40' title='bbox 1819 475 1903 500; x_wconf 83' lang='lat' dir='ltr'>affert.</span> <span class='ocrx_word' id='word_1_41' title='bbox 1919 489 1950 493; x_wconf 86' lang='lat'>—</span> <span class='ocrx_word' id='word_1_42' title='bbox 1968 477 1990 500; x_wconf 91' lang='lat'>4.</span> <span class='ocrx_word' id='word_1_43' title='bbox 2009 476 2159 508; x_wconf 75' lang='lat' dir='ltr'><strong>Sequuntur</strong></span> <span class='ocrx_word' id='word_1_44' title='bbox 2177 477 2328 501; x_wconf 84' lang='lat' dir='ltr'>testimonia</span> 
     </span>
     <span class='ocr_line' id='line_1_4' title="bbox 462 519 2327 555; baseline -0.001 -7"><span class='ocrx_word' id='word_1_45' title='bbox 462 525 488 548; x_wconf 89' lang='lat' dir='ltr'>S.</span> <span class='ocrx_word' id='word_1_46' title='bbox 502 525 653 555; x_wconf 83' lang='lat' dir='ltr'>Scripturae</span> <span class='ocrx_word' id='word_1_47' title='bbox 668 525 694 547; x_wconf 79' lang='lat' dir='ltr'>et</span> <span class='ocrx_word' id='word_1_48' title='bbox 707 524 821 554; x_wconf 78' lang='lat' dir='ltr'>glossae.</span> <span class='ocrx_word' id='word_1_49' title='bbox 839 536 870 540; x_wconf 95' lang='lat'>—</span> <span class='ocrx_word' id='word_1_50' title='bbox 883 524 905 546; x_wconf 86' lang='lat'>5.</span> <span class='ocrx_word' id='word_1_51' title='bbox 924 523 1018 545; x_wconf 78' lang='lat' dir='ltr'>Postea</span> <span class='ocrx_word' id='word_1_52' title='bbox 1035 523 1066 545; x_wconf 91' lang='lat' dir='ltr'>de</span> <span class='ocrx_word' id='word_1_53' title='bbox 1084 522 1196 545; x_wconf 84' lang='lat' dir='ltr'>Damaso</span> <span class='ocrx_word' id='word_1_54' title='bbox 1216 524 1241 544; x_wconf 91' lang='lat' dir='ltr'>et</span> <span class='ocrx_word' id='word_1_55' title='bbox 1256 520 1361 544; x_wconf 92' lang='lat' dir='ltr'>Ursino.</span> <span class='ocrx_word' id='word_1_56' title='bbox 1377 533 1409 537; x_wconf 97' lang='lat'><strong>—</strong></span> <span class='ocrx_word' id='word_1_57' title='bbox 1423 520 1446 543; x_wconf 88' lang='lat'><strong>6.</strong></span> <span class='ocrx_word' id='word_1_58' title='bbox 1463 519 1567 542; x_wconf 79' lang='lat' dir='ltr'>Minime</span> <span class='ocrx_word' id='word_1_59' title='bbox 1586 522 1658 542; x_wconf 84' lang='lat' dir='ltr'>aetas</span> <span class='ocrx_word' id='word_1_60' title='bbox 1676 519 1795 551; x_wconf 83' lang='lat' dir='ltr'>physica,</span> <span class='ocrx_word' id='word_1_61' title='bbox 1812 520 1857 543; x_wconf 87' lang='lat' dir='ltr'>sed</span> <span class='ocrx_word' id='word_1_62' title='bbox 1873 528 1886 541; x_wconf 73' lang='grc' dir='ltr'><strong>α</strong></span> <span class='ocrx_word' id='word_1_63' title='bbox 1905 523 2024 544; x_wconf 83' lang='lat' dir='ltr'>senectus</span> <span class='ocrx_word' id='word_1_64' title='bbox 2041 521 2210 552; x_wconf 85' lang='lat' dir='ltr'>pontificatus</span> <span class='ocrx_word' id='word_1_65' title='bbox 2227 531 2249 550; x_wconf 74' lang='lat' dir='ltr'>n,</span> <span class='ocrx_word' id='word_1_66' title='bbox 2267 530 2327 546; x_wconf 90' lang='lat' dir='ltr'>cum</span> 
     </span>
     <span class='ocr_line' id='line_1_5' title="bbox 461 563 2328 599; baseline -0.001 -7"><span class='ocrx_word' id='word_1_67' title='bbox 461 569 579 592; x_wconf 79' lang='lat' dir='ltr'>Clemens</span> <span class='ocrx_word' id='word_1_68' title='bbox 592 568 647 599; x_wconf 85' lang='lat' dir='ltr'>jam</span> <span class='ocrx_word' id='word_1_69' title='bbox 664 576 711 599; x_wconf 90' lang='lat' dir='ltr'>per</span> <span class='ocrx_word' id='word_1_70' title='bbox 728 568 756 590; x_wconf 88' lang='lat'>16</span> <span class='ocrx_word' id='word_1_71' title='bbox 769 575 851 590; x_wconf 90' lang='lat' dir='ltr'>annos</span> <span class='ocrx_word' id='word_1_72' title='bbox 867 575 938 598; x_wconf 86' lang='lat' dir='ltr'>papa</span> <span class='ocrx_word' id='word_1_73' title='bbox 956 566 1058 595; x_wconf 80' lang='lat' dir='ltr'>suisset,</span> <span class='ocrx_word' id='word_1_74' title='bbox 1074 569 1100 589; x_wconf 85' lang='lat' dir='ltr'>et</span> <span class='ocrx_word' id='word_1_75' title='bbox 1114 566 1179 589; x_wconf 89' lang='lat' dir='ltr'>nihil</span> <span class='ocrx_word' id='word_1_76' title='bbox 1197 574 1245 597; x_wconf 89' lang='lat' dir='ltr'>pro</span> <span class='ocrx_word' id='word_1_77' title='bbox 1261 564 1390 588; x_wconf 81' lang='lat' dir='ltr'>abolendo</span> <span class='ocrx_word' id='word_1_78' title='bbox 1407 563 1553 587; x_wconf 85' lang='lat' dir='ltr'>Schismate</span> <span class='ocrx_word' id='word_1_79' title='bbox 1571 563 1684 587; x_wconf 75' lang='lat' dir='ltr'>fecisset.</span> <span class='ocrx_word' id='word_1_80' title='bbox 1703 577 1732 581; x_wconf 97' lang='lat'><strong>—</strong></span> <span class='ocrx_word' id='word_1_81' title='bbox 1750 564 1774 588; x_wconf 90' lang='lat'>7.·</span> <span class='ocrx_word' id='word_1_82' title='bbox 1792 564 1942 596; x_wconf 76' lang='lat' dir='ltr'>Sequuntur</span> <span class='ocrx_word' id='word_1_83' title='bbox 1961 565 2112 589; x_wconf 87' lang='lat' dir='ltr'>testimonia</span> <span class='ocrx_word' id='word_1_84' title='bbox 2131 574 2162 589; x_wconf 87' lang='lat' dir='ltr'>ex</span> <span class='ocrx_word' id='word_1_85' title='bbox 2174 566 2233 598; x_wconf 81' lang='lat' dir='ltr'>jure</span> <span class='ocrx_word' id='word_1_86' title='bbox 2254 569 2279 590; x_wconf 85' lang='lat' dir='ltr'>et</span> <span class='ocrx_word' id='word_1_87' title='bbox 2297 575 2328 590; x_wconf 85' lang='lat' dir='ltr'>ex</span> 
     </span>
     <span class='ocr_line' id='line_1_6' title="bbox 460 608 2327 641; baseline -0.001 -5"><span class='ocrx_word' id='word_1_88' title='bbox 460 613 581 636; x_wconf 83' lang='lat' dir='ltr'>historia.</span> <span class='ocrx_word' id='word_1_89' title='bbox 598 627 629 630; x_wconf 97' lang='lat'><strong>—</strong></span> <span class='ocrx_word' id='word_1_90' title='bbox 646 613 669 636; x_wconf 90' lang='lat'>8.</span> <span class='ocrx_word' id='word_1_91' title='bbox 688 611 815 635; x_wconf 87' lang='lat' dir='ltr'>Henricus</span> <span class='ocrx_word' id='word_1_92' title='bbox 834 612 865 635; x_wconf 86' lang='lat' dir='ltr'>de</span> <span class='ocrx_word' id='word_1_93' title='bbox 882 611 977 635; x_wconf 83' lang='lat' dir='ltr'>Hassia</span> <span class='ocrx_word' id='word_1_94' title='bbox 997 611 1022 634; x_wconf 88' lang='lat' dir='ltr'>in</span> <span class='ocrx_word' id='word_1_95' title='bbox 1038 611 1090 641; x_wconf 79' lang='lat' dir='ltr'>Ep.</span> <span class='ocrx_word' id='word_1_96' title='bbox 1109 610 1225 635; x_wconf 75' lang='lat' dir='ltr'>Consilii</span> <span class='ocrx_word' id='word_1_97' title='bbox 1244 609 1329 640; x_wconf 77' lang='lat' dir='ltr'>pacis,</span> <span class='ocrx_word' id='word_1_98' title='bbox 1346 617 1368 632; x_wconf 85' lang='lat' dir='ltr'>c.</span> <span class='ocrx_word' id='word_1_99' title='bbox 1389 609 1427 637; x_wconf 85' lang='lat'>14,</span> <span class='ocrx_word' id='word_1_100' title='bbox 1446 608 1563 640; x_wconf 91' lang='lat' dir='ltr'>loquitur</span> <span class='ocrx_word' id='word_1_101' title='bbox 1578 609 1609 631; x_wconf 88' lang='lat' dir='ltr'>de</span> <span class='ocrx_word' id='word_1_102' title='bbox 1624 608 1742 632; x_wconf 79' lang='lat' dir='ltr'>cessione</span> <span class='ocrx_word' id='word_1_103' title='bbox 1757 608 1835 632; x_wconf 88' lang='lat' dir='ltr'>unius</span> <span class='ocrx_word' id='word_1_104' title='bbox 1851 609 1946 637; x_wconf 86' lang='lat' dir='ltr'>solum,</span> <span class='ocrx_word' id='word_1_105' title='bbox 1965 610 2010 633; x_wconf 90' lang='lat' dir='ltr'>sed</span> <span class='ocrx_word' id='word_1_106' title='bbox 2026 618 2067 633; x_wconf 88' lang='lat' dir='ltr'>an.</span> <span class='ocrx_word' id='word_1_107' title='bbox 2088 610 2149 633; x_wconf 80' lang='grc'><strong>1393</strong></span> <span class='ocrx_word' id='word_1_108' title='bbox 2164 611 2195 634; x_wconf 87' lang='lat' dir='ltr'>de</span> <span class='ocrx_word' id='word_1_109' title='bbox 2210 611 2327 635; x_wconf 83' lang='lat' dir='ltr'>cessione</span> 
     </span>
     <span class='ocr_line' id='line_1_7' title="bbox 461 653 2328 687; baseline 0 -7"><span class='ocrx_word' id='word_1_110' title='bbox 461 658 598 681; x_wconf 82' lang='lat' dir='ltr'>amborum</span> <span class='ocrx_word' id='word_1_111' title='bbox 612 659 649 687; x_wconf 86' lang='lat' dir='ltr'>(no</span> <span class='ocrx_word' id='word_1_112' title='bbox 667 657 746 686; x_wconf 87' lang='lat'><strong>1668).</strong></span> <span class='ocrx_word' id='word_1_113' title='bbox 766 670 797 673; x_wconf 97' lang='lat'><strong>—</strong></span> <span class='ocrx_word' id='word_1_114' title='bbox 809 657 831 679; x_wconf 83' lang='lat'>9.</span> <span class='ocrx_word' id='word_1_115' title='bbox 849 656 896 679; x_wconf 89' lang='lat' dir='ltr'>Ms.</span> <span class='ocrx_word' id='word_1_116' title='bbox 912 663 917 679; x_wconf 81' lang='lat'>⁴.</span> <span class='ocrx_word' id='word_1_117' title='bbox 935 666 948 677; x_wconf 78' lang='grc' dir='ltr'>(ι</span> <span class='ocrx_word' id='word_1_118' title='bbox 966 655 1113 678; x_wconf 80' lang='lat' dir='ltr'>reservabit</span> <span class='ocrx_word' id='word_1_119' title='bbox 1126 665 1148 678; x_wconf 68' lang='grc' dir='ltr'>ιι.</span> <span class='ocrx_word' id='word_1_120' title='bbox 1166 655 1215 678; x_wconf 91' lang='lat' dir='ltr'>Per</span> <span class='ocrx_word' id='word_1_121' title='bbox 1233 654 1301 685; x_wconf 88' lang='lat' dir='ltr'>quod</span> <span class='ocrx_word' id='word_1_122' title='bbox 1317 656 1435 685; x_wconf 86' lang='lat' dir='ltr'>apparet,</span> <span class='ocrx_word' id='word_1_123' title='bbox 1457 656 1584 684; x_wconf 84' lang='lat' dir='ltr'>quantum</span> <span class='ocrx_word' id='word_1_124' title='bbox 1600 661 1615 676; x_wconf 88' lang='lat' dir='ltr'>a</span> <span class='ocrx_word' id='word_1_125' title='bbox 1630 661 1692 676; x_wconf 84' lang='lat' dir='ltr'>vero</span> <span class='ocrx_word' id='word_1_126' title='bbox 1714 653 1794 677; x_wconf 85' lang='lat' dir='ltr'>distet</span> <span class='ocrx_word' id='word_1_127' title='bbox 1813 653 1862 677; x_wconf 84' lang='lat' dir='ltr'>Th.</span> <span class='ocrx_word' id='word_1_128' title='bbox 1882 653 1984 683; x_wconf 73' lang='lat' dir='ltr'>muller,</span> <span class='ocrx_word' id='word_1_129' title='bbox 2003 654 2191 680; x_wconf 78' lang='lat' dir='ltr'>Frankreichs</span> <span class='ocrx_word' id='word_1_130' title='bbox 2211 655 2328 680; x_wconf 76' lang='lat' dir='ltr'>Unions-</span> 
     </span>
     <span class='ocr_line' id='line_1_8' title="bbox 463 697 2328 732; baseline -0.002 -6"><span class='ocrx_word' id='word_1_131' title='bbox 463 703 580 726; x_wconf 81' lang='lat' dir='ltr'>versuch</span> <span class='ocrx_word' id='word_1_132' title='bbox 597 702 760 732; x_wconf 83' lang='lat' dir='ltr'>(Programm</span> <span class='ocrx_word' id='word_1_133' title='bbox 775 701 855 730; x_wconf 81' lang='lat'><strong>1881),</strong></span> <span class='ocrx_word' id='word_1_134' title='bbox 870 709 896 731; x_wconf 91' lang='lat' dir='ltr'>p.</span> <span class='ocrx_word' id='word_1_135' title='bbox 917 701 940 729; x_wconf 72' lang='lat'>9,</span> <span class='ocrx_word' id='word_1_136' title='bbox 957 700 1108 728; x_wconf 80' lang='lat' dir='ltr'>asserendo,</span> <span class='ocrx_word' id='word_1_137' title='bbox 1123 699 1207 722; x_wconf 86' lang='lat' dir='ltr'>solum</span> <span class='ocrx_word' id='word_1_138' title='bbox 1223 698 1376 729; x_wconf 88' lang='lat' dir='ltr'>Philippum</span> <span class='ocrx_word' id='word_1_139' title='bbox 1393 698 1484 720; x_wconf 88' lang='lat' dir='ltr'>ducem</span> <span class='ocrx_word' id='word_1_140' title='bbox 1502 697 1671 729; x_wconf 79' lang='lat' dir='ltr'>Burgundiae</span> <span class='ocrx_word' id='word_1_141' title='bbox 1686 697 1749 727; x_wconf 87' lang='lat' dir='ltr'>(vid.</span> <span class='ocrx_word' id='word_1_142' title='bbox 1763 702 1793 720; x_wconf 81' lang='lat' dir='ltr'>n0</span> <span class='ocrx_word' id='word_1_143' title='bbox 1808 698 1877 727; x_wconf 87' lang='lat'><strong>1666,</strong></span> <span class='ocrx_word' id='word_1_144' title='bbox 1891 701 1945 722; x_wconf 88' lang='lat' dir='ltr'>not.</span> <span class='ocrx_word' id='word_1_145' title='bbox 1959 700 1981 729; x_wconf 87' lang='lat'>3)</span> <span class='ocrx_word' id='word_1_146' title='bbox 1997 702 2059 722; x_wconf 89' lang='lat' dir='ltr'>tunc</span> <span class='ocrx_word' id='word_1_147' title='bbox 2072 699 2202 730; x_wconf 79' lang='lat' dir='ltr'>cogitasse</span> <span class='ocrx_word' id='word_1_148' title='bbox 2217 700 2249 723; x_wconf 87' lang='lat' dir='ltr'>de</span> <span class='ocrx_word' id='word_1_149' title='bbox 2266 700 2328 723; x_wconf 84' lang='lat' dir='ltr'>sub—</span> 
     </span>
     <span class='ocr_line' id='line_1_9' title="bbox 462 742 2325 775; baseline -0.001 -6"><span class='ocrx_word' id='word_1_150' title='bbox 462 746 589 770; x_wconf 84' lang='lat' dir='ltr'>tractione</span> <span class='ocrx_word' id='word_1_151' title='bbox 607 745 780 775; x_wconf 80' lang='lat' dir='ltr'>obedientiae,</span> <span class='ocrx_word' id='word_1_152' title='bbox 796 745 902 768; x_wconf 89' lang='lat' dir='ltr'>minime</span> <span class='ocrx_word' id='word_1_153' title='bbox 922 753 984 767; x_wconf 79' lang='lat' dir='ltr'>vero</span> <span class='ocrx_word' id='word_1_154' title='bbox 999 743 1203 768; x_wconf 88' lang='lat' dir='ltr'>Universitatem</span> <span class='ocrx_word' id='word_1_155' title='bbox 1221 742 1305 766; x_wconf 80' lang='lat' dir='ltr'>Paris.</span> <span class='ocrx_word' id='word_1_156' title='bbox 1325 742 1463 766; x_wconf 78' lang='lat' dir='ltr'>Caeterum</span> <span class='ocrx_word' id='word_1_157' title='bbox 1478 742 1547 766; x_wconf 82' lang='lat' dir='ltr'>infra</span> <span class='ocrx_word' id='word_1_158' title='bbox 1564 742 1591 765; x_wconf 88' lang='lat' dir='ltr'>in</span> <span class='ocrx_word' id='word_1_159' title='bbox 1609 750 1650 773; x_wconf 87' lang='lat' dir='ltr'>ep.</span> <span class='ocrx_word' id='word_1_160' title='bbox 1663 742 1735 765; x_wconf 88' lang='lat' dir='ltr'>Junii</span> <span class='ocrx_word' id='word_1_161' title='bbox 1752 743 1775 771; x_wconf 90' lang='lat'>6,</span> <span class='ocrx_word' id='word_1_162' title='bbox 1797 742 1894 766; x_wconf 84' lang='lat' dir='ltr'>similia</span> <span class='ocrx_word' id='word_1_163' title='bbox 1909 743 2042 774; x_wconf 83' lang='lat' dir='ltr'>leguntur.</span> <span class='ocrx_word' id='word_1_164' title='bbox 2057 743 2115 767; x_wconf 83' lang='lat' dir='ltr'>vid.</span> <span class='ocrx_word' id='word_1_165' title='bbox 2130 752 2158 775; x_wconf 88' lang='lat' dir='ltr'>p.</span> <span class='ocrx_word' id='word_1_166' title='bbox 2173 745 2215 767; x_wconf 86' lang='lat'>621</span> <span class='ocrx_word' id='word_1_167' title='bbox 2234 748 2259 768; x_wconf 90' lang='lat' dir='ltr'>et</span> <span class='ocrx_word' id='word_1_168' title='bbox 2270 745 2325 775; x_wconf 83' lang='lat'><strong>624,</strong></span> 
     </span>
     <span class='ocr_line' id='line_1_10' title="bbox 461 786 2327 819; baseline -0.002 -5"><span class='ocrx_word' id='word_1_169' title='bbox 461 794 515 814; x_wconf 86' lang='lat' dir='ltr'>not.</span> <span class='ocrx_word' id='word_1_170' title='bbox 537 791 575 814; x_wconf 89' lang='lat'><strong>13.</strong></span> <span class='ocrx_word' id='word_1_171' title='bbox 593 804 624 808; x_wconf 94' lang='lat'>—</span> <span class='ocrx_word' id='word_1_172' title='bbox 639 791 677 814; x_wconf 92' lang='lat'>10.</span> <span class='ocrx_word' id='word_1_173' title='bbox 700 791 719 813; x_wconf 92' lang='lat' dir='ltr'>I.</span> <span class='ocrx_word' id='word_1_174' title='bbox 736 798 758 814; x_wconf 88' lang='lat' dir='ltr'>e.</span> <span class='ocrx_word' id='word_1_175' title='bbox 775 789 936 812; x_wconf 78' lang='lat' dir='ltr'>coactionem</span> <span class='ocrx_word' id='word_1_176' title='bbox 952 792 976 812; x_wconf 93' lang='lat' dir='ltr'>et</span> <span class='ocrx_word' id='word_1_177' title='bbox 991 788 1043 811; x_wconf 72' lang='lat' dir='ltr'>vim</span> <span class='ocrx_word' id='word_1_178' title='bbox 1058 788 1202 811; x_wconf 82' lang='lat' dir='ltr'>inferendo.</span> <span class='ocrx_word' id='word_1_179' title='bbox 1223 787 1282 811; x_wconf 85' lang='lat' dir='ltr'>vid.</span> <span class='ocrx_word' id='word_1_180' title='bbox 1298 786 1331 809; x_wconf 68' lang='lat' dir='ltr'>nia</span> <span class='ocrx_word' id='word_1_181' title='bbox 1349 787 1409 810; x_wconf 84' lang='grc'><strong>1659</strong></span> <span class='ocrx_word' id='word_1_182' title='bbox 1427 790 1452 810; x_wconf 87' lang='lat' dir='ltr'>et</span> <span class='ocrx_word' id='word_1_183' title='bbox 1466 787 1536 810; x_wconf 87' lang='lat'><strong>1667.</strong></span> <span class='ocrx_word' id='word_1_184' title='bbox 1553 787 1625 810; x_wconf 80' lang='lat' dir='ltr'>Hanc</span> <span class='ocrx_word' id='word_1_185' title='bbox 1638 786 1708 810; x_wconf 84' lang='lat' dir='ltr'>viam</span> <span class='ocrx_word' id='word_1_186' title='bbox 1720 786 1775 818; x_wconf 86' lang='lat' dir='ltr'>jam</span> <span class='ocrx_word' id='word_1_187' title='bbox 1795 787 1922 810; x_wconf 85' lang='lat' dir='ltr'>Henricus</span> <span class='ocrx_word' id='word_1_188' title='bbox 1938 787 1969 810; x_wconf 89' lang='lat' dir='ltr'>de</span> <span class='ocrx_word' id='word_1_189' title='bbox 1987 787 2081 811; x_wconf 78' lang='lat' dir='ltr'>Hassia</span> <span class='ocrx_word' id='word_1_190' title='bbox 2098 787 2124 811; x_wconf 85' lang='lat' dir='ltr'>in</span> <span class='ocrx_word' id='word_1_191' title='bbox 2139 788 2191 819; x_wconf 80' lang='lat' dir='ltr'>Ep.</span> <span class='ocrx_word' id='word_1_192' title='bbox 2209 789 2327 814; x_wconf 76' lang='lat' dir='ltr'>Consilii</span> 
     </span>
     <span class='ocr_line' id='line_1_11' title="bbox 457 831 2326 866; baseline -0.002 -6"><span class='ocrx_word' id='word_1_193' title='bbox 457 835 547 866; x_wconf 76' lang='lat' dir='ltr'>pacis,</span> <span class='ocrx_word' id='word_1_194' title='bbox 566 843 588 858; x_wconf 87' lang='lat' dir='ltr'>c.</span> <span class='ocrx_word' id='word_1_195' title='bbox 610 835 647 866; x_wconf 86' lang='lat'>14,</span> <span class='ocrx_word' id='word_1_196' title='bbox 667 834 785 858; x_wconf 82' lang='lat' dir='ltr'>exclusit.</span> <span class='ocrx_word' id='word_1_197' title='bbox 804 848 831 851; x_wconf 96' lang='lat'><strong>—</strong></span> <span class='ocrx_word' id='word_1_198' title='bbox 848 834 885 857; x_wconf 90' lang='lat'><strong>11.</strong></span> <span class='ocrx_word' id='word_1_199' title='bbox 901 833 921 856; x_wconf 94' lang='lat' dir='ltr'>I.</span> <span class='ocrx_word' id='word_1_200' title='bbox 942 842 963 858; x_wconf 77' lang='lat' dir='ltr'>e,</span> <span class='ocrx_word' id='word_1_201' title='bbox 980 832 1055 856; x_wconf 85' lang='lat' dir='ltr'>alteri</span> <span class='ocrx_word' id='word_1_202' title='bbox 1071 840 1165 863; x_wconf 76' lang='lat' dir='ltr'>papae,</span> <span class='ocrx_word' id='word_1_203' title='bbox 1188 831 1244 854; x_wconf 82' lang='lat' dir='ltr'>scil.</span> <span class='ocrx_word' id='word_1_204' title='bbox 1267 831 1412 854; x_wconf 83' lang='lat' dir='ltr'>Bonisacio.</span> <span class='ocrx_word' id='word_1_205' title='bbox 1425 844 1456 848; x_wconf 92' lang='lat'><strong>—</strong></span> <span class='ocrx_word' id='word_1_206' title='bbox 1471 831 1508 855; x_wconf 78' lang='lat'>12.</span> <span class='ocrx_word' id='word_1_207' title='bbox 1524 831 1582 856; x_wconf 73' lang='lat' dir='ltr'>vid.</span> <span class='ocrx_word' id='word_1_208' title='bbox 1600 835 1630 854; x_wconf 76' lang='grc' dir='ltr'>11ο</span> <span class='ocrx_word' id='word_1_209' title='bbox 1650 831 1720 860; x_wconf 84' lang='grc'><strong>1664,</strong></span> <span class='ocrx_word' id='word_1_210' title='bbox 1734 834 1788 854; x_wconf 85' lang='lat' dir='ltr'>not.</span> <span class='ocrx_word' id='word_1_211' title='bbox 1807 832 1829 856; x_wconf 84' lang='lat'>3.</span> <span class='ocrx_word' id='word_1_212' title='bbox 1848 845 1878 849; x_wconf 93' lang='lat'>—-</span> <span class='ocrx_word' id='word_1_213' title='bbox 1898 832 1936 855; x_wconf 83' lang='lat'>13.</span> <span class='ocrx_word' id='word_1_214' title='bbox 1952 832 1972 856; x_wconf 89' lang='grc'>1.</span> <span class='ocrx_word' id='word_1_215' title='bbox 1993 840 2015 855; x_wconf 92' lang='lat' dir='ltr'>e.</span> <span class='ocrx_word' id='word_1_216' title='bbox 2035 832 2150 864; x_wconf 86' lang='lat' dir='ltr'>promoti</span> <span class='ocrx_word' id='word_1_217' title='bbox 2169 841 2217 864; x_wconf 90' lang='lat' dir='ltr'>per</span> <span class='ocrx_word' id='word_1_218' title='bbox 2233 833 2326 858; x_wconf 82' lang='lat' dir='ltr'>ambos</span> 
     </span>
     <span class='ocr_line' id='line_1_12' title="bbox 461 875 2327 911; baseline -0.001 -8"><span class='ocrx_word' id='word_1_219' title='bbox 461 888 555 911; x_wconf 87' lang='lat' dir='ltr'>papas.</span> <span class='ocrx_word' id='word_1_220' title='bbox 578 880 651 903; x_wconf 87' lang='lat' dir='ltr'>Unus</span> <span class='ocrx_word' id='word_1_221' title='bbox 673 882 697 902; x_wconf 89' lang='lat' dir='ltr'>et</span> <span class='ocrx_word' id='word_1_222' title='bbox 717 879 783 902; x_wconf 83' lang='lat' dir='ltr'>alter</span> <span class='ocrx_word' id='word_1_223' title='bbox 797 881 931 910; x_wconf 81' lang='lat' dir='ltr'>promotos</span> <span class='ocrx_word' id='word_1_224' title='bbox 953 877 1178 908; x_wconf 79' lang='lat' dir='ltr'>adjuramentum</span> <span class='ocrx_word' id='word_1_225' title='bbox 1196 876 1310 907; x_wconf 82' lang='lat' dir='ltr'>impulit,</span> <span class='ocrx_word' id='word_1_226' title='bbox 1331 885 1344 897; x_wconf 89' lang='lat'>«</span> <span class='ocrx_word' id='word_1_227' title='bbox 1364 875 1431 907; x_wconf 85' lang='lat' dir='ltr'>quod</span> <span class='ocrx_word' id='word_1_228' title='bbox 1448 878 1550 907; x_wconf 80' lang='lat' dir='ltr'>partem</span> <span class='ocrx_word' id='word_1_229' title='bbox 1573 883 1647 898; x_wconf 87' lang='lat' dir='ltr'>suam</span> <span class='ocrx_word' id='word_1_230' title='bbox 1665 875 1790 899; x_wconf 80' lang='lat' dir='ltr'>fovebunt</span> <span class='ocrx_word' id='word_1_231' title='bbox 1805 885 1818 897; x_wconf 83' lang='lat'>»</span> <span class='ocrx_word' id='word_1_232' title='bbox 1834 875 1897 905; x_wconf 89' lang='lat' dir='ltr'>(vid.</span> <span class='ocrx_word' id='word_1_233' title='bbox 1920 878 2021 908; x_wconf 78' lang='lat' dir='ltr'>supra),</span> <span class='ocrx_word' id='word_1_234' title='bbox 2040 877 2202 909; x_wconf 83' lang='lat' dir='ltr'>proindeque</span> <span class='ocrx_word' id='word_1_235' title='bbox 2218 886 2327 909; x_wconf 86' lang='lat' dir='ltr'>praesu-</span> 
     </span>
    </p>
   </div>
   <div class='ocr_carea' id='block_1_3' title="bbox 460 923 925 955">
    <p class='ocr_par' dir='ltr' id='par_1_3' title="bbox 460 923 925 955">
     <span class='ocr_line' id='line_1_13' title="bbox 460 923 925 955; baseline -0.004 -8"><span class='ocrx_word' id='word_1_236' title='bbox 460 924 580 947; x_wconf 85' lang='lat' dir='ltr'>mebatur</span> <span class='ocrx_word' id='word_1_237' title='bbox 594 923 666 955; x_wconf 84' lang='lat' dir='ltr'>ipsos</span> <span class='ocrx_word' id='word_1_238' title='bbox 681 932 731 946; x_wconf 92' lang='lat' dir='ltr'>non</span> <span class='ocrx_word' id='word_1_239' title='bbox 747 931 804 946; x_wconf 89' lang='lat' dir='ltr'>esse</span> <span class='ocrx_word' id='word_1_240' title='bbox 819 930 925 954; x_wconf 81' lang='lat' dir='ltr'>aequos.</span> 
     </span>
    </p>
   </div>
   <div class='ocr_carea' id='block_1_4' title="bbox 464 1041 2324 1133">
    <p class='ocr_par' dir='ltr' id='par_1_4' title="bbox 464 1041 2324 1133">
     <span class='ocr_line' id='line_1_14' title="bbox 464 1041 2324 1084; baseline -0.002 -6"><span class='ocrx_word' id='word_1_241' title='bbox 464 1041 586 1078; x_wconf 81' lang='grc'><strong>1681</strong></span> <span class='ocrx_word' id='word_1_242' title='bbox 598 1070 605 1078; x_wconf 92' lang='grc'><strong>.</strong></span> <span class='ocrx_word' id='word_1_243' title='bbox 629 1059 644 1075; x_wconf 88' lang='lat'>«</span> <span class='ocrx_word' id='word_1_244' title='bbox 662 1051 714 1076; x_wconf 87' lang='lat' dir='ltr'>Die</span> <span class='ocrx_word' id='word_1_245' title='bbox 738 1050 844 1076; x_wconf 73' lang='lat' dir='ltr'>veneris</span> <span class='ocrx_word' id='word_1_246' title='bbox 869 1049 924 1084; x_wconf 74' lang='lat' dir='ltr'>xiij</span> <span class='ocrx_word' id='word_1_247' title='bbox 945 1049 1050 1074; x_wconf 83' lang='lat' dir='ltr'>Marcii</span> <span class='ocrx_word' id='word_1_248' title='bbox 1071 1049 1190 1074; x_wconf 77' lang='lat' dir='ltr'>recessit</span> <span class='ocrx_word' id='word_1_249' title='bbox 1213 1047 1343 1073; x_wconf 84' lang='lat' dir='ltr'>dominus</span> <span class='ocrx_word' id='word_1_250' title='bbox 1360 1047 1538 1073; x_wconf 85' lang='lat' dir='ltr'>camerarius</span> <span class='ocrx_word' id='word_1_251' title='bbox 1561 1048 1665 1073; x_wconf 85' lang='lat' dir='ltr'>missus</span> <span class='ocrx_word' id='word_1_252' title='bbox 1687 1046 1767 1083; x_wconf 84' lang='lat' dir='ltr'>apud</span> <span class='ocrx_word' id='word_1_253' title='bbox 1780 1048 1914 1073; x_wconf 82' lang='lat' dir='ltr'>Parisius</span> <span class='ocrx_word' id='word_1_254' title='bbox 1927 1056 1979 1084; x_wconf 87' lang='lat' dir='ltr'>per</span> <span class='ocrx_word' id='word_1_255' title='bbox 1993 1047 2064 1074; x_wconf 88' lang='lat' dir='ltr'>dom.</span> <span class='ocrx_word' id='word_1_256' title='bbox 2080 1051 2206 1074; x_wconf 82' lang='lat' dir='ltr'>nostrum</span> <span class='ocrx_word' id='word_1_257' title='bbox 2223 1058 2246 1081; x_wconf 65' lang='lat' dir='ltr'>a»,</span> <span class='ocrx_word' id='word_1_258' title='bbox 2263 1057 2324 1075; x_wconf 86' lang='lat' dir='ltr'>cum</span> 
     </span>
     <span class='ocr_line' id='line_1_15' title="bbox 548 1095 2082 1133; baseline -0.001 -8"><span class='ocrx_word' id='word_1_259' title='bbox 548 1100 631 1125; x_wconf 85' lang='lat' dir='ltr'>Petro</span> <span class='ocrx_word' id='word_1_260' title='bbox 648 1099 737 1133; x_wconf 68' lang='lat' dir='ltr'>Blavi,</span> <span class='ocrx_word' id='word_1_261' title='bbox 756 1098 831 1124; x_wconf 86' lang='lat' dir='ltr'>decr.</span> <span class='ocrx_word' id='word_1_262' title='bbox 850 1098 934 1132; x_wconf 60' lang='lat' dir='ltr'>doct„</span> <span class='ocrx_word' id='word_1_263' title='bbox 952 1097 1075 1123; x_wconf 78' lang='lat' dir='ltr'>Juniano</span> <span class='ocrx_word' id='word_1_264' title='bbox 1094 1096 1239 1131; x_wconf 66' lang='lat' dir='ltr'>Chourati,</span> <span class='ocrx_word' id='word_1_265' title='bbox 1255 1105 1337 1122; x_wconf 80' lang='lat' dir='ltr'>caus.</span> <span class='ocrx_word' id='word_1_266' title='bbox 1353 1096 1413 1132; x_wconf 80' lang='lat' dir='ltr'>pal.</span> <span class='ocrx_word' id='word_1_267' title='bbox 1429 1105 1476 1132; x_wconf 83' lang='lat' dir='ltr'>ap.</span> <span class='ocrx_word' id='word_1_268' title='bbox 1492 1095 1634 1131; x_wconf 81' lang='lat' dir='ltr'>auditore,</span> <span class='ocrx_word' id='word_1_269' title='bbox 1654 1099 1680 1121; x_wconf 84' lang='lat' dir='ltr'>et</span> <span class='ocrx_word' id='word_1_270' title='bbox 1695 1095 1862 1131; x_wconf 79' lang='lat' dir='ltr'>Raymundo</span> <span class='ocrx_word' id='word_1_271' title='bbox 1877 1095 1913 1122; x_wconf 87' lang='lat' dir='ltr'>de</span> <span class='ocrx_word' id='word_1_272' title='bbox 1925 1096 2082 1131; x_wconf 75' lang='lat' dir='ltr'>Albigesio.</span> 
     </span>
    </p>
   </div>
   <div class='ocr_carea' id='block_1_5' title="bbox 1663 1181 2036 1211">
    <p class='ocr_par' dir='ltr' id='par_1_5' title="bbox 1663 1181 2036 1211">
     <span class='ocr_line' id='line_1_16' title="bbox 1663 1181 2036 1211; baseline 0 -4"><span class='ocrx_word' id='word_1_273' title='bbox 1663 1181 1739 1211; x_wconf 75' lang='lat'>1394.</span> <span class='ocrx_word' id='word_1_274' title='bbox 1756 1181 1842 1207; x_wconf 67' lang='lat' dir='ltr'>Martii</span> <span class='ocrx_word' id='word_1_275' title='bbox 1855 1181 1890 1211; x_wconf 82' lang='lat'>73.</span> <span class='ocrx_word' id='word_1_276' title='bbox 1905 1181 2036 1208; x_wconf 73' lang='lat' dir='ltr'>Arenione.</span> 
     </span>
    </p>
   </div>
   <div class='ocr_carea' id='block_1_6' title="bbox 456 1268 2323 1567">
    <p class='ocr_par' dir='ltr' id='par_1_6' title="bbox 456 1268 2323 1567">
     <span class='ocr_line' id='line_1_17' title="bbox 550 1268 2322 1301; baseline 0 -8"><span class='ocrx_word' id='word_1_277' title='bbox 550 1270 626 1294; x_wconf 84' lang='lat' dir='ltr'>Arch.</span> <span class='ocrx_word' id='word_1_278' title='bbox 647 1271 704 1294; x_wconf 84' lang='lat' dir='ltr'>Vnt.</span> <span class='ocrx_word' id='word_1_279' title='bbox 722 1270 811 1301; x_wconf 82' lang='lat' dir='ltr'>Oblig.</span> <span class='ocrx_word' id='word_1_280' title='bbox 832 1274 860 1292; x_wconf 86' lang='lat' dir='ltr'>n⁰</span> <span class='ocrx_word' id='word_1_281' title='bbox 879 1270 918 1298; x_wconf 82' lang='lat'><strong>49,</strong></span> <span class='ocrx_word' id='word_1_282' title='bbox 940 1270 985 1292; x_wconf 89' lang='lat' dir='ltr'>sol.</span> <span class='ocrx_word' id='word_1_283' title='bbox 1003 1269 1053 1294; x_wconf 73' lang='lat'>76¹³.</span> <span class='ocrx_word' id='word_1_284' title='bbox 1069 1269 1236 1293; x_wconf 81' lang='lat' dir='ltr'>Camerarius</span> <span class='ocrx_word' id='word_1_285' title='bbox 1254 1269 1303 1292; x_wconf 82' lang='lat' dir='ltr'>suit</span> <span class='ocrx_word' id='word_1_286' title='bbox 1315 1269 1471 1292; x_wconf 80' lang='lat' dir='ltr'>Franciscus</span> <span class='ocrx_word' id='word_1_287' title='bbox 1486 1269 1526 1298; x_wconf 86' lang='lat' dir='ltr'>(de</span> <span class='ocrx_word' id='word_1_288' title='bbox 1546 1268 1667 1298; x_wconf 91' lang='lat' dir='ltr'>Conzieu)</span> <span class='ocrx_word' id='word_1_289' title='bbox 1688 1268 1902 1300; x_wconf 86' lang='lat' dir='ltr'>archiepiscopus</span> <span class='ocrx_word' id='word_1_290' title='bbox 1922 1268 2099 1292; x_wconf 85' lang='lat' dir='ltr'>Narbonensis</span> <span class='ocrx_word' id='word_1_291' title='bbox 2107 1270 2127 1292; x_wconf 90' lang='lat'>¹.</span> <span class='ocrx_word' id='word_1_292' title='bbox 2147 1269 2176 1292; x_wconf 89' lang='lat' dir='ltr'>In</span> <span class='ocrx_word' id='word_1_293' title='bbox 2198 1277 2246 1292; x_wconf 91' lang='lat' dir='ltr'>suo</span> <span class='ocrx_word' id='word_1_294' title='bbox 2265 1269 2322 1293; x_wconf 87' lang='lat' dir='ltr'>cod.</span> 
     </span>
     <span class='ocr_line' id='line_1_18' title="bbox 458 1313 2322 1346; baseline 0 -8"><span class='ocrx_word' id='word_1_295' title='bbox 458 1315 594 1346; x_wconf 80' lang='lat' dir='ltr'>epistolari</span> <span class='ocrx_word' id='word_1_296' title='bbox 611 1323 672 1338; x_wconf 84' lang='lat' dir='ltr'>ann.</span> <span class='ocrx_word' id='word_1_297' title='bbox 688 1315 756 1343; x_wconf 88' lang='lat'><strong>1393,</strong></span> <span class='ocrx_word' id='word_1_298' title='bbox 777 1315 837 1337; x_wconf 85' lang='lat'><strong>1394</strong></span> <span class='ocrx_word' id='word_1_299' title='bbox 857 1314 942 1344; x_wconf 59' lang='grc' dir='ltr'><strong>(ΑΝ-11.</strong></span> <span class='ocrx_word' id='word_1_300' title='bbox 963 1315 1020 1338; x_wconf 84' lang='lat' dir='ltr'>Vat.</span> <span class='ocrx_word' id='word_1_301' title='bbox 1038 1315 1099 1345; x_wconf 81' lang='lat' dir='ltr'>Reg.</span> <span class='ocrx_word' id='word_1_302' title='bbox 1119 1314 1200 1339; x_wconf 87' lang='lat' dir='ltr'>Clem.</span> <span class='ocrx_word' id='word_1_303' title='bbox 1215 1314 1270 1345; x_wconf 80' lang='lat' dir='ltr'>Vll,</span> <span class='ocrx_word' id='word_1_304' title='bbox 1291 1318 1320 1336; x_wconf 87' lang='lat' dir='ltr'>n⁰</span> <span class='ocrx_word' id='word_1_305' title='bbox 1337 1315 1402 1343; x_wconf 82' lang='lat'><strong>308),</strong></span> <span class='ocrx_word' id='word_1_306' title='bbox 1424 1321 1515 1336; x_wconf 89' lang='lat' dir='ltr'>revera</span> <span class='ocrx_word' id='word_1_307' title='bbox 1537 1313 1580 1336; x_wconf 79' lang='lat' dir='ltr'>sol.</span> <span class='ocrx_word' id='word_1_308' title='bbox 1601 1313 1652 1342; x_wconf 76' lang='lat'><strong>92¹¹,</strong></span> <span class='ocrx_word' id='word_1_309' title='bbox 1673 1313 1706 1336; x_wconf 87' lang='lat' dir='ltr'>ab</span> <span class='ocrx_word' id='word_1_310' title='bbox 1724 1321 1766 1336; x_wconf 90' lang='lat' dir='ltr'>an.</span> <span class='ocrx_word' id='word_1_311' title='bbox 1787 1313 1857 1342; x_wconf 74' lang='lat'><strong>1394,</strong></span> <span class='ocrx_word' id='word_1_312' title='bbox 1877 1313 1964 1336; x_wconf 83' lang='lat' dir='ltr'>Martii</span> <span class='ocrx_word' id='word_1_313' title='bbox 1983 1313 2020 1341; x_wconf 88' lang='lat'>16,</span> <span class='ocrx_word' id='word_1_314' title='bbox 2039 1313 2166 1337; x_wconf 82' lang='lat' dir='ltr'>Antonius</span> <span class='ocrx_word' id='word_1_315' title='bbox 2182 1313 2322 1345; x_wconf 73' lang='lat' dir='ltr'>episcopus</span> 
     </span>
     <span class='ocr_line' id='line_1_19' title="bbox 457 1347 2322 1390; baseline -0.001 -8"><span class='ocrx_word' id='word_1_316' title='bbox 457 1360 646 1390; x_wconf 66' lang='lat' dir='ltr'>Magalonens„</span> <span class='ocrx_word' id='word_1_317' title='bbox 670 1369 683 1381; x_wconf 71' lang='grc' dir='ltr'>α</span> <span class='ocrx_word' id='word_1_318' title='bbox 703 1358 835 1382; x_wconf 86' lang='lat' dir='ltr'>Francisei</span> <span class='ocrx_word' id='word_1_319' title='bbox 856 1359 1048 1390; x_wconf 87' lang='lat' dir='ltr'>archiepiscopi</span> <span class='ocrx_word' id='word_1_320' title='bbox 1071 1358 1234 1382; x_wconf 81' lang='lat' dir='ltr'>Narbonens.</span> <span class='ocrx_word' id='word_1_321' title='bbox 1253 1366 1322 1390; x_wconf 80' lang='lat' dir='ltr'>pape</span> <span class='ocrx_word' id='word_1_322' title='bbox 1343 1357 1491 1386; x_wconf 83' lang='lat' dir='ltr'>camerarii,</span> <span class='ocrx_word' id='word_1_323' title='bbox 1510 1366 1524 1380; x_wconf 87' lang='lat' dir='ltr'>a</span> <span class='ocrx_word' id='word_1_324' title='bbox 1545 1358 1618 1381; x_wconf 83' lang='lat' dir='ltr'>Rom.</span> <span class='ocrx_word' id='word_1_325' title='bbox 1641 1357 1714 1380; x_wconf 87' lang='lat' dir='ltr'>curia</span> <span class='ocrx_word' id='word_1_326' title='bbox 1732 1357 1931 1388; x_wconf 78' lang='lat' dir='ltr'>presencialiter</span> <span class='ocrx_word' id='word_1_327' title='bbox 1952 1357 2078 1387; x_wconf 86' lang='lat' dir='ltr'>absentis,</span> <span class='ocrx_word' id='word_1_328' title='bbox 2098 1358 2277 1382; x_wconf 85' lang='lat' dir='ltr'>locumtenens</span> <span class='ocrx_word' id='word_1_329' title='bbox 2299 1347 2322 1388; x_wconf 63' lang='grc' dir='ltr'>ιι,</span> 
     </span>
     <span class='ocr_line' id='line_1_20' title="bbox 458 1401 2323 1435; baseline 0 -9"><span class='ocrx_word' id='word_1_330' title='bbox 458 1404 512 1428; x_wconf 90' lang='lat' dir='ltr'>loco</span> <span class='ocrx_word' id='word_1_331' title='bbox 527 1404 658 1427; x_wconf 83' lang='lat' dir='ltr'>Francisci</span> <span class='ocrx_word' id='word_1_332' title='bbox 677 1403 801 1435; x_wconf 83' lang='lat' dir='ltr'>epistolas</span> <span class='ocrx_word' id='word_1_333' title='bbox 821 1403 921 1427; x_wconf 87' lang='lat' dir='ltr'>scribit.</span> <span class='ocrx_word' id='word_1_334' title='bbox 941 1404 970 1426; x_wconf 90' lang='lat' dir='ltr'>In</span> <span class='ocrx_word' id='word_1_335' title='bbox 986 1403 1105 1434; x_wconf 85' lang='lat' dir='ltr'>margine</span> <span class='ocrx_word' id='word_1_336' title='bbox 1119 1411 1124 1426; x_wconf 92' lang='grc'>·.</span> <span class='ocrx_word' id='word_1_337' title='bbox 1145 1413 1157 1424; x_wconf 72' lang='grc' dir='ltr'>α</span> <span class='ocrx_word' id='word_1_338' title='bbox 1173 1402 1218 1426; x_wconf 93' lang='lat' dir='ltr'>Die</span> <span class='ocrx_word' id='word_1_339' title='bbox 1232 1402 1277 1434; x_wconf 83' lang='lat' dir='ltr'>xiij</span> <span class='ocrx_word' id='word_1_340' title='bbox 1293 1402 1423 1434; x_wconf 85' lang='lat' dir='ltr'>presentis</span> <span class='ocrx_word' id='word_1_341' title='bbox 1443 1402 1540 1426; x_wconf 86' lang='lat' dir='ltr'>mensis</span> <span class='ocrx_word' id='word_1_342' title='bbox 1561 1401 1651 1425; x_wconf 84' lang='lat' dir='ltr'>Marcii</span> <span class='ocrx_word' id='word_1_343' title='bbox 1667 1401 1788 1425; x_wconf 89' lang='lat' dir='ltr'>dominus</span> <span class='ocrx_word' id='word_1_344' title='bbox 1805 1402 1966 1425; x_wconf 86' lang='lat' dir='ltr'>camerarius</span> <span class='ocrx_word' id='word_1_345' title='bbox 1981 1402 2030 1425; x_wconf 88' lang='lat' dir='ltr'>ivit</span> <span class='ocrx_word' id='word_1_346' title='bbox 2045 1402 2162 1426; x_wconf 81' lang='lat' dir='ltr'>Parisius</span> <span class='ocrx_word' id='word_1_347' title='bbox 2176 1412 2199 1432; x_wconf 72' lang='lat' dir='ltr'>n,</span> <span class='ocrx_word' id='word_1_348' title='bbox 2214 1402 2260 1426; x_wconf 84' lang='lat' dir='ltr'>ubi</span> <span class='ocrx_word' id='word_1_349' title='bbox 2274 1411 2323 1434; x_wconf 85' lang='lat' dir='ltr'>per</span> 
     </span>
     <span class='ocr_line' id='line_1_21' title="bbox 456 1446 2323 1480; baseline 0 -9"><span class='ocrx_word' id='word_1_350' title='bbox 456 1449 516 1479; x_wconf 85' lang='lat' dir='ltr'>plus</span> <span class='ocrx_word' id='word_1_351' title='bbox 533 1457 610 1479; x_wconf 88' lang='lat' dir='ltr'>quam</span> <span class='ocrx_word' id='word_1_352' title='bbox 626 1451 739 1480; x_wconf 83' lang='lat' dir='ltr'>quatuor</span> <span class='ocrx_word' id='word_1_353' title='bbox 754 1456 856 1471; x_wconf 86' lang='lat' dir='ltr'>menses</span> <span class='ocrx_word' id='word_1_354' title='bbox 870 1448 1012 1476; x_wconf 75' lang='lat' dir='ltr'>renmnsit3</span> <span class='ocrx_word' id='word_1_355' title='bbox 1029 1449 1095 1479; x_wconf 79' lang='lat' dir='ltr'>Aug.</span> <span class='ocrx_word' id='word_1_356' title='bbox 1109 1449 1122 1470; x_wconf 85' lang='lat'><strong>3</strong></span> <span class='ocrx_word' id='word_1_357' title='bbox 1138 1447 1207 1471; x_wconf 88' lang='lat' dir='ltr'>enim</span> <span class='ocrx_word' id='word_1_358' title='bbox 1223 1448 1308 1470; x_wconf 85' lang='lat' dir='ltr'>solum</span> <span class='ocrx_word' id='word_1_359' title='bbox 1324 1447 1482 1471; x_wconf 81' lang='lat' dir='ltr'>Avenionem</span> <span class='ocrx_word' id='word_1_360' title='bbox 1498 1455 1619 1470; x_wconf 83' lang='lat' dir='ltr'>reversus</span> <span class='ocrx_word' id='word_1_361' title='bbox 1635 1449 1691 1470; x_wconf 87' lang='lat' dir='ltr'>erat</span> <span class='ocrx_word' id='word_1_362' title='bbox 1707 1446 1786 1476; x_wconf 78' lang='lat' dir='ltr'>(ObL,</span> <span class='ocrx_word' id='word_1_363' title='bbox 1802 1448 1820 1470; x_wconf 81' lang='lat' dir='ltr'>s.</span> <span class='ocrx_word' id='word_1_364' title='bbox 1836 1446 1885 1475; x_wconf 71' lang='lat'>80¹³,</span> <span class='ocrx_word' id='word_1_365' title='bbox 1901 1450 1926 1470; x_wconf 89' lang='lat' dir='ltr'>et</span> <span class='ocrx_word' id='word_1_366' title='bbox 1939 1447 2043 1479; x_wconf 82' lang='lat' dir='ltr'>Reg.,1.</span> <span class='ocrx_word' id='word_1_367' title='bbox 2055 1455 2089 1477; x_wconf 81' lang='lat' dir='ltr'>c.,</span> <span class='ocrx_word' id='word_1_368' title='bbox 2105 1447 2149 1471; x_wconf 85' lang='lat' dir='ltr'>sol.</span> <span class='ocrx_word' id='word_1_369' title='bbox 2162 1447 2224 1471; x_wconf 84' lang='lat'><strong>164:</strong></span> <span class='ocrx_word' id='word_1_370' title='bbox 2242 1457 2255 1470; x_wconf 73' lang='grc' dir='ltr'><strong><em>κ</em></strong></span> <span class='ocrx_word' id='word_1_371' title='bbox 2268 1448 2323 1471; x_wconf 74' lang='lat' dir='ltr'>Ista</span> 
     </span>
     <span class='ocr_line' id='line_1_22' title="bbox 459 1490 2322 1524; baseline 0 -9"><span class='ocrx_word' id='word_1_372' title='bbox 459 1493 500 1515; x_wconf 91' lang='lat' dir='ltr'>dic</span> <span class='ocrx_word' id='word_1_373' title='bbox 515 1492 563 1515; x_wconf 79' lang='lat' dir='ltr'>fuit</span> <span class='ocrx_word' id='word_1_374' title='bbox 575 1501 695 1515; x_wconf 84' lang='lat' dir='ltr'>reversus</span> <span class='ocrx_word' id='word_1_375' title='bbox 707 1493 828 1515; x_wconf 89' lang='lat' dir='ltr'>dominus</span> <span class='ocrx_word' id='word_1_376' title='bbox 842 1492 1024 1524; x_wconf 76' lang='lat' dir='ltr'>[camerarius]</span> <span class='ocrx_word' id='word_1_377' title='bbox 1039 1493 1070 1515; x_wconf 89' lang='lat' dir='ltr'>dc</span> <span class='ocrx_word' id='word_1_378' title='bbox 1085 1492 1202 1515; x_wconf 81' lang='lat' dir='ltr'>Parisius</span> <span class='ocrx_word' id='word_1_379' title='bbox 1215 1493 1248 1521; x_wconf 66' lang='lat' dir='ltr'>n).</span> <span class='ocrx_word' id='word_1_380' title='bbox 1263 1492 1326 1515; x_wconf 80' lang='lat' dir='ltr'>Tres</span> <span class='ocrx_word' id='word_1_381' title='bbox 1343 1491 1387 1514; x_wconf 83' lang='lat' dir='ltr'>alii</span> <span class='ocrx_word' id='word_1_382' title='bbox 1404 1499 1485 1522; x_wconf 84' lang='lat' dir='ltr'>supra</span> <span class='ocrx_word' id='word_1_383' title='bbox 1500 1491 1575 1514; x_wconf 86' lang='lat' dir='ltr'>relati</span> <span class='ocrx_word' id='word_1_384' title='bbox 1591 1491 1757 1514; x_wconf 68' lang='lat' dir='ltr'>adducuntur</span> <span class='ocrx_word' id='word_1_385' title='bbox 1770 1490 1796 1514; x_wconf 85' lang='lat' dir='ltr'>in</span> <span class='ocrx_word' id='word_1_386' title='bbox 1810 1490 1937 1515; x_wconf 76' lang='lat' dir='ltr'>Introitu</span> <span class='ocrx_word' id='word_1_387' title='bbox 1950 1495 1976 1515; x_wconf 74' lang='lat' dir='ltr'>et</span> <span class='ocrx_word' id='word_1_388' title='bbox 1990 1492 2068 1520; x_wconf 55' lang='lat' dir='ltr'>emit„</span> <span class='ocrx_word' id='word_1_389' title='bbox 2081 1495 2109 1514; x_wconf 78' lang='lat'>¹1⁰</span> <span class='ocrx_word' id='word_1_390' title='bbox 2119 1491 2173 1522; x_wconf 86' lang='lat'><strong>371,</strong></span> <span class='ocrx_word' id='word_1_391' title='bbox 2190 1492 2208 1515; x_wconf 78' lang='lat' dir='ltr'>f.</span> <span class='ocrx_word' id='word_1_392' title='bbox 2221 1491 2266 1515; x_wconf 85' lang='lat'>160</span> <span class='ocrx_word' id='word_1_393' title='bbox 2282 1499 2322 1523; x_wconf 86' lang='lat' dir='ltr'>sq.</span> 
     </span>
     <span class='ocr_line' id='line_1_23' title="bbox 458 1535 2321 1567; baseline -0.001 -8"><span class='ocrx_word' id='word_1_394' title='bbox 458 1536 520 1566; x_wconf 85' lang='lat' dir='ltr'>(vid.</span> <span class='ocrx_word' id='word_1_395' title='bbox 538 1536 606 1560; x_wconf 79' lang='lat' dir='ltr'>infra</span> <span class='ocrx_word' id='word_1_396' title='bbox 623 1538 768 1566; x_wconf 80' lang='lat' dir='ltr'>Addenda)</span> <span class='ocrx_word' id='word_1_397' title='bbox 785 1540 813 1560; x_wconf 87' lang='lat' dir='ltr'>ut</span> <span class='ocrx_word' id='word_1_398' title='bbox 835 1537 898 1559; x_wconf 89' lang='lat' dir='ltr'>socii</span> <span class='ocrx_word' id='word_1_399' title='bbox 914 1536 1061 1564; x_wconf 81' lang='lat' dir='ltr'>camerarii,</span> <span class='ocrx_word' id='word_1_400' title='bbox 1078 1536 1153 1559; x_wconf 86' lang='lat' dir='ltr'>missi</span> <span class='ocrx_word' id='word_1_401' title='bbox 1170 1545 1229 1559; x_wconf 88' lang='lat' dir='ltr'>cum</span> <span class='ocrx_word' id='word_1_402' title='bbox 1245 1546 1258 1557; x_wconf 68' lang='grc' dir='ltr'>α</span> <span class='ocrx_word' id='word_1_403' title='bbox 1274 1535 1484 1567; x_wconf 84' lang='lat' dir='ltr'>depositionibus</span> <span class='ocrx_word' id='word_1_404' title='bbox 1505 1535 1679 1558; x_wconf 88' lang='lat' dir='ltr'>cardinalium</span> <span class='ocrx_word' id='word_1_405' title='bbox 1698 1538 1723 1558; x_wconf 92' lang='lat' dir='ltr'>et</span> <span class='ocrx_word' id='word_1_406' title='bbox 1740 1535 1818 1558; x_wconf 83' lang='lat' dir='ltr'>certis</span> <span class='ocrx_word' id='word_1_407' title='bbox 1834 1535 2037 1566; x_wconf 79' lang='lat' dir='ltr'>allegationibus</span> <span class='ocrx_word' id='word_1_408' title='bbox 2054 1535 2129 1559; x_wconf 84' lang='lat' dir='ltr'>factis</span> <span class='ocrx_word' id='word_1_409' title='bbox 2152 1543 2232 1567; x_wconf 89' lang='lat' dir='ltr'>super</span> <span class='ocrx_word' id='word_1_410' title='bbox 2253 1536 2321 1559; x_wconf 77' lang='lat' dir='ltr'>facto</span> 
     </span>
    </p>
   </div>
   <div class='ocr_carea' id='block_1_7' title="bbox 455 1581 2320 1656">
    <p class='ocr_par' dir='ltr' id='par_1_7' title="bbox 455 1581 2320 1656">
     <span class='ocr_line' id='line_1_24' title="bbox 455 1581 856 1610; baseline 0 -6"><span class='ocrx_word' id='word_1_411' title='bbox 455 1581 604 1604; x_wconf 82' lang='lat' dir='ltr'>schismatis</span> <span class='ocrx_word' id='word_1_412' title='bbox 619 1591 640 1604; x_wconf 69' lang='lat'>2».</span> <span class='ocrx_word' id='word_1_413' title='bbox 658 1581 735 1610; x_wconf 86' lang='lat' dir='ltr'>1bid.,</span> <span class='ocrx_word' id='word_1_414' title='bbox 752 1583 769 1604; x_wconf 48' lang='lat' dir='ltr'>f.</span> <span class='ocrx_word' id='word_1_415' title='bbox 787 1581 856 1604; x_wconf 75' lang='lat'>16:3¹³.</span> 
     </span>
     <span class='ocr_line' id='line_1_25' title="bbox 549 1623 2320 1656; baseline -0.001 -8"><span class='ocrx_word' id='word_1_416' title='bbox 549 1625 654 1648; x_wconf 77' lang='lat' dir='ltr'>Audivit</span> <span class='ocrx_word' id='word_1_417' title='bbox 671 1634 700 1648; x_wconf 87' lang='lat' dir='ltr'>ea</span> <span class='ocrx_word' id='word_1_418' title='bbox 713 1626 831 1649; x_wconf 86' lang='lat' dir='ltr'>Clemens</span> <span class='ocrx_word' id='word_1_419' title='bbox 847 1626 893 1649; x_wconf 87' lang='lat' dir='ltr'>VlI</span> <span class='ocrx_word' id='word_1_420' title='bbox 910 1634 975 1656; x_wconf 85' lang='lat' dir='ltr'>quae</span> <span class='ocrx_word' id='word_1_421' title='bbox 988 1625 1096 1648; x_wconf 87' lang='lat' dir='ltr'>Parisiis</span> <span class='ocrx_word' id='word_1_422' title='bbox 1113 1626 1145 1648; x_wconf 86' lang='lat' dir='ltr'>ab</span> <span class='ocrx_word' id='word_1_423' title='bbox 1159 1625 1336 1649; x_wconf 86' lang='lat' dir='ltr'>Universitate</span> <span class='ocrx_word' id='word_1_424' title='bbox 1348 1624 1403 1656; x_wconf 87' lang='lat' dir='ltr'>jam</span> <span class='ocrx_word' id='word_1_425' title='bbox 1419 1632 1433 1647; x_wconf 90' lang='lat' dir='ltr'>a</span> <span class='ocrx_word' id='word_1_426' title='bbox 1448 1623 1567 1648; x_wconf 86' lang='lat' dir='ltr'>Januarii</span> <span class='ocrx_word' id='word_1_427' title='bbox 1585 1624 1614 1647; x_wconf 81' lang='lat'>28</span> <span class='ocrx_word' id='word_1_428' title='bbox 1628 1624 1798 1647; x_wconf 80' lang='lat' dir='ltr'>tentabantur</span> <span class='ocrx_word' id='word_1_429' title='bbox 1812 1627 1837 1647; x_wconf 91' lang='lat' dir='ltr'>et</span> <span class='ocrx_word' id='word_1_430' title='bbox 1851 1624 2007 1655; x_wconf 80' lang='lat' dir='ltr'>agebantur.</span> <span class='ocrx_word' id='word_1_431' title='bbox 2021 1624 2133 1647; x_wconf 90' lang='lat' dir='ltr'>Proinde</span> <span class='ocrx_word' id='word_1_432' title='bbox 2143 1623 2216 1647; x_wconf 82' lang='lat' dir='ltr'>misit</span> <span class='ocrx_word' id='word_1_433' title='bbox 2229 1624 2320 1648; x_wconf 83' lang='lat' dir='ltr'>eodem</span> 
     </span>
    </p>
   </div>
   <div class='ocr_carea' id='block_1_8' title="bbox 455 1667 2320 1702">
    <p class='ocr_par' dir='ltr' id='par_1_8' title="bbox 455 1667 2320 1702">
     <span class='ocr_line' id='line_1_26' title="bbox 455 1667 2320 1702; baseline 0 -10"><span class='ocrx_word' id='word_1_434' title='bbox 455 1677 531 1693; x_wconf 88' lang='lat' dir='ltr'>suum</span> <span class='ocrx_word' id='word_1_435' title='bbox 547 1670 720 1693; x_wconf 83' lang='lat' dir='ltr'>camerarium</span> <span class='ocrx_word' id='word_1_436' title='bbox 736 1670 854 1701; x_wconf 86' lang='lat' dir='ltr'>aliosque</span> <span class='ocrx_word' id='word_1_437' title='bbox 869 1670 1039 1701; x_wconf 87' lang='lat' dir='ltr'>quamplures</span> <span class='ocrx_word' id='word_1_438' title='bbox 1058 1670 1202 1693; x_wconf 83' lang='lat' dir='ltr'>familiares</span> <span class='ocrx_word' id='word_1_439' title='bbox 1220 1680 1232 1691; x_wconf 81' lang='grc' dir='ltr'><strong>α</strong></span> <span class='ocrx_word' id='word_1_440' title='bbox 1251 1670 1295 1702; x_wconf 90' lang='lat' dir='ltr'>qui</span> <span class='ocrx_word' id='word_1_441' title='bbox 1316 1678 1367 1693; x_wconf 90' lang='lat' dir='ltr'>non</span> <span class='ocrx_word' id='word_1_442' title='bbox 1383 1668 1439 1692; x_wconf 88' lang='lat' dir='ltr'>sine</span> <span class='ocrx_word' id='word_1_443' title='bbox 1454 1667 1529 1692; x_wconf 86' lang='lat' dir='ltr'>donis</span> <span class='ocrx_word' id='word_1_444' title='bbox 1545 1668 1710 1692; x_wconf 85' lang='lat' dir='ltr'>uberioribus</span> <span class='ocrx_word' id='word_1_445' title='bbox 1730 1668 1830 1692; x_wconf 82' lang='lat' dir='ltr'>aulicos</span> <span class='ocrx_word' id='word_1_446' title='bbox 1847 1671 1872 1692; x_wconf 85' lang='lat' dir='ltr'>et</span> <span class='ocrx_word' id='word_1_447' title='bbox 1890 1668 2033 1692; x_wconf 80' lang='lat' dir='ltr'>servientes</span> <span class='ocrx_word' id='word_1_448' title='bbox 2055 1667 2142 1700; x_wconf 86' lang='lat' dir='ltr'>regios</span> <span class='ocrx_word' id='word_1_449' title='bbox 2162 1667 2320 1692; x_wconf 82' lang='lat' dir='ltr'>induxerunt</span> 
     </span>
    </p>
   </div>
   <div class='ocr_carea' id='block_1_9' title="bbox 456 1713 2321 1746">
    <p class='ocr_par' dir='ltr' id='par_1_9' title="bbox 456 1713 2321 1746">
     <span class='ocr_line' id='line_1_27' title="bbox 456 1713 2321 1746; baseline 0 -9"><span class='ocrx_word' id='word_1_450' title='bbox 456 1717 484 1737; x_wconf 86' lang='lat' dir='ltr'>ut</span> <span class='ocrx_word' id='word_1_451' title='bbox 497 1715 686 1745; x_wconf 83' lang='lat' dir='ltr'>persuaderent</span> <span class='ocrx_word' id='word_1_452' title='bbox 699 1714 810 1737; x_wconf 88' lang='lat' dir='ltr'>dominis</span> <span class='ocrx_word' id='word_1_453' title='bbox 825 1723 856 1737; x_wconf 91' lang='lat' dir='ltr'>ne</span> <span class='ocrx_word' id='word_1_454' title='bbox 871 1715 970 1746; x_wconf 87' lang='lat' dir='ltr'>aliquid</span> <span class='ocrx_word' id='word_1_455' title='bbox 984 1718 1074 1737; x_wconf 86' lang='lat' dir='ltr'>contra</span> <span class='ocrx_word' id='word_1_456' title='bbox 1090 1715 1176 1746; x_wconf 82' lang='lat' dir='ltr'>ipsum</span> <span class='ocrx_word' id='word_1_457' title='bbox 1193 1714 1357 1738; x_wconf 86' lang='lat' dir='ltr'>Universitas</span> <span class='ocrx_word' id='word_1_458' title='bbox 1374 1713 1568 1745; x_wconf 42' lang='lat' dir='ltr'>attemptaret&amp;</span> <span class='ocrx_word' id='word_1_459' title='bbox 1587 1713 1735 1736; x_wconf 84' lang='lat' dir='ltr'>Cardinalis</span> <span class='ocrx_word' id='word_1_460' title='bbox 1751 1713 1782 1736; x_wconf 84' lang='lat' dir='ltr'>de</span> <span class='ocrx_word' id='word_1_461' title='bbox 1797 1713 1869 1737; x_wconf 86' lang='lat' dir='ltr'>Luna</span> <span class='ocrx_word' id='word_1_462' title='bbox 1884 1713 2014 1745; x_wconf 81' lang='lat' dir='ltr'>adjutorio</span> <span class='ocrx_word' id='word_1_463' title='bbox 2028 1716 2053 1736; x_wconf 87' lang='lat' dir='ltr'>et</span> <span class='ocrx_word' id='word_1_464' title='bbox 2067 1713 2177 1736; x_wconf 87' lang='lat' dir='ltr'>consilio</span> <span class='ocrx_word' id='word_1_465' title='bbox 2188 1713 2214 1736; x_wconf 86' lang='lat' dir='ltr'>in</span> <span class='ocrx_word' id='word_1_466' title='bbox 2228 1713 2280 1737; x_wconf 78' lang='lat' dir='ltr'>hiis</span> <span class='ocrx_word' id='word_1_467' title='bbox 2295 1716 2321 1738; x_wconf 80' lang='lat' dir='ltr'>et</span> 
     </span>
    </p>
   </div>
   <div class='ocr_carea' id='block_1_10' title="bbox 455 1758 1396 1790">
    <p class='ocr_par' dir='ltr' id='par_1_10' title="bbox 455 1758 1396 1790">
     <span class='ocr_line' id='line_1_28' title="bbox 455 1758 1396 1790; baseline 0.001 -9"><span class='ocrx_word' id='word_1_468' title='bbox 455 1758 586 1782; x_wconf 88' lang='lat' dir='ltr'>similibus</span> <span class='ocrx_word' id='word_1_469' title='bbox 604 1759 744 1782; x_wconf 81' lang='lat' dir='ltr'>utebantur</span> <span class='ocrx_word' id='word_1_470' title='bbox 759 1769 781 1783; x_wconf 76' lang='lat' dir='ltr'>n.</span> <span class='ocrx_word' id='word_1_471' title='bbox 797 1760 897 1784; x_wconf 75' lang='lat' dir='ltr'>Chron.</span> <span class='ocrx_word' id='word_1_472' title='bbox 914 1761 952 1783; x_wconf 78' lang='lat' dir='ltr'>du</span> <span class='ocrx_word' id='word_1_473' title='bbox 970 1760 1019 1783; x_wconf 76' lang='lat' dir='ltr'>rel.</span> <span class='ocrx_word' id='word_1_474' title='bbox 1035 1761 1067 1783; x_wconf 73' lang='lat' dir='ltr'>cle</span> <span class='ocrx_word' id='word_1_475' title='bbox 1081 1759 1277 1790; x_wconf 78' lang='lat' dir='ltr'>Saint-Denys,</span> <span class='ocrx_word' id='word_1_476' title='bbox 1293 1760 1325 1790; x_wconf 89' lang='lat' dir='ltr'>Il,</span> <span class='ocrx_word' id='word_1_477' title='bbox 1342 1759 1396 1783; x_wconf 89' lang='grc'><strong>130.</strong></span> 
     </span>
    </p>
   </div>
   <div class='ocr_carea' id='block_1_11' title="bbox 451 1842 2320 1965">
    <p class='ocr_par' dir='ltr' id='par_1_11' title="bbox 451 1842 2320 1965">
     <span class='ocr_line' id='line_1_29' title="bbox 547 1842 2319 1876; baseline 0.001 -10"><span class='ocrx_word' id='word_1_478' title='bbox 547 1843 569 1866; x_wconf 94' lang='grc'>1.</span> <span class='ocrx_word' id='word_1_479' title='bbox 587 1843 732 1874; x_wconf 81' lang='lat' dir='ltr'>Bellaguet,</span> <span class='ocrx_word' id='word_1_480' title='bbox 746 1843 772 1866; x_wconf 93' lang='lat' dir='ltr'>in</span> <span class='ocrx_word' id='word_1_481' title='bbox 787 1845 887 1869; x_wconf 81' lang='lat' dir='ltr'>Chron.</span> <span class='ocrx_word' id='word_1_482' title='bbox 899 1846 939 1868; x_wconf 82' lang='lat' dir='ltr'>du</span> <span class='ocrx_word' id='word_1_483' title='bbox 951 1844 1001 1867; x_wconf 76' lang='lat' dir='ltr'>rel.</span> <span class='ocrx_word' id='word_1_484' title='bbox 1017 1845 1050 1867; x_wconf 82' lang='lat' dir='ltr'>de</span> <span class='ocrx_word' id='word_1_485' title='bbox 1064 1845 1261 1875; x_wconf 62' lang='lat' dir='ltr'>Socim-Deum,</span> <span class='ocrx_word' id='word_1_486' title='bbox 1275 1845 1293 1868; x_wconf 92' lang='lat' dir='ltr'>l.</span> <span class='ocrx_word' id='word_1_487' title='bbox 1305 1853 1338 1873; x_wconf 87' lang='lat' dir='ltr'>c.‚</span> <span class='ocrx_word' id='word_1_488' title='bbox 1353 1853 1429 1876; x_wconf 91' lang='lat' dir='ltr'>quem</span> <span class='ocrx_word' id='word_1_489' title='bbox 1442 1845 1525 1868; x_wconf 87' lang='lat' dir='ltr'>nostri</span> <span class='ocrx_word' id='word_1_490' title='bbox 1536 1844 1655 1868; x_wconf 82' lang='lat' dir='ltr'>historici</span> <span class='ocrx_word' id='word_1_491' title='bbox 1669 1847 1823 1875; x_wconf 83' lang='lat' dir='ltr'>sequuntur,</span> <span class='ocrx_word' id='word_1_492' title='bbox 1838 1842 1930 1866; x_wconf 85' lang='lat' dir='ltr'>scribit</span> <span class='ocrx_word' id='word_1_493' title='bbox 1944 1851 1949 1866; x_wconf 77' lang='lat' dir='ltr'>z</span> <span class='ocrx_word' id='word_1_494' title='bbox 1962 1853 1975 1864; x_wconf 75' lang='grc' dir='ltr'>ι(</span> <span class='ocrx_word' id='word_1_495' title='bbox 1988 1843 2142 1876; x_wconf 88' lang='lat' dir='ltr'>episcopum</span> <span class='ocrx_word' id='word_1_496' title='bbox 2153 1844 2319 1873; x_wconf 80' lang='lat' dir='ltr'>Tarsensem,</span> 
     </span>
     <span class='ocr_line' id='line_1_30' title="bbox 452 1887 2320 1920; baseline 0.001 -10"><span class='ocrx_word' id='word_1_497' title='bbox 452 1887 655 1910; x_wconf 84' lang='lat' dir='ltr'>cambellianum</span> <span class='ocrx_word' id='word_1_498' title='bbox 671 1898 683 1910; x_wconf 64' lang='grc' dir='ltr'>,ι</span> <span class='ocrx_word' id='word_1_499' title='bbox 699 1896 794 1919; x_wconf 83' lang='lat' dir='ltr'>papae,</span> <span class='ocrx_word' id='word_1_500' title='bbox 810 1888 926 1911; x_wconf 87' lang='lat' dir='ltr'>Parisios</span> <span class='ocrx_word' id='word_1_501' title='bbox 939 1888 1048 1911; x_wconf 85' lang='lat' dir='ltr'>missum</span> <span class='ocrx_word' id='word_1_502' title='bbox 1065 1897 1132 1912; x_wconf 80' lang='lat' dir='ltr'>esse.</span> <span class='ocrx_word' id='word_1_503' title='bbox 1149 1889 1232 1920; x_wconf 84' lang='lat' dir='ltr'>Hujus</span> <span class='ocrx_word' id='word_1_504' title='bbox 1249 1899 1261 1910; x_wconf 86' lang='lat'>«</span> <span class='ocrx_word' id='word_1_505' title='bbox 1277 1889 1395 1920; x_wconf 76' lang='lat' dir='ltr'>episcopi</span> <span class='ocrx_word' id='word_1_506' title='bbox 1413 1898 1425 1911; x_wconf 90' lang='lat'>»</span> <span class='ocrx_word' id='word_1_507' title='bbox 1444 1889 1583 1912; x_wconf 80' lang='lat' dir='ltr'>Tarsensis</span> <span class='ocrx_word' id='word_1_508' title='bbox 1599 1889 1700 1911; x_wconf 87' lang='lat' dir='ltr'>nullum</span> <span class='ocrx_word' id='word_1_509' title='bbox 1716 1888 1859 1919; x_wconf 80' lang='lat' dir='ltr'>vestigium</span> <span class='ocrx_word' id='word_1_510' title='bbox 1874 1887 2031 1911; x_wconf 88' lang='lat' dir='ltr'>invenimus.</span> <span class='ocrx_word' id='word_1_511' title='bbox 2048 1888 2163 1912; x_wconf 83' lang='lat' dir='ltr'>Ultimus</span> <span class='ocrx_word' id='word_1_512' title='bbox 2178 1891 2238 1912; x_wconf 84' lang='lat' dir='ltr'>ante</span> <span class='ocrx_word' id='word_1_513' title='bbox 2252 1888 2320 1911; x_wconf 83' lang='lat' dir='ltr'>hanc</span> 
     </span>
     <span class='ocr_line' id='line_1_31' title="bbox 451 1932 2318 1965; baseline 0.001 -10"><span class='ocrx_word' id='word_1_514' title='bbox 451 1934 634 1963; x_wconf 84' lang='lat' dir='ltr'>tempestatem</span> <span class='ocrx_word' id='word_1_515' title='bbox 658 1932 766 1956; x_wconf 79' lang='lat' dir='ltr'>affertur</span> <span class='ocrx_word' id='word_1_516' title='bbox 788 1933 919 1956; x_wconf 87' lang='lat' dir='ltr'>Johannes</span> <span class='ocrx_word' id='word_1_517' title='bbox 940 1933 1089 1964; x_wconf 65' lang='lat' dir='ltr'>Ponhymii,</span> <span class='ocrx_word' id='word_1_518' title='bbox 1106 1933 1170 1957; x_wconf 91' lang='lat' dir='ltr'>Ord.</span> <span class='ocrx_word' id='word_1_519' title='bbox 1195 1933 1267 1962; x_wconf 62' lang='lat' dir='ltr'>Min.y</span> <span class='ocrx_word' id='word_1_520' title='bbox 1289 1934 1334 1965; x_wconf 91' lang='lat' dir='ltr'>qui</span> <span class='ocrx_word' id='word_1_521' title='bbox 1357 1933 1390 1956; x_wconf 89' lang='lat' dir='ltr'>ab</span> <span class='ocrx_word' id='word_1_522' title='bbox 1411 1934 1519 1957; x_wconf 85' lang='lat' dir='ltr'>Urbano</span> <span class='ocrx_word' id='word_1_523' title='bbox 1534 1934 1555 1957; x_wconf 88' lang='lat' dir='ltr'>V</span> <span class='ocrx_word' id='word_1_524' title='bbox 1570 1942 1613 1957; x_wconf 86' lang='lat' dir='ltr'>an.</span> <span class='ocrx_word' id='word_1_525' title='bbox 1633 1933 1703 1962; x_wconf 87' lang='lat'><strong>1366,</strong></span> <span class='ocrx_word' id='word_1_526' title='bbox 1718 1933 1810 1956; x_wconf 91' lang='lat' dir='ltr'>Octob.</span> <span class='ocrx_word' id='word_1_527' title='bbox 1827 1933 1864 1961; x_wconf 76' lang='lat'>26,</span> <span class='ocrx_word' id='word_1_528' title='bbox 1882 1932 2031 1956; x_wconf 81' lang='lat' dir='ltr'>nominatus</span> <span class='ocrx_word' id='word_1_529' title='bbox 2049 1936 2089 1956; x_wconf 87' lang='lat' dir='ltr'>est</span> <span class='ocrx_word' id='word_1_530' title='bbox 2103 1932 2318 1964; x_wconf 80' lang='lat' dir='ltr'>archiepiscopus</span> 
     </span>
    </p>
   </div>
   <div class='ocr_carea' id='block_1_12' title="bbox 452 1977 2358 2009">
    <p class='ocr_par' dir='ltr' id='par_1_12' title="bbox 452 1977 2358 2009">
     <span class='ocr_line' id='line_1_32' title="bbox 452 1977 2358 2009; baseline 0.002 -10"><span class='ocrx_word' id='word_1_531' title='bbox 452 1977 590 1999; x_wconf 87' lang='lat' dir='ltr'>Tarsensis</span> <span class='ocrx_word' id='word_1_532' title='bbox 604 1977 689 2006; x_wconf 70' lang='lat' dir='ltr'>(Arch.</span> <span class='ocrx_word' id='word_1_533' title='bbox 701 1978 769 2006; x_wconf 63' lang='lat' dir='ltr'>Yat..</span> <span class='ocrx_word' id='word_1_534' title='bbox 782 1978 859 2001; x_wconf 84' lang='lat' dir='ltr'>lustr.</span> <span class='ocrx_word' id='word_1_535' title='bbox 874 1978 983 2001; x_wconf 82' lang='lat' dir='ltr'>miscell.</span> <span class='ocrx_word' id='word_1_536' title='bbox 998 1986 1040 2000; x_wconf 81' lang='lat' dir='ltr'>an.</span> <span class='ocrx_word' id='word_1_537' title='bbox 1053 1978 1132 2008; x_wconf 86' lang='lat'><strong>1366).</strong></span> <span class='ocrx_word' id='word_1_538' title='bbox 1149 1979 1177 2001; x_wconf 90' lang='lat' dir='ltr'>In</span> <span class='ocrx_word' id='word_1_539' title='bbox 1195 1978 1264 2001; x_wconf 89' lang='lat' dir='ltr'>Bihl.</span> <span class='ocrx_word' id='word_1_540' title='bbox 1278 1982 1331 2003; x_wconf 84' lang='lat' dir='ltr'>nat.</span> <span class='ocrx_word' id='word_1_541' title='bbox 1349 1987 1397 2001; x_wconf 90' lang='lat' dir='ltr'>ms.</span> <span class='ocrx_word' id='word_1_542' title='bbox 1412 1978 1430 2001; x_wconf 91' lang='lat' dir='ltr'>l.</span> <span class='ocrx_word' id='word_1_543' title='bbox 1443 1979 1503 2001; x_wconf 85' lang='lat'>5958</span> <span class='ocrx_word' id='word_1_544' title='bbox 1520 1979 1632 2008; x_wconf 78' lang='lat' dir='ltr'>(Chron.</span> <span class='ocrx_word' id='word_1_545' title='bbox 1644 1979 1683 2002; x_wconf 82' lang='lat' dir='ltr'>du</span> <span class='ocrx_word' id='word_1_546' title='bbox 1697 1978 1770 2008; x_wconf 70' lang='lat' dir='ltr'>rel.)y</span> <span class='ocrx_word' id='word_1_547' title='bbox 1787 1977 1832 2000; x_wconf 80' lang='lat' dir='ltr'>sol.</span> <span class='ocrx_word' id='word_1_548' title='bbox 1849 1977 1902 2005; x_wconf 71' lang='lat'><strong>110,</strong></span> <span class='ocrx_word' id='word_1_549' title='bbox 1918 1977 2016 2008; x_wconf 85' lang='lat' dir='ltr'>legitur</span> <span class='ocrx_word' id='word_1_550' title='bbox 2030 1980 2136 2000; x_wconf 88' lang='lat' dir='ltr'>econtra</span> <span class='ocrx_word' id='word_1_551' title='bbox 2152 1986 2158 2001; x_wconf 87' lang='lat'>:</span> <span class='ocrx_word' id='word_1_552' title='bbox 2171 1988 2184 1999; x_wconf 87' lang='lat'>«</span> <span class='ocrx_word' id='word_1_553' title='bbox 2194 1979 2285 2002; x_wconf 69' lang='lat' dir='ltr'>tarso—n</span> <span class='ocrx_word' id='word_1_554' title='bbox 2294 1987 2317 2002; x_wconf 71' lang='lat'>”-</span> <span class='ocrx_word' id='word_1_555' title='bbox 2354 2006 2358 2009; x_wconf 40' lang='grc'><strong><em>1</em></strong></span> 
     </span>
    </p>
   </div>
   <div class='ocr_carea' id='block_1_13' title="bbox 452 2020 2318 2187">
    <p class='ocr_par' dir='ltr' id='par_1_13' title="bbox 452 2020 2318 2187">
     <span class='ocr_line' id='line_1_33' title="bbox 453 2020 2318 2054; baseline 0.002 -11"><span class='ocrx_word' id='word_1_556' title='bbox 453 2020 526 2043; x_wconf 89' lang='lat' dir='ltr'>Certe</span> <span class='ocrx_word' id='word_1_557' title='bbox 543 2021 656 2052; x_wconf 85' lang='lat' dir='ltr'>scriptor</span> <span class='ocrx_word' id='word_1_558' title='bbox 671 2021 708 2044; x_wconf 89' lang='lat' dir='ltr'>sic</span> <span class='ocrx_word' id='word_1_559' title='bbox 723 2022 788 2053; x_wconf 84' lang='lat' dir='ltr'>legit</span> <span class='ocrx_word' id='word_1_560' title='bbox 803 2022 860 2045; x_wconf 91' lang='lat' dir='ltr'>loco</span> <span class='ocrx_word' id='word_1_561' title='bbox 872 2032 884 2043; x_wconf 75' lang='grc' dir='ltr'>α</span> <span class='ocrx_word' id='word_1_562' title='bbox 900 2022 1000 2045; x_wconf 64' lang='lat' dir='ltr'>narbffi</span> <span class='ocrx_word' id='word_1_563' title='bbox 1010 2033 1031 2049; x_wconf 76' lang='grc' dir='ltr'>υ,</span> <span class='ocrx_word' id='word_1_564' title='bbox 1043 2031 1105 2045; x_wconf 84' lang='lat' dir='ltr'>voce</span> <span class='ocrx_word' id='word_1_565' title='bbox 1118 2024 1229 2046; x_wconf 82' lang='lat' dir='ltr'>sortasse</span> <span class='ocrx_word' id='word_1_566' title='bbox 1243 2022 1342 2045; x_wconf 82' lang='lat' dir='ltr'>difficili</span> <span class='ocrx_word' id='word_1_567' title='bbox 1358 2023 1426 2046; x_wconf 89' lang='lat' dir='ltr'>lectu</span> <span class='ocrx_word' id='word_1_568' title='bbox 1439 2022 1466 2045; x_wconf 85' lang='lat' dir='ltr'>in</span> <span class='ocrx_word' id='word_1_569' title='bbox 1481 2023 1633 2054; x_wconf 84' lang='lat' dir='ltr'>archetypo,</span> <span class='ocrx_word' id='word_1_570' title='bbox 1646 2022 1690 2045; x_wconf 77' lang='lat' dir='ltr'>vix</span> <span class='ocrx_word' id='word_1_571' title='bbox 1704 2031 1715 2044; x_wconf 75' lang='lat' dir='ltr'>a</span> <span class='ocrx_word' id='word_1_572' title='bbox 1727 2022 1827 2045; x_wconf 84' lang='lat' dir='ltr'>tirason</span> <span class='ocrx_word' id='word_1_573' title='bbox 1841 2030 1861 2049; x_wconf 68' lang='grc'>1,</span> <span class='ocrx_word' id='word_1_574' title='bbox 1874 2029 1934 2044; x_wconf 85' lang='lat' dir='ltr'>nam</span> <span class='ocrx_word' id='word_1_575' title='bbox 1948 2021 2069 2053; x_wconf 78' lang='lat' dir='ltr'>quumvis</span> <span class='ocrx_word' id='word_1_576' title='bbox 2083 2022 2108 2045; x_wconf 82' lang='lat' dir='ltr'>in</span> <span class='ocrx_word' id='word_1_577' title='bbox 2123 2022 2196 2046; x_wconf 80' lang='lat' dir='ltr'>Intr.</span> <span class='ocrx_word' id='word_1_578' title='bbox 2212 2025 2237 2047; x_wconf 71' lang='lat' dir='ltr'>et</span> <span class='ocrx_word' id='word_1_579' title='bbox 2252 2022 2318 2047; x_wconf 62' lang='lat' dir='ltr'>exit.</span> 
     </span>
     <span class='ocr_line' id='line_1_34' title="bbox 452 2060 2317 2098; baseline 0.001 -10"><span class='ocrx_word' id='word_1_580' title='bbox 452 2065 586 2088; x_wconf 88' lang='lat' dir='ltr'>mensibus</span> <span class='ocrx_word' id='word_1_581' title='bbox 598 2066 765 2089; x_wconf 85' lang='lat' dir='ltr'>Martii-Julii</span> <span class='ocrx_word' id='word_1_582' title='bbox 782 2075 860 2097; x_wconf 87' lang='lat' dir='ltr'>saepe</span> <span class='ocrx_word' id='word_1_583' title='bbox 872 2067 903 2089; x_wconf 84' lang='lat' dir='ltr'>dc</span> <span class='ocrx_word' id='word_1_584' title='bbox 918 2066 968 2090; x_wconf 75' lang='lat' dir='ltr'>ista</span> <span class='ocrx_word' id='word_1_585' title='bbox 983 2060 1113 2098; x_wconf 87' lang='lat' dir='ltr'>legatione</span> <span class='ocrx_word' id='word_1_586' title='bbox 1126 2071 1221 2098; x_wconf 85' lang='lat' dir='ltr'>agatur</span> <span class='ocrx_word' id='word_1_587' title='bbox 1237 2067 1299 2097; x_wconf 86' lang='lat' dir='ltr'>(vid.</span> <span class='ocrx_word' id='word_1_588' title='bbox 1311 2067 1380 2090; x_wconf 78' lang='lat' dir='ltr'>infra</span> <span class='ocrx_word' id='word_1_589' title='bbox 1392 2068 1549 2097; x_wconf 81' lang='lat' dir='ltr'>Addenda)‚</span> <span class='ocrx_word' id='word_1_590' title='bbox 1566 2075 1701 2098; x_wconf 82' lang='lat' dir='ltr'>nunquam</span> <span class='ocrx_word' id='word_1_591' title='bbox 1710 2070 1798 2090; x_wconf 85' lang='lat' dir='ltr'>tamen</span> <span class='ocrx_word' id='word_1_592' title='bbox 1813 2066 1932 2098; x_wconf 88' lang='lat' dir='ltr'>episcopi</span> <span class='ocrx_word' id='word_1_593' title='bbox 1943 2066 2120 2095; x_wconf 63' lang='lat' dir='ltr'>Tirasonens„</span> <span class='ocrx_word' id='word_1_594' title='bbox 2135 2075 2181 2090; x_wconf 87' lang='lat' dir='ltr'>nec</span> <span class='ocrx_word' id='word_1_595' title='bbox 2194 2067 2317 2091; x_wconf 79' lang='lat' dir='ltr'>Tarsens.</span> 
     </span>
     <span class='ocr_line' id='line_1_35' title="bbox 454 2110 2318 2143; baseline 0.001 -11"><span class='ocrx_word' id='word_1_596' title='bbox 454 2110 549 2132; x_wconf 81' lang='lat' dir='ltr'>mentio</span> <span class='ocrx_word' id='word_1_597' title='bbox 562 2110 599 2133; x_wconf 86' lang='lat' dir='ltr'>fit.</span> <span class='ocrx_word' id='word_1_598' title='bbox 615 2124 642 2127; x_wconf 97' lang='lat'><strong>—</strong></span> <span class='ocrx_word' id='word_1_599' title='bbox 654 2111 677 2134; x_wconf 78' lang='lat'>¹2.</span> <span class='ocrx_word' id='word_1_600' title='bbox 694 2111 804 2134; x_wconf 73' lang='lat' dir='ltr'>Juvenal</span> <span class='ocrx_word' id='word_1_601' title='bbox 820 2111 864 2134; x_wconf 86' lang='lat' dir='ltr'>des</span> <span class='ocrx_word' id='word_1_602' title='bbox 881 2111 974 2134; x_wconf 75' lang='lat' dir='ltr'>Ursins</span> <span class='ocrx_word' id='word_1_603' title='bbox 992 2112 1070 2141; x_wconf 80' lang='lat' dir='ltr'>(Hist.</span> <span class='ocrx_word' id='word_1_604' title='bbox 1085 2113 1117 2135; x_wconf 83' lang='lat' dir='ltr'>de</span> <span class='ocrx_word' id='word_1_605' title='bbox 1132 2112 1244 2136; x_wconf 81' lang='lat' dir='ltr'>Charles</span> <span class='ocrx_word' id='word_1_606' title='bbox 1261 2111 1306 2141; x_wconf 78' lang='lat' dir='ltr'>VI,</span> <span class='ocrx_word' id='word_1_607' title='bbox 1323 2112 1364 2135; x_wconf 86' lang='lat' dir='ltr'>ed.</span> <span class='ocrx_word' id='word_1_608' title='bbox 1376 2112 1516 2143; x_wconf 77' lang='lat' dir='ltr'>Godesroy,</span> <span class='ocrx_word' id='word_1_609' title='bbox 1530 2120 1557 2143; x_wconf 92' lang='lat' dir='ltr'>p.</span> <span class='ocrx_word' id='word_1_610' title='bbox 1574 2112 1628 2142; x_wconf 82' lang='lat'><strong>105)</strong></span> <span class='ocrx_word' id='word_1_611' title='bbox 1643 2111 1780 2143; x_wconf 86' lang='lat' dir='ltr'>adjungit:</span> <span class='ocrx_word' id='word_1_612' title='bbox 1794 2121 1806 2132; x_wconf 73' lang='grc' dir='ltr'>(ι</span> <span class='ocrx_word' id='word_1_613' title='bbox 1818 2114 1843 2134; x_wconf 89' lang='lat' dir='ltr'>et</span> <span class='ocrx_word' id='word_1_614' title='bbox 1857 2110 2044 2142; x_wconf 82' lang='lat' dir='ltr'>specialement</span> <span class='ocrx_word' id='word_1_615' title='bbox 2061 2110 2196 2143; x_wconf 76' lang='lat' dir='ltr'>(clement)</span> <span class='ocrx_word' id='word_1_616' title='bbox 2209 2111 2239 2134; x_wconf 83' lang='lat' dir='ltr'>fit</span> <span class='ocrx_word' id='word_1_617' title='bbox 2253 2111 2318 2134; x_wconf 75' lang='lat' dir='ltr'>faire</span> 
     </span>
     <span class='ocr_line' id='line_1_36' title="bbox 453 2154 2316 2187; baseline 0.002 -11"><span class='ocrx_word' id='word_1_618' title='bbox 453 2162 487 2176; x_wconf 91' lang='lat' dir='ltr'>un</span> <span class='ocrx_word' id='word_1_619' title='bbox 500 2154 594 2185; x_wconf 83' lang='lat' dir='ltr'>plaisir</span> <span class='ocrx_word' id='word_1_620' title='bbox 610 2163 642 2177; x_wconf 82' lang='lat' dir='ltr'>au</span> <span class='ocrx_word' id='word_1_621' title='bbox 658 2154 707 2178; x_wconf 90' lang='lat' dir='ltr'>duc</span> <span class='ocrx_word' id='word_1_622' title='bbox 720 2155 751 2178; x_wconf 88' lang='lat' dir='ltr'>de</span> <span class='ocrx_word' id='word_1_623' title='bbox 766 2155 856 2186; x_wconf 71' lang='lat' dir='ltr'>Bel-ry,</span> <span class='ocrx_word' id='word_1_624' title='bbox 868 2156 1001 2179; x_wconf 85' lang='lat' dir='ltr'>tellement</span> <span class='ocrx_word' id='word_1_625' title='bbox 1012 2164 1061 2187; x_wconf 85' lang='lat' dir='ltr'>que</span> <span class='ocrx_word' id='word_1_626' title='bbox 1077 2157 1122 2187; x_wconf 87' lang='lat' dir='ltr'>luy</span> <span class='ocrx_word' id='word_1_627' title='bbox 1135 2160 1160 2179; x_wconf 87' lang='lat' dir='ltr'>et</span> <span class='ocrx_word' id='word_1_628' title='bbox 1175 2157 1198 2180; x_wconf 91' lang='lat' dir='ltr'>le</span> <span class='ocrx_word' id='word_1_629' title='bbox 1213 2156 1332 2179; x_wconf 89' lang='lat' dir='ltr'>cardinal</span> <span class='ocrx_word' id='word_1_630' title='bbox 1348 2164 1375 2179; x_wconf 85' lang='lat' dir='ltr'>se</span> <span class='ocrx_word' id='word_1_631' title='bbox 1385 2155 1529 2187; x_wconf 84' lang='lat' dir='ltr'>joignirent</span> <span class='ocrx_word' id='word_1_632' title='bbox 1540 2155 1672 2179; x_wconf 83' lang='lat' dir='ltr'>ensemble</span> <span class='ocrx_word' id='word_1_633' title='bbox 1682 2159 1707 2179; x_wconf 89' lang='lat' dir='ltr'>et</span> <span class='ocrx_word' id='word_1_634' title='bbox 1720 2158 1885 2179; x_wconf 75' lang='lat' dir='ltr'>menacerent</span> <span class='ocrx_word' id='word_1_635' title='bbox 1896 2156 1946 2178; x_wconf 78' lang='lat' dir='ltr'>fort</span> <span class='ocrx_word' id='word_1_636' title='bbox 1957 2163 2055 2178; x_wconf 85' lang='lat' dir='ltr'>aucuns</span> <span class='ocrx_word' id='word_1_637' title='bbox 2071 2155 2102 2178; x_wconf 90' lang='lat' dir='ltr'>de</span> <span class='ocrx_word' id='word_1_638' title='bbox 2112 2155 2280 2179; x_wconf 74' lang='lat' dir='ltr'>l&#39;Universite&#39;</span> <span class='ocrx_word' id='word_1_639' title='bbox 2292 2164 2316 2179; x_wconf 72' lang='lat'>»-</span> 
     </span>
    </p>
   </div>
   <div class='ocr_carea' id='block_1_14' title="bbox 457 2315 2316 2510">
    <p class='ocr_par' dir='ltr' id='par_1_14' title="bbox 457 2315 2316 2510">
     <span class='ocr_line' id='line_1_37' title="bbox 457 2315 2315 2362; baseline 0 -12"><span class='ocrx_word' id='word_1_640' title='bbox 457 2315 596 2352; x_wconf 80' lang='grc'><strong>1682.</strong></span> <span class='ocrx_word' id='word_1_641' title='bbox 620 2326 734 2351; x_wconf 71' lang='lat' dir='ltr'>Hector*</span> <span class='ocrx_word' id='word_1_642' title='bbox 752 2329 779 2351; x_wconf 83' lang='lat' dir='ltr'>et</span> <span class='ocrx_word' id='word_1_643' title='bbox 794 2326 926 2362; x_wconf 75' lang='lat' dir='ltr'>deputati</span> <span class='ocrx_word' id='word_1_644' title='bbox 946 2327 1153 2361; x_wconf 78' lang='lat' dir='ltr'>Universitatis‚</span> <span class='ocrx_word' id='word_1_645' title='bbox 1171 2327 1282 2353; x_wconf 80' lang='lat' dir='ltr'>auditis</span> <span class='ocrx_word' id='word_1_646' title='bbox 1303 2327 1388 2353; x_wconf 82' lang='lat' dir='ltr'>malis</span> <span class='ocrx_word' id='word_1_647' title='bbox 1408 2327 1521 2353; x_wconf 81' lang='lat' dir='ltr'>artibus</span> <span class='ocrx_word' id='word_1_648' title='bbox 1543 2326 1733 2361; x_wconf 73' lang='lat' dir='ltr'>familiarium</span> <span class='ocrx_word' id='word_1_649' title='bbox 1746 2334 1853 2362; x_wconf 82' lang='lat' dir='ltr'>papae,</span> <span class='ocrx_word' id='word_1_650' title='bbox 1871 2326 1920 2361; x_wconf 80' lang='lat' dir='ltr'>qui</span> <span class='ocrx_word' id='word_1_651' title='bbox 1943 2325 2022 2351; x_wconf 80' lang='lat' dir='ltr'>Petri</span> <span class='ocrx_word' id='word_1_652' title='bbox 2040 2324 2076 2350; x_wconf 87' lang='lat' dir='ltr'>de</span> <span class='ocrx_word' id='word_1_653' title='bbox 2095 2325 2176 2350; x_wconf 79' lang='lat' dir='ltr'>Luna</span> <span class='ocrx_word' id='word_1_654' title='bbox 2196 2324 2315 2351; x_wconf 88' lang='lat' dir='ltr'>consilio</span> 
     </span>
     <span class='ocr_line' id='line_1_38' title="bbox 542 2373 2315 2412; baseline 0.001 -14"><span class='ocrx_word' id='word_1_655' title='bbox 542 2373 702 2408; x_wconf 80' lang='lat' dir='ltr'>utebantur,</span> <span class='ocrx_word' id='word_1_656' title='bbox 717 2375 814 2400; x_wconf 82' lang='lat' dir='ltr'>ducem</span> <span class='ocrx_word' id='word_1_657' title='bbox 829 2376 998 2402; x_wconf 68' lang='lat' dir='ltr'>Bilta-icens.</span> <span class='ocrx_word' id='word_1_658' title='bbox 1014 2376 1156 2411; x_wconf 76' lang='lat' dir='ltr'>adierunt,</span> <span class='ocrx_word' id='word_1_659' title='bbox 1171 2376 1262 2402; x_wconf 84' lang='lat' dir='ltr'>eidem</span> <span class='ocrx_word' id='word_1_660' title='bbox 1270 2380 1463 2412; x_wconf 81' lang='lat' dir='ltr'>proponentes</span> <span class='ocrx_word' id='word_1_661' title='bbox 1473 2377 1536 2412; x_wconf 85' lang='lat' dir='ltr'>jam</span> <span class='ocrx_word' id='word_1_662' title='bbox 1548 2376 1607 2401; x_wconf 67' lang='lat' dir='ltr'>vias</span> <span class='ocrx_word' id='word_1_663' title='bbox 1623 2379 1710 2412; x_wconf 81' lang='lat' dir='ltr'>aptas</span> <span class='ocrx_word' id='word_1_664' title='bbox 1726 2375 1766 2400; x_wconf 85' lang='lat' dir='ltr'>ad</span> <span class='ocrx_word' id='word_1_665' title='bbox 1780 2374 1941 2400; x_wconf 80' lang='lat' dir='ltr'>habendam</span> <span class='ocrx_word' id='word_1_666' title='bbox 1954 2374 2085 2400; x_wconf 85' lang='lat' dir='ltr'>unionem</span> <span class='ocrx_word' id='word_1_667' title='bbox 2100 2377 2231 2410; x_wconf 78' lang='lat' dir='ltr'>repertas</span> <span class='ocrx_word' id='word_1_668' title='bbox 2245 2377 2273 2400; x_wconf 79' lang='lat' dir='ltr'>et</span> <span class='ocrx_word' id='word_1_669' title='bbox 2286 2373 2315 2399; x_wconf 88' lang='lat' dir='ltr'>in</span> 
     </span>
     <span class='ocr_line' id='line_1_39' title="bbox 539 2421 2315 2460; baseline 0.001 -14"><span class='ocrx_word' id='word_1_670' title='bbox 539 2422 655 2457; x_wconf 79' lang='lat' dir='ltr'>scriptis</span> <span class='ocrx_word' id='word_1_671' title='bbox 670 2423 804 2448; x_wconf 79' lang='lat' dir='ltr'>redactas</span> <span class='ocrx_word' id='word_1_672' title='bbox 822 2433 892 2457; x_wconf 74' lang='lat' dir='ltr'>esse,</span> <span class='ocrx_word' id='word_1_673' title='bbox 911 2424 1166 2460; x_wconf 80' lang='lat' dir='ltr'>supplicantesque</span> <span class='ocrx_word' id='word_1_674' title='bbox 1182 2429 1212 2450; x_wconf 83' lang='lat' dir='ltr'>ut</span> <span class='ocrx_word' id='word_1_675' title='bbox 1227 2426 1269 2451; x_wconf 86' lang='lat' dir='ltr'>eis</span> <span class='ocrx_word' id='word_1_676' title='bbox 1284 2425 1395 2451; x_wconf 83' lang='lat' dir='ltr'>aditum</span> <span class='ocrx_word' id='word_1_677' title='bbox 1409 2425 1449 2450; x_wconf 81' lang='lat' dir='ltr'>ad</span> <span class='ocrx_word' id='word_1_678' title='bbox 1464 2433 1556 2459; x_wconf 83' lang='lat' dir='ltr'>regem</span> <span class='ocrx_word' id='word_1_679' title='bbox 1571 2425 1746 2460; x_wconf 80' lang='lat' dir='ltr'>impetraret.</span> <span class='ocrx_word' id='word_1_680' title='bbox 1761 2423 1818 2449; x_wconf 86' lang='lat' dir='ltr'>Sed</span> <span class='ocrx_word' id='word_1_681' title='bbox 1832 2423 1892 2449; x_wconf 70' lang='lat' dir='ltr'>duz</span> <span class='ocrx_word' id='word_1_682' title='bbox 1902 2431 1950 2449; x_wconf 86' lang='lat' dir='ltr'>eos</span> <span class='ocrx_word' id='word_1_683' title='bbox 1965 2422 2054 2448; x_wconf 74' lang='lat' dir='ltr'>verbis</span> <span class='ocrx_word' id='word_1_684' title='bbox 2065 2422 2201 2457; x_wconf 79' lang='lat' dir='ltr'>rigorosis</span> <span class='ocrx_word' id='word_1_685' title='bbox 2215 2421 2315 2448; x_wconf 86' lang='lat' dir='ltr'>redar-</span> 
     </span>
     <span class='ocr_line' id='line_1_40' title="bbox 539 2471 2316 2510; baseline 0.002 -15"><span class='ocrx_word' id='word_1_686' title='bbox 539 2471 610 2504; x_wconf 76' lang='lat' dir='ltr'>guit,</span> <span class='ocrx_word' id='word_1_687' title='bbox 623 2479 756 2497; x_wconf 80' lang='lat' dir='ltr'>asserens</span> <span class='ocrx_word' id='word_1_688' title='bbox 767 2481 798 2497; x_wconf 87' lang='lat' dir='ltr'>se</span> <span class='ocrx_word' id='word_1_689' title='bbox 813 2472 992 2498; x_wconf 79' lang='lat' dir='ltr'>audientiam</span> <span class='ocrx_word' id='word_1_690' title='bbox 1008 2473 1225 2509; x_wconf 76' lang='lat' dir='ltr'>impediturum:</span> <span class='ocrx_word' id='word_1_691' title='bbox 1239 2474 1296 2499; x_wconf 84' lang='lat' dir='ltr'>nisi</span> <span class='ocrx_word' id='word_1_692' title='bbox 1311 2474 1522 2510; x_wconf 79' lang='lat' dir='ltr'>resipiscerent,</span> <span class='ocrx_word' id='word_1_693' title='bbox 1536 2473 1719 2499; x_wconf 85' lang='lat' dir='ltr'>consiliarios</span> <span class='ocrx_word' id='word_1_694' title='bbox 1726 2471 1906 2509; x_wconf 77' lang='lat' dir='ltr'>principales</span> <span class='ocrx_word' id='word_1_695' title='bbox 1918 2471 2002 2507; x_wconf 83' lang='lat' dir='ltr'>hujus</span> <span class='ocrx_word' id='word_1_696' title='bbox 2018 2471 2188 2497; x_wconf 79' lang='lat' dir='ltr'>temeritatis</span> <span class='ocrx_word' id='word_1_697' title='bbox 2203 2473 2316 2506; x_wconf 66' lang='lat' dir='ltr'>faceret</span> 
     </span>
    </p>
   </div>
   <div class='ocr_carea' id='block_1_15' title="bbox 539 2518 689 2554">
    <p class='ocr_par' dir='ltr' id='par_1_15' title="bbox 539 2518 689 2554">
     <span class='ocr_line' id='line_1_41' title="bbox 539 2518 689 2554; baseline 0.02 -11"><span class='ocrx_word' id='word_1_698' title='bbox 539 2518 689 2554; x_wconf 80' lang='lat' dir='ltr'>submergi.</span> 
     </span>
    </p>
   </div>
   <div class='ocr_carea' id='block_1_16' title="bbox 1603 2556 2027 2587">
    <p class='ocr_par' dir='ltr' id='par_1_16' title="bbox 1603 2556 2027 2587">
     <span class='ocr_line' id='line_1_42' title="bbox 1603 2556 2027 2587; baseline -0.002 -4"><span class='ocrx_word' id='word_1_699' title='bbox 1603 2557 1678 2587; x_wconf 75' lang='lat'><strong><em>1394,</em></strong></span> <span class='ocrx_word' id='word_1_700' title='bbox 1693 2556 1860 2583; x_wconf 71' lang='lat' dir='ltr'>Martii-Junii</span> <span class='ocrx_word' id='word_1_701' title='bbox 1873 2557 1896 2586; x_wconf 82' lang='grc' dir='ltr'>θ,</span> <span class='ocrx_word' id='word_1_702' title='bbox 1912 2556 2027 2583; x_wconf 73' lang='lat' dir='ltr'>Parisiis.</span> 
     </span>
    </p>
   </div>
   <div class='ocr_carea' id='block_1_17' title="bbox 448 2642 2314 2943">
    <p class='ocr_par' dir='ltr' id='par_1_17' title="bbox 448 2642 2314 2894">
     <span class='ocr_line' id='line_1_43' title="bbox 544 2642 2314 2678; baseline 0.001 -13"><span class='ocrx_word' id='word_1_703' title='bbox 544 2642 645 2666; x_wconf 79' lang='lat' dir='ltr'>Chron.</span> <span class='ocrx_word' id='word_1_704' title='bbox 666 2644 706 2666; x_wconf 81' lang='lat' dir='ltr'>du</span> <span class='ocrx_word' id='word_1_705' title='bbox 720 2643 770 2667; x_wconf 82' lang='lat' dir='ltr'>rel.</span> <span class='ocrx_word' id='word_1_706' title='bbox 787 2645 819 2667; x_wconf 77' lang='lat' dir='ltr'>de</span> <span class='ocrx_word' id='word_1_707' title='bbox 833 2644 1029 2675; x_wconf 65' lang='grc' dir='ltr'>δαίηἱ-Βεηῃε,</span> <span class='ocrx_word' id='word_1_708' title='bbox 1046 2646 1078 2674; x_wconf 89' lang='grc'>11,</span> <span class='ocrx_word' id='word_1_709' title='bbox 1095 2647 1148 2670; x_wconf 78' lang='lat'><strong>132.</strong></span> <span class='ocrx_word' id='word_1_710' title='bbox 1164 2647 1213 2669; x_wconf 88' lang='lat' dir='ltr'>Sed</span> <span class='ocrx_word' id='word_1_711' title='bbox 1229 2646 1293 2669; x_wconf 91' lang='lat' dir='ltr'>ibid.</span> <span class='ocrx_word' id='word_1_712' title='bbox 1310 2647 1389 2678; x_wconf 82' lang='lat' dir='ltr'>plura</span> <span class='ocrx_word' id='word_1_713' title='bbox 1405 2646 1517 2669; x_wconf 87' lang='lat' dir='ltr'>diversis</span> <span class='ocrx_word' id='word_1_714' title='bbox 1535 2645 1698 2676; x_wconf 85' lang='lat' dir='ltr'>temporibus</span> <span class='ocrx_word' id='word_1_715' title='bbox 1715 2648 1781 2673; x_wconf 73' lang='lat' dir='ltr'>acta,</span> <span class='ocrx_word' id='word_1_716' title='bbox 1800 2644 1938 2668; x_wconf 85' lang='lat' dir='ltr'>brevitatis</span> <span class='ocrx_word' id='word_1_717' title='bbox 1955 2644 2050 2675; x_wconf 83' lang='lat' dir='ltr'>gratia,</span> <span class='ocrx_word' id='word_1_718' title='bbox 2068 2644 2095 2667; x_wconf 89' lang='lat' dir='ltr'>in</span> <span class='ocrx_word' id='word_1_719' title='bbox 2113 2651 2194 2667; x_wconf 87' lang='lat' dir='ltr'>unum</span> <span class='ocrx_word' id='word_1_720' title='bbox 2210 2644 2314 2675; x_wconf 82' lang='lat' dir='ltr'>glome—</span> 
     </span>
     <span class='ocr_line' id='line_1_44' title="bbox 448 2687 2312 2722; baseline 0.002 -14"><span class='ocrx_word' id='word_1_721' title='bbox 448 2690 550 2710; x_wconf 88' lang='lat' dir='ltr'>rantur.</span> <span class='ocrx_word' id='word_1_722' title='bbox 569 2687 604 2710; x_wconf 87' lang='lat' dir='ltr'>Ut</span> <span class='ocrx_word' id='word_1_723' title='bbox 619 2695 632 2710; x_wconf 90' lang='lat' dir='ltr'>e</span> <span class='ocrx_word' id='word_1_724' title='bbox 646 2696 672 2718; x_wconf 90' lang='lat' dir='ltr'>p.</span> <span class='ocrx_word' id='word_1_725' title='bbox 690 2688 735 2710; x_wconf 84' lang='grc'>609</span> <span class='ocrx_word' id='word_1_726' title='bbox 750 2692 870 2719; x_wconf 83' lang='lat' dir='ltr'>apparet,</span> <span class='ocrx_word' id='word_1_727' title='bbox 888 2689 1052 2713; x_wconf 73' lang='lat' dir='ltr'>Universitas</span> <span class='ocrx_word' id='word_1_728' title='bbox 1067 2690 1151 2713; x_wconf 84' lang='lat' dir='ltr'>voluit</span> <span class='ocrx_word' id='word_1_729' title='bbox 1166 2699 1254 2714; x_wconf 84' lang='lat' dir='ltr'>coram</span> <span class='ocrx_word' id='word_1_730' title='bbox 1270 2699 1331 2722; x_wconf 86' lang='lat' dir='ltr'>rege</span> <span class='ocrx_word' id='word_1_731' title='bbox 1347 2691 1501 2714; x_wconf 86' lang='lat' dir='ltr'>relationem</span> <span class='ocrx_word' id='word_1_732' title='bbox 1515 2691 1546 2713; x_wconf 82' lang='lat' dir='ltr'>de</span> <span class='ocrx_word' id='word_1_733' title='bbox 1560 2690 1646 2713; x_wconf 82' lang='lat' dir='ltr'>tribus</span> <span class='ocrx_word' id='word_1_734' title='bbox 1662 2689 1712 2712; x_wconf 80' lang='lat' dir='ltr'>viis</span> <span class='ocrx_word' id='word_1_735' title='bbox 1729 2690 1813 2712; x_wconf 82' lang='lat' dir='ltr'>facere</span> <span class='ocrx_word' id='word_1_736' title='bbox 1829 2689 1920 2720; x_wconf 81' lang='lat' dir='ltr'>etjam</span> <span class='ocrx_word' id='word_1_737' title='bbox 1935 2689 2011 2712; x_wconf 85' lang='lat' dir='ltr'>Febr.</span> <span class='ocrx_word' id='word_1_738' title='bbox 2026 2689 2056 2712; x_wconf 83' lang='lat'>26</span> <span class='ocrx_word' id='word_1_739' title='bbox 2070 2689 2210 2720; x_wconf 82' lang='lat' dir='ltr'>deputatos</span> <span class='ocrx_word' id='word_1_740' title='bbox 2223 2687 2312 2719; x_wconf 74' lang='lat' dir='ltr'>elegit.</span> 
     </span>
     <span class='ocr_line' id='line_1_45' title="bbox 450 2730 2312 2766; baseline 0.002 -13"><span class='ocrx_word' id='word_1_741' title='bbox 450 2730 572 2754; x_wconf 90' lang='lat' dir='ltr'>Nondum</span> <span class='ocrx_word' id='word_1_742' title='bbox 594 2731 723 2763; x_wconf 86' lang='lat' dir='ltr'>agebatur</span> <span class='ocrx_word' id='word_1_743' title='bbox 740 2732 771 2755; x_wconf 87' lang='lat' dir='ltr'>de</span> <span class='ocrx_word' id='word_1_744' title='bbox 793 2732 904 2763; x_wconf 81' lang='lat' dir='ltr'>epistola</span> <span class='ocrx_word' id='word_1_745' title='bbox 923 2734 957 2756; x_wconf 80' lang='lat' dir='ltr'>ad</span> <span class='ocrx_word' id='word_1_746' title='bbox 977 2742 1064 2764; x_wconf 85' lang='lat' dir='ltr'>regem</span> <span class='ocrx_word' id='word_1_747' title='bbox 1081 2735 1188 2764; x_wconf 83' lang='lat' dir='ltr'>directa,</span> <span class='ocrx_word' id='word_1_748' title='bbox 1205 2744 1271 2766; x_wconf 89' lang='lat' dir='ltr'>quae</span> <span class='ocrx_word' id='word_1_749' title='bbox 1287 2731 1363 2759; x_wconf 71' lang='lat' dir='ltr'>‘Junii</span> <span class='ocrx_word' id='word_1_750' title='bbox 1378 2736 1393 2758; x_wconf 87' lang='lat'><strong>6</strong></span> <span class='ocrx_word' id='word_1_751' title='bbox 1407 2738 1509 2758; x_wconf 90' lang='lat' dir='ltr'>tantum</span> <span class='ocrx_word' id='word_1_752' title='bbox 1524 2735 1586 2758; x_wconf 84' lang='lat' dir='ltr'>data</span> <span class='ocrx_word' id='word_1_753' title='bbox 1599 2737 1648 2757; x_wconf 79' lang='lat' dir='ltr'>est.</span> <span class='ocrx_word' id='word_1_754' title='bbox 1667 2734 1817 2765; x_wconf 84' lang='lat' dir='ltr'>Proponens</span> <span class='ocrx_word' id='word_1_755' title='bbox 1837 2733 2016 2757; x_wconf 86' lang='lat' dir='ltr'>verisimiliter</span> <span class='ocrx_word' id='word_1_756' title='bbox 2032 2733 2163 2756; x_wconf 85' lang='lat' dir='ltr'>Schedula</span> <span class='ocrx_word' id='word_1_757' title='bbox 2179 2732 2312 2756; x_wconf 83' lang='lat' dir='ltr'>communi</span> 
     </span>
     <span class='ocr_line' id='line_1_46' title="bbox 451 2775 2310 2811; baseline 0.002 -14"><span class='ocrx_word' id='word_1_758' title='bbox 451 2775 489 2798; x_wconf 91' lang='lat' dir='ltr'>uti</span> <span class='ocrx_word' id='word_1_759' title='bbox 504 2775 597 2804; x_wconf 83' lang='lat' dir='ltr'>voluit,</span> <span class='ocrx_word' id='word_1_760' title='bbox 614 2779 639 2798; x_wconf 87' lang='lat' dir='ltr'>et</span> <span class='ocrx_word' id='word_1_761' title='bbox 654 2776 818 2800; x_wconf 83' lang='lat' dir='ltr'>solummodo</span> <span class='ocrx_word' id='word_1_762' title='bbox 835 2777 946 2801; x_wconf 79' lang='lat' dir='ltr'>diversis</span> <span class='ocrx_word' id='word_1_763' title='bbox 966 2779 1079 2809; x_wconf 87' lang='lat' dir='ltr'>repulsis</span> <span class='ocrx_word' id='word_1_764' title='bbox 1095 2780 1207 2810; x_wconf 82' lang='lat' dir='ltr'>receptis</span> <span class='ocrx_word' id='word_1_765' title='bbox 1224 2780 1264 2809; x_wconf 94' lang='lat' dir='ltr'>(de</span> <span class='ocrx_word' id='word_1_766' title='bbox 1280 2779 1376 2811; x_wconf 87' lang='lat' dir='ltr'>quibus</span> <span class='ocrx_word' id='word_1_767' title='bbox 1393 2779 1472 2803; x_wconf 85' lang='lat' dir='ltr'>etiam</span> <span class='ocrx_word' id='word_1_768' title='bbox 1487 2779 1514 2802; x_wconf 87' lang='lat' dir='ltr'>in</span> <span class='ocrx_word' id='word_1_769' title='bbox 1530 2778 1600 2802; x_wconf 85' lang='lat' dir='ltr'>dicta</span> <span class='ocrx_word' id='word_1_770' title='bbox 1615 2778 1737 2810; x_wconf 84' lang='lat' dir='ltr'>epistola,</span> <span class='ocrx_word' id='word_1_771' title='bbox 1754 2778 1799 2800; x_wconf 87' lang='lat' dir='ltr'>ubi</span> <span class='ocrx_word' id='word_1_772' title='bbox 1812 2781 1877 2801; x_wconf 80' lang='lat' dir='ltr'>tecte</span> <span class='ocrx_word' id='word_1_773' title='bbox 1891 2778 1943 2800; x_wconf 89' lang='lat' dir='ltr'>dux</span> <span class='ocrx_word' id='word_1_774' title='bbox 1955 2777 2128 2801; x_wconf 81' lang='lat' dir='ltr'>Bituricensis</span> <span class='ocrx_word' id='word_1_775' title='bbox 2146 2777 2310 2808; x_wconf 79' lang='lat' dir='ltr'>designatur)</span> 
     </span>
     <span class='ocr_line' id='line_1_47' title="bbox 451 2819 2310 2855; baseline 0.002 -14"><span class='ocrx_word' id='word_1_776' title='bbox 451 2819 616 2843; x_wconf 78' lang='lat' dir='ltr'>Universitas</span> <span class='ocrx_word' id='word_1_777' title='bbox 633 2821 762 2843; x_wconf 87' lang='lat' dir='ltr'>conclusit</span> <span class='ocrx_word' id='word_1_778' title='bbox 776 2821 915 2852; x_wconf 87' lang='lat' dir='ltr'>epistolam</span> <span class='ocrx_word' id='word_1_779' title='bbox 931 2830 1094 2853; x_wconf 86' lang='lat' dir='ltr'>componere.</span> <span class='ocrx_word' id='word_1_780' title='bbox 1108 2823 1179 2851; x_wconf 88' lang='lat' dir='ltr'>Quae</span> <span class='ocrx_word' id='word_1_781' title='bbox 1196 2824 1296 2848; x_wconf 69' lang='lat' dir='ltr'>Chron.</span> <span class='ocrx_word' id='word_1_782' title='bbox 1314 2824 1345 2847; x_wconf 90' lang='lat' dir='ltr'>de</span> <span class='ocrx_word' id='word_1_783' title='bbox 1360 2824 1425 2847; x_wconf 88' lang='lat' dir='ltr'>duce</span> <span class='ocrx_word' id='word_1_784' title='bbox 1440 2823 1609 2855; x_wconf 85' lang='lat' dir='ltr'>Burgundiae</span> <span class='ocrx_word' id='word_1_785' title='bbox 1623 2825 1722 2850; x_wconf 84' lang='lat' dir='ltr'>narrat,</span> <span class='ocrx_word' id='word_1_786' title='bbox 1740 2822 1773 2846; x_wconf 90' lang='lat' dir='ltr'>ad</span> <span class='ocrx_word' id='word_1_787' title='bbox 1786 2830 1902 2845; x_wconf 87' lang='lat' dir='ltr'>mensem</span> <span class='ocrx_word' id='word_1_788' title='bbox 1917 2822 1999 2851; x_wconf 84' lang='lat' dir='ltr'>Junii,</span> <span class='ocrx_word' id='word_1_789' title='bbox 2011 2821 2187 2853; x_wconf 82' lang='lat' dir='ltr'>epistolajam</span> <span class='ocrx_word' id='word_1_790' title='bbox 2203 2829 2310 2852; x_wconf 86' lang='lat' dir='ltr'>compo-</span> 
     </span>
     <span class='ocr_line' id='line_1_48' title="bbox 449 2862 666 2894; baseline 0.014 -9"><span class='ocrx_word' id='word_1_791' title='bbox 449 2862 509 2892; x_wconf 83' lang='lat' dir='ltr'>sita,</span> <span class='ocrx_word' id='word_1_792' title='bbox 525 2863 666 2894; x_wconf 86' lang='lat' dir='ltr'>pertinent.</span> 
     </span>
    </p>

    <p class='ocr_par' dir='ltr' id='par_1_18' title="bbox 540 2908 2310 2943">
     <span class='ocr_line' id='line_1_49' title="bbox 540 2908 2310 2943; baseline 0.001 -12"><span class='ocrx_word' id='word_1_793' title='bbox 540 2908 673 2932; x_wconf 73' lang='lat' dir='ltr'>Johannes</span> <span class='ocrx_word' id='word_1_794' title='bbox 687 2909 786 2933; x_wconf 86' lang='lat' dir='ltr'>Gerson</span> <span class='ocrx_word' id='word_1_795' title='bbox 802 2910 892 2933; x_wconf 88' lang='lat' dir='ltr'>eodem</span> <span class='ocrx_word' id='word_1_796' title='bbox 908 2919 984 2939; x_wconf 60' lang='lat' dir='ltr'>annoy</span> <span class='ocrx_word' id='word_1_797' title='bbox 1002 2910 1028 2933; x_wconf 89' lang='lat' dir='ltr'>in</span> <span class='ocrx_word' id='word_1_798' title='bbox 1043 2913 1108 2934; x_wconf 88' lang='lat' dir='ltr'>sesto</span> <span class='ocrx_word' id='word_1_799' title='bbox 1123 2912 1262 2935; x_wconf 83' lang='lat' dir='ltr'>Paschatis</span> <span class='ocrx_word' id='word_1_800' title='bbox 1275 2912 1368 2943; x_wconf 77' lang='lat' dir='ltr'>(April.</span> <span class='ocrx_word' id='word_1_801' title='bbox 1383 2912 1422 2941; x_wconf 81' lang='grc'><strong>’19)</strong></span> <span class='ocrx_word' id='word_1_802' title='bbox 1438 2920 1526 2935; x_wconf 81' lang='lat' dir='ltr'>coram</span> <span class='ocrx_word' id='word_1_803' title='bbox 1538 2911 1704 2943; x_wconf 80' lang='lat' dir='ltr'>principibus</span> <span class='ocrx_word' id='word_1_804' title='bbox 1720 2910 1877 2942; x_wconf 79' lang='lat' dir='ltr'>praedicans</span> <span class='ocrx_word' id='word_1_805' title='bbox 1893 2913 1984 2934; x_wconf 87' lang='lat' dir='ltr'>contra</span> <span class='ocrx_word' id='word_1_806' title='bbox 2000 2910 2060 2934; x_wconf 86' lang='lat' dir='ltr'>illos</span> <span class='ocrx_word' id='word_1_807' title='bbox 2075 2910 2208 2942; x_wconf 83' lang='lat' dir='ltr'>praelatos</span> <span class='ocrx_word' id='word_1_808' title='bbox 2220 2909 2310 2933; x_wconf 82' lang='lat' dir='ltr'>insur-</span> 
     </span>
    </p>
   </div>
  </div>
 </body>
</html>
