2488 3386
466 319 508 352 42
1039 329 1357 351 CHARTULARIUM
1393 328 1584 350 uulvssns.
1622 327 1751 349 PARIS.
2229 314 2329 351 [1356

471 442 492 478 1
503 441 562 477 23
572 442 594 478 1
605 469 612 477 .
640 449 853 484 Concordatum,
879 449 1033 475 secundum
1057 449 1132 485 quod
1161 450 1216 475 duo
1243 450 1369 484 chirurgi
1392 449 1487 484 jurati
1512 449 1540 474 in
1559 447 1719 481 Castellelo,
1749 451 1775 473 et
1799 447 1986 483 praepositus
2009 447 2204 482 chit-argorum
2230 449 2324 475 Paris.

553 498 743 525 licentiandos
759 499 786 524 in
799 498 941 532 facultate
950 498 1103 534 praedicta
1118 507 1270 524 convocare
1283 498 1386 524 debent
1401 497 1441 523 ad
1454 505 1574 523 examen
1589 497 1688 532 eisque
1704 496 1813 522 donare
1828 495 1984 523 licentiam.

1633 586 1705 614 1356,
1720 585 1854 611 Februarii
1863 585 1908 615 25,
1923 585 2038 612 ΡανῘεΙῘε.

551 670 748 710 Johannes,
770 670 835 702 Dei
856 670 975 714 gracia
1001 671 1217 702 Francorum
1242 681 1315 709 rex,
1340 669 1522 702 universis
1544 675 1734 713 presentes
1756 668 1894 701 litteras
1915 668 2137 714 inspecturis
2158 669 2322 702 salutem.

463 737 593 769 Notum
610 736 772 776 facimus,
796 736 892 780 quod
913 736 1007 768 inter
1033 736 1227 780 magistros
1249 737 1391 768 Petrum
1415 735 1610 767 Fromondi
1632 741 1795 767 nostrum
1818 735 2048 780 cyrurgicum
2071 742 2106 768 et
2126 735 2322 769 Robertum

463 802 507 835 de
524 802 712 847 Lingonis,
731 802 1083 846 cirurgicosjuratos
1100 802 1136 833 in
1153 801 1349 834 Castelleto
1367 813 1409 834 ex
1426 813 1495 833 una
1513 807 1624 845 parte,
1643 807 1678 833 et
1694 801 1889 846 magistros
1904 801 2105 834 Johannem
2123 801 2167 834 de
2184 802 2323 842 Trecis,

462 868 684 912 prepositum
715 868 977 912 cirurgicorum
1006 867 1262 900 parisiensium
1295 867 1413 911 quoad
1444 878 1630 912 praesens,
1652 866 1851 900 Johannem
1884 867 1928 900 de
1959 867 2127 913 Pantalye
2157 875 2322 901 nostrum

460 934 692 979 cirurgicum,
721 933 919 967 Johannem
951 933 995 966 de
1026 934 1132 974 Lens,
1166 933 1345 965 Matheum
1374 933 1418 965 de
1450 934 1557 974 Bezu,
1580 934 1724 966 Petrum
1756 933 1800 966 de
1831 934 1932 978 Pysa,
1963 934 2131 979 Egidium
2160 935 2263 967 Parvi
2288 941 2324 968 et

459 1000 630 1033 Jacobum
658 999 844 1038 Jamhaue,
867 1000 1069 1044 cirurgicos
1095 1011 1137 1032 ex
1157 999 1280 1039 altera,
1307 999 1564 1032 concordatum
1586 999 1653 1032 fuit
1672 999 1709 1032 in
1729 1000 1827 1032 curia
1850 1007 1972 1033 nostra
1994 1000 2038 1033 de
2059 1000 2204 1034 licentia
2225 1002 2323 1046 ejus-

460 1066 553 1107 dem,
576 1073 701 1099 vocato
722 1066 765 1098 ad
786 1065 853 1098 hoc
874 1072 1107 1110 procuratore
1133 1072 1258 1098 nostro
1285 1072 1319 1098 et
1343 1066 1615 1107 consenciente,
1643 1073 1750 1111 prout
1775 1066 1811 1098 in
1839 1066 1990 1111 quadam
2018 1067 2145 1100 cedula
2166 1067 2210 1100 ab
2230 1067 2321 1113 ipsis

459 1132 620 1177 partibus
642 1132 857 1164 unanimiter
879 1132 1005 1164 tradita
1025 1132 1242 1172 continetur,
1265 1133 1369 1177 cujus
1390 1138 1495 1165 tenor
1516 1132 1596 1165 talis
1613 1139 1670 1165 est
1691 1144 1698 1165 :

548 1213 562 1229 «
587 1199 654 1231 Sur
675 1210 714 1230 ce
737 1209 805 1242 que
827 1198 973 1230 maistre
994 1198 1116 1230 Pierre
1139 1198 1320 1231 Fromond
1342 1205 1376 1231 et
1396 1198 1544 1232 maistre
1566 1198 1703 1232 Robert
1722 1199 1767 1232 de
1789 1200 1965 1245 Lengres,
1988 1200 2194 1246 cirurgiens
2214 1202 2319 1245 jurez

456 1264 501 1296 du
526 1276 588 1309 roy
613 1270 735 1297 nostre
759 1264 845 1303 sire,
872 1276 917 1296 en
938 1275 1005 1296 son
1025 1262 1210 1297 Chastelet
1230 1264 1274 1297 de
1296 1265 1408 1305 Paris⁷
1437 1272 1587 1298 eussent
1607 1265 1741 1310 plaidie
1761 1266 1959 1311 pardevant
1978 1266 2133 1300 l'official
2154 1267 2198 1300 de
2219 1267 2319 1301 Paris

455 1337 578 1363 contre
615 1330 668 1363 les
706 1330 912 1375 cirurgiens
943 1330 987 1362 de
1020 1330 1150 1364 ladicte
1181 1331 1278 1370 ville,
1315 1338 1350 1364 et
1387 1331 1620 1365 finablement
1652 1334 1670 1365 a
1701 1331 1733 1365 la
1766 1339 1936 1377 requeste
1970 1333 2095 1366 desdis
2125 1334 2318 1379 maistre{s]

455 1397 576 1429 Pierre
602 1403 637 1429 et
665 1396 811 1437 Robert,
839 1396 871 1428 la
897 1408 1004 1429 cause
1035 1403 1090 1429 est
1119 1409 1235 1430 venue
1266 1397 1463 1442 pardevant
1489 1410 1556 1431 nos
1582 1399 1702 1431 sieurs
1728 1399 1772 1432 de
1799 1399 2014 1439 Parlemcnt‚
2042 1411 2105 1432 sur
2128 1412 2169 1433 ce
2195 1412 2265 1445 que
2293 1400 2318 1434 il

454 1462 611 1495 disoient
644 1475 713 1507 que
744 1465 761 1495 a
790 1462 868 1496 euls
904 1463 1024 1496 devoit
1059 1465 1265 1509 appartenir
1292 1463 1468 1497 l'examen
1498 1465 1542 1497 de
1572 1472 1655 1498 tous
1687 1465 1789 1498 ceuls
1817 1466 1878 1511 qui
1909 1466 2071 1499 seroient
2100 1466 2247 1500 licentie
2272 1479 2318 1501 en

453 1529 611 1574 cirurgie
633 1541 677 1561 en
702 1529 831 1562 ladicte
852 1529 951 1570 ville,
973 1536 1007 1562 et
1030 1542 1099 1575 que
1125 1531 1216 1563 ainsi
1245 1530 1325 1563 leur
1351 1531 1446 1564 avoit
1472 1532 1608 1564 octroie
1629 1531 1663 1564 le
1688 1544 1752 1577 roy
1778 1539 1902 1566 nostre
1928 1533 2001 1566 sire
2027 1545 2090 1578 par
2110 1545 2171 1567 ses
2191 1533 2318 1568 lettres

453 1595 606 1628 scellees
631 1607 676 1628 en
696 1595 748 1628 las
771 1595 814 1628 de
836 1607 921 1640 soye
943 1603 978 1629 et
998 1597 1071 1629 cire
1092 1604 1183 1638 vert,
1206 1597 1236 1630 si
1257 1609 1396 1630 comme
1419 1610 1480 1643 par
1497 1597 1623 1631 icelles
1644 1605 1730 1643 peut
1750 1599 1954 1644 apparoir¹;
1978 1599 2091 1633 lesdiz
2111 1600 2317 1646 cirurgiens

453 1661 576 1694 disans
598 1661 631 1694 le
653 1662 846 1699 contraire,
868 1674 937 1707 que
959 1662 991 1695 le
1013 1670 1160 1708 prevost
1187 1663 1311 1696 desdiz
1333 1664 1539 1709 cirurgiens
1561 1665 1622 1710 qui
1644 1677 1707 1710 par
1734 1665 1813 1698 eulz
1835 1672 1890 1699 est
1915 1666 2016 1699 esleu
2038 1673 2073 1699 et
2097 1666 2240 1708 establi,
2262 1666 2317 1701 les

453 1727 527 1760 doit
552 1728 713 1772 appeller
738 1730 756 1761 a
781 1728 954 1761 l'examen
981 1729 1081 1771 faire,
1109 1737 1144 1763 et
1171 1730 1196 1762 il
1222 1730 1370 1764 doivent
1399 1731 1541 1764 donner
1569 1731 1601 1764 la
1629 1731 1768 1765 licence
1796 1738 1831 1765 et
1857 1733 1989 1777 congie
2014 1745 2081 1766 aux
2109 1733 2316 1778 cirurgiens

452 1793 658 1836 souffisanz,
680 1794 711 1827 si
732 1807 869 1827 comme
891 1795 915 1827 il
936 1803 1062 1840 appert
1082 1808 1144 1841 par
1165 1796 1349 1841 plusieurs
1375 1797 1574 1843 privileges
1602 1810 1735 1843 royaux
1761 1798 1806 1832 de
1831 1799 1946 1832 sainct
1972 1785 2079 1844 Loys,
2106 1806 2141 1832 et
2166 1800 2212 1833 de
2236 1799 2317 1845 plu-

451 1860 569 1893 sieurs
591 1872 673 1905 roys
694 1861 754 1905 qui
776 1861 904 1906 depuis
926 1868 987 1894 ont
1008 1866 1083 1895 estc
1107 1874 1113 1895 ι
1136 1863 1166 1896 si
1189 1863 1295 1907 plaist
1315 1866 1332 1896 a
1353 1863 1385 1896 la
1402 1864 1500 1896 Cour
1521 1871 1556 1897 et
1575 1876 1618 1897 au
1641 1877 1842 1909 procureur
1858 1865 1905 1898 du
1927 1877 1991 1911 roy
2007 1872 2131 1899 nostre
2153 1866 2239 1908 sire,
2261 1866 2316 1900 les

450 1926 583 1971 parties
605 1933 687 1959 sont
707 1927 798 1960 ainsi
819 1929 837 1960 a
857 1934 987 1969 accort,
1010 1941 1079 1973 que
1104 1928 1156 1962 les
1179 1931 1282 1974 jurez
1311 1930 1358 1963 du
1386 1930 1582 1972 Chastelet‚
1613 1931 1687 1964 l'un
1716 1943 1763 1964 ou
1784 1931 1838 1965 les
1860 1931 1954 1965 deux
1979 1932 2086 1965 d’une
2112 1939 2202 1977 part,
2224 1939 2260 1965 et
2281 1932 2315 1966 le

450 1999 594 2037 prevost
621 1993 685 2025 des
711 1993 914 2038 cirurgiens
936 1994 1072 2028 d'autre
1094 2003 1183 2040 part,
1207 1997 1268 2041 qui
1295 2003 1348 2029 est
1370 1999 1387 2029 ii
1409 2001 1570 2042 present⁷
1593 2010 1639 2030 ou
1661 1998 1722 2043 qui
1748 2010 1841 2043 pour
1862 1997 1895 2031 le
1916 2005 2032 2043 temps
2054 2001 2072 2031 a
2091 1999 2196 2032 venir
2220 2010 2313 2040 sera,

449 2058 675 2103 appelleront
696 2059 750 2092 les
774 2060 978 2105 cirurgiens
999 2061 1164 2095 licentiez
1186 2075 1229 2095 en
1257 2063 1365 2096 ladite
1386 2064 1517 2097 saculte
1538 2066 1556 2097 a
1576 2064 1766 2106 l’examen,
1789 2071 1824 2098 et
1848 2076 1939 2098 ceux
1959 2065 2020 2110 qui
2042 2072 2168 2098 seront
2187 2069 2314 2099 trouve

449 2125 671 2166 sousfisants‚
692 2125 804 2158 lesdiz
820 2127 922 2171 jurez
944 2134 979 2160 et
999 2135 1145 2172 prevost
1165 2129 1245 2162 leur
1266 2129 1445 2163 donrront
1465 2131 1596 2176 congie
1618 2138 1653 2164 et
1668 2131 1845 2172 licence²;
1869 2138 1904 2164 et
1924 2131 2038 2164 lesdiz
2053 2133 2158 2176 jures
2178 2138 2214 2165 et
2232 2143 2314 2177 pre-

448 2198 528 2224 vost
555 2198 658 2224 aront
685 2193 811 2236 povoir
837 2193 881 2225 de
902 2194 989 2226 faire
1010 2195 1167 2239 prendre
1188 2195 1242 2228 les
1266 2208 1338 2229 non
1362 2197 1548 2230 lissentiez
1571 2198 1793 2243 pratiquans,
1816 2205 1851 2231 et
1871 2210 2042 2239 ouvrans7
2064 2205 2099 2231 et
2119 2205 2247 2232 mettre
2267 2194 2315 2232 en

449 2258 574 2302 prison
596 2270 641 2290 ou
668 2258 865 2292 Chastellet
886 2260 929 2292 de
951 2261 1050 2293 Paris
1072 2261 1141 2294 afin
1163 2262 1250 2306 qu'il
1270 2263 1390 2296 sacent
1409 2264 1562 2297 amende
1584 2264 1786 2306 sousfisant‚
1809 2265 1840 2297 si
1861 2276 2000 2298 comme
2022 2276 2067 2298 en
2088 2264 2223 2298 leurdit
2243 2265 2314 2310 pri-

449 2323 568 2368 vilege
592 2330 647 2356 est
667 2331 835 2366 contenu,
858 2325 999 2370 laqucle
1025 2328 1176 2360 amende
1202 2329 1273 2361 soit
1294 2333 1394 2362 taxee
1416 2342 1479 2374 par
1499 2330 1532 2363 le
1555 2337 1703 2375 prevost
1727 2331 1772 2363 de
1793 2331 1907 2372 Paris,
1925 2342 1970 2363 en
1993 2330 2024 2363 la
2047 2331 2205 2364 maniere
2226 2330 2313 2376 qu'il

450 2402 468 2422 a
489 2393 565 2423 este
586 2394 806 2431 acoustume,
826 2398 860 2424 et
880 2393 988 2436 qu'on
1010 2405 1054 2425 en
1076 2405 1152 2426 use.
1175 2409 1189 2424 »

540 2457 580 2488 In
597 2457 700 2501 cujus
722 2458 773 2489 rei
795 2458 1039 2491 testimonium
1062 2467 1223 2493 nostrum
1249 2463 1483 2507 presentibus
1504 2463 1635 2497 litteris
1656 2464 1808 2497 fecimus
1829 2464 1962 2509 apponi
1983 2464 2158 2510 sigillum.
2183 2465 2310 2497 Datum

450 2522 609 2555 Parisius
636 2523 671 2555 in
697 2523 920 2557 Parlamento
947 2532 1085 2567 nostro,
1114 2526 1172 2559 die
1197 2536 1279 2561 xxva
1303 2529 1502 2564 Februarii.
1524 2542 1618 2563 anno
1643 2530 1788 2563 Domini
1814 2532 1865 2563 Μο
1876 2531 1982 2564 CCC⁰
2007 2530 2311 2576 quinquagesimo

448 2588 605 2632 quinto³.

523 2684 659 2716 Originale
673 2685 699 2708 in
715 2686 790 2710 Arch.
805 2690 859 2710 nat.
879 2688 960 2711 Paris.
975 2689 1070 2711 >tw-9¹³
1085 2689 1235 2720 (Accords),
1254 2696 1283 2714 n⁰
1298 2692 1352 2716 239.
1370 2693 1448 2717 Deest
1463 2694 1591 2725 sigillum.
1604 2708 1632 2712 —
1645 2696 1766 2724 Statuts,
1778 2695 1930 2726 privileges
1945 2699 1969 2719 et
1981 2694 2136 2725 re'qlemens
2148 2695 2188 2718 du
2204 2693 2311 2724 Colleoe

445 2730 478 2752 de
490 2728 638 2759 Chiruryie
648 2731 680 2753 de
692 2730 719 2753 Ζα
734 2730 796 2754 ville
810 2732 842 2754 de
856 2731 939 2756 Paris
957 2732 1049 2762 (paritz,
1066 2733 1145 2764 1743),
1160 2742 1186 2765 p.
1200 2736 1238 2760 60.
1255 2743 1285 2758 ex
1302 2736 1425 2767 originali
1441 2738 1504 2761 olim
1522 2738 1548 2762 in
1565 2739 1643 2762 Arch.
1661 2739 1693 2763 de
1711 2739 1738 2763 S.
1757 2739 1860 2769 Cosme,
1877 2742 1933 2762 cote
1949 2739 2004 2762 1111.
2023 2746 2048 2763 n.
2066 2738 2087 2766 1,
2106 2741 2272 2761 conservato.

521 2812 544 2835 1.
563 2812 620 2836 Vid.
634 2821 716 2844 supra
730 2814 764 2836 ud
777 2822 819 2837 un.
835 2814 904 2843 1352,
922 2823 1010 2840 mense
1026 2818 1120 2849 April„
1134 2822 1163 2841 n0
1180 2818 1250 2842 1205.
1265 2833 1295 2836 —
1310 2820 1332 2843 2.
1349 2820 1388 2844 Cf.
1402 2821 1470 2844 infra
1485 2822 1519 2845 ad
1534 2830 1576 2846 1111.
1595 2823 1665 2852 1364,
1681 2823 1774 2847 octob.
1789 2824 1827 2847 19.
1842 2837 1869 2841 -
1885 2824 1908 2847 3.
1920 2823 2020 2847 Abhinc
2033 2830 2116 2853 usque
2131 2822 2165 2844 ad
2180 2829 2224 2845 an.
2239 2821 2308 2850 1357,

443 2856 527 2886 April.
544 2857 581 2885 23,
598 2856 625 2879 id
640 2860 680 2880 est
694 2866 741 2888 per
759 2859 956 2889 quatuordecim
974 2869 1085 2891 menses,
1103 2863 1227 2886 deficiunt
1240 2863 1404 2888 documenta.
1421 2866 1503 2897 Hujus
1519 2867 1629 2890 lacunae
1643 2875 1724 2890 causa
1739 2867 1883 2899 praecipua
1898 2867 2002 2891 videtur
2016 2867 2144 2890 tumultus
2160 2874 2211 2898 quo
2227 2864 2307 2888 animi

567 2901 591 2924 6.
