2488 3386
446 344 510 377 338
1021 349 1338 374 CHARTULMMUM
1372 348 1560 370 UNIVERS.
1598 346 1726 369 lunis.
2206 335 2306 371 [1385

452 451 590 488 1498.
616 460 740 486 Clemens
762 460 814 485 VII
825 458 960 494 (Iohanni
980 456 1148 487 Blanchart)
1172 455 1346 482 cancellario
1360 455 1466 488 Paris„
1486 457 1516 479 ut
1538 453 1689 480 Guillermo
1710 453 1822 488 Mazaci,
1844 453 1911 480 Ord.
1932 454 2082 489 Minor-um,
2101 454 2151 490 qui
2166 454 2305 480 lecturam

535 510 564 535 in
578 508 720 543 facultate
737 507 897 542 theologiae
905 508 994 542 juxta
1014 515 1116 532 mor-em
1138 505 1209 531 dicti
1227 504 1342 530 Ordinis
1359 512 1448 539 usque
1463 503 1503 528 ad
1517 502 1655 529 lecturam
1671 502 1739 528 libri
1752 503 1963 529 Sententiarum
1979 502 2135 539 complevit,
2151 507 2304 539 postquam

531 567 584 594 per
601 567 662 584 eum
686 566 773 593 super
791 557 842 582 hoc
866 556 955 590 fuerit
978 555 1142 590 requisitus,
1166 553 1278 588 leyendi
1299 553 1401 578 librum
1426 551 1636 578 Sententiarum
1657 552 1685 577 in
1705 551 1802 577 studio
1822 552 1985 577 Parisiensi
2008 552 2037 577 in
2058 551 2140 578 domo
2164 552 2304 578 dictorum

535 656 666 690 septimo.
686 665 699 679 (t
715 655 774 681 Viri
787 662 862 681 sacre
876 664 899 679 n.

1677 685 1751 715 1385,
1766 685 1837 711 Junii
1847 686 1871 715 2,
1887 685 2018 712 Ᾱνεηῐοηε.

539 780 601 810 Reg.
615 780 672 802 Vnt.
688 778 827 802 Clementis
841 778 894 804 Vll,
912 781 940 799 n⁰
958 778 1010 805 300,
1027 776 1071 799 sol.
1088 775 1158 798 518b.
1172 789 1202 792 —
1217 774 1376 798 Licentiatus
1392 777 1432 796 est
1447 773 1604 797 Guillelmus
1622 782 1633 796 ((
1646 773 1735 797 Moteti
1749 781 1761 796 ›>
1777 781 1790 796 e
1806 773 1894 798 Catal.
1911 773 2004 798 licent.
2017 781 2059 797 an.
2075 774 2146 798 1391,

450 941 588 977 1499.
611 951 686 983 Mag.
704 948 845 974 Johannes
861 947 896 973 de
915 947 1013 973 Trelon
1028 955 1058 972 se
1074 949 1192 972 excusat
1207 945 1242 971 de
1258 945 1382 980 quodam
1400 944 1480 971 verbo
1496 944 1571 970 dicto
1588 948 1687 971 contra
1703 954 1776 980 mag.
1794 946 1908 971 Petrum
1923 945 1959 972 de
1973 945 2110 972 Ailliaco.

1693 1028 1768 1058 7385,
1785 1028 1856 1054 dunis
1864 1028 1889 1058 8,
1903 1028 2016 1054 Parisiis.

529 1115 731 1148 Notandum
753 1113 849 1158 quod
870 1113 928 1145 die
948 1114 969 1146 8
988 1112 1085 1145 Junii
1106 1123 1199 1144 anno
1221 1111 1385 1156 predicto
1406 1123 1501 1156 mag.
1522 1110 1707 1144 Johannes
1729 1111 1773 1144 de
1795 1111 1943 1150 Trelon,
1966 1111 2140 1156 magister
2159 1111 2196 1144 in
2216 1111 2301 1144 arti-

440 1182 508 1214 bus
538 1188 573 1214 et
600 1180 795 1225 theologia,
823 1186 858 1212 et
886 1178 1195 1212 subcancellarius
1232 1178 1266 1211 S.
1299 1178 1498 1219 Genovefe,
1529 1177 1682 1222 quedam
1712 1177 1836 1219 verba,
1867 1178 1980 1223 prima
2010 1178 2100 1211 facie
2132 1178 2299 1223 injuriam

438 1248 614 1289 sonantia,
641 1247 734 1280 dicta
754 1246 842 1279 alias
862 1246 1036 1290 magistro
1063 1246 1169 1278 Petro
1191 1245 1234 1277 de
1255 1244 1393 1278 Alliaco
1414 1244 1451 1277 in
1473 1244 1625 1289 quadam
1647 1245 1937 1290 congregatione
1963 1244 2143 1278 facultatis
2170 1244 2298 1278 artium

435 1314 628 1358 (videlicet,
646 1313 742 1358 quod
763 1325 836 1346 non
853 1319 928 1346 erat
948 1313 1076 1345 mirum
1099 1312 1130 1345 si
1151 1312 1195 1344 de
1215 1323 1254 1344 se
1270 1311 1434 1344 Johanne
1452 1311 1590 1344 diceret
1610 1311 1777 1355 injurias,
1796 1312 1879 1356 quia
1897 1311 1941 1344 de
1959 1311 2157 1356 majoribus
2173 1311 2299 1344 mundi

436 1380 657 1425 obloquutus
678 1381 760 1423 est),
786 1379 954 1424 exposuit
972 1378 1009 1411 in
1030 1378 1189 1423 predicta
1216 1378 1382 1412 facultate
1403 1377 1499 1422 apud
1527 1378 1561 1411 S.
1587 1377 1785 1419 sulianum,
1813 1384 1938 1412 vocata
1965 1390 2008 1411 ex
2035 1377 2299 1411 deliberatione

434 1454 469 1480 et
497 1447 724 1480 ordinatione
754 1446 1006 1490 deputatorum
1037 1445 1080 1478 ad
1110 1444 1178 1477 hoc
1207 1444 1471 1486 ordinatorum,
1503 1444 1718 1489 dicensque,
1749 1451 1787 1477 ut
1816 1444 1969 1490 quedam
2001 1444 2068 1477 alia
2095 1443 2204 1478 verba
2235 1455 2300 1489 per

434 1514 589 1546 eundem
623 1525 716 1558 mag.
749 1512 949 1546 Johannem
982 1511 1120 1556 prolata
1152 1511 1330 1544 sonabant
1361 1523 1367 1544 z
1404 1511 1539 1544 dictum
1568 1511 1721 1544 verbum
1757 1510 1988 1556 intelligebat
2020 1511 2065 1544 de
2099 1510 2298 1556 majoribus

434 1581 572 1622 mundi,
593 1580 629 1613 id
650 1586 706 1612 est
726 1580 861 1612 decano
883 1578 1087 1623 theologie¹
1110 1585 1145 1611 et
1174 1578 1390 1611 cancellario
1412 1578 1644 1620 Parisiensi²,
1674 1590 1767 1623 quos
1788 1577 2018 1623 intelligebat
2038 1589 2120 1611 esse
2141 1578 2298 1622 majores

432 1647 570 1688 mundi,
599 1647 642 1679 de
670 1646 816 1691 quibus,
842 1649 903 1686 [ut]
931 1645 1025 1678 idem
1048 1657 1140 1690 mag.
1171 1644 1354 1678 Johannes
1384 1644 1561 1686 dicebat³,
1583 1645 1786 1678 secundum
1807 1645 1932 1678 videre
1963 1656 2082 1686 suum,
2105 1645 2182 1678 sive
2203 1644 2297 1678 bene

433 1715 508 1747 sive
529 1713 633 1755 false,
653 1713 746 1746 idem
773 1724 867 1757 mag.
889 1713 1016 1744 Petrus
1042 1711 1129 1744 alias
1150 1711 1372 1756 obloquutus
1394 1718 1460 1744 est.
1485 1711 1625 1744 Idcirco
1653 1712 1687 1745 si
1712 1711 1749 1744 in
1776 1711 1845 1744 hoc
1871 1710 2076 1756 aliqualiter
2096 1711 2298 1744 offenderat

434 1781 567 1813 dictum
594 1791 687 1824 mag.
712 1780 870 1820 Petrum,
895 1777 1038 1823 petebat
1068 1777 1110 1811 ab
1132 1790 1174 1810 eo
1200 1778 1355 1811 veniam.
1379 1779 1478 1811 Bene
1497 1778 1588 1811 dixit
1607 1778 1708 1823 quod
1729 1778 1796 1811 ista
1819 1777 1930 1811 verba
1952 1789 2025 1810 non
2051 1777 2233 1811 intellexit
2252 1777 2297 1811 de

434 1859 523 1892 papa
551 1846 609 1879 vel
636 1846 679 1878 de
714 1857 815 1890 rege,
845 1845 909 1878 sed
937 1845 981 1877 de
1009 1844 1204 1889 theologis,
1227 1856 1381 1889 quorum
1413 1845 1570 1877 officium
1602 1851 1670 1886 est,
1693 1851 1730 1878 ut
1757 1844 1912 1886 dicebat,
1943 1844 2052 1877 fidem
2077 1844 2232 1889 gignere
2259 1844 2296 1877 in

434 1913 606 1946 cordibus
635 1912 821 1945 hominum
850 1918 882 1944 et
915 1911 1071 1957 genitam
1101 1911 1308 1952 defensare3
1338 1923 1382 1944 ex
1402 1924 1473 1956 quo
1501 1911 1632 1953 officio,
1661 1924 1742 1944 011111
1769 1912 1817 1944 511
1845 1923 2030 1957 magnum,
2056 1910 2297 1945 concludebat

435 1979 660 2024 propositum
689 1990 807 2019 suum,
829 1978 991 2023 quamvis
1017 1990 1090 2010 non
1118 1984 1243 2010 0550111
1271 1979 1427 2023 majores
1455 1978 1580 2011 mundi
1605 1978 1854 2011 auctoritative
1875 1977 1933 2011 vel
1961 1977 2188 2023 potestative.
2210 1978 2296 2010 Pre-
2346 1991 2349 1994 ’

435 2053 558 2079 5011105
578 2046 725 2078 fuerunt
744 2045 896 2090 Egidius
918 2045 962 2078 de
983 2045 1141 2089 Campis,
1158 2043 1342 2078 Johannes
1363 2045 1407 2078 de
1428 2047 1599 2079 Marsono
1621 2052 1656 2078 et
1674 2046 1750 2078 fere
1772 2057 1835 2078 sex
1855 2044 2006 2090 viginti‘
2028 2044 2204 2089 magistri.

529 2143 651 2172 Bulaeus,
666 2143 708 2172 IV,
721 2143 775 2171 971,
793 2151 805 2166 e
821 2143 879 2166 Lib.
893 2149 970 2173 proc.
984 2146 1043 2166 nat.
1062 2142 1160 2166 Gallie.

530 2228 552 2250 1.
569 2228 640 2250 Tunc
657 2227 783 2258 temporis
803 2227 940 2258 Rudulpho
958 2227 1109 2255 Glaebardi,
1131 2227 1297 2258 octogenario
1315 2227 1378 2256 (vid.
1394 2227 1510 2250 rotulum
1525 2230 1554 2249 n⁰
1569 2227 1649 2257 1538).
1667 2240 1694 2244 ·-
1710 2227 1732 2250 2.
1752 2226 1857 2250 Scilicet
1877 2226 1923 2250 lite
1943 2225 2073 2257 pendente
2091 2228 2182 2249 eontra
2198 2225 2296 2257 ipsum,

435 2272 466 2295 de
484 2280 535 2303 qun
549 2271 618 2295 infra
632 2276 660 2295 n⁰
677 2272 747 2295 1504.
769 2285 795 2289 —
811 2272 834 2294 3.
850 2271 909 2295 Bul.
925 2271 984 2295 add.
1005 2280 1017 2294 «
1032 2272 1101 2303 quod
1117 2280 1139 2295 1).
1154 2285 1184 2289 —
1196 2272 1220 2295 4.
1236 2272 1255 2295 I.
1271 2280 1293 2295 0.
1311 2272 1364 2296 120.

443 2432 583 2469 1500.
606 2443 722 2467 Statuta
737 2445 795 2468 nat.
817 2442 916 2468 Gallie.
933 2442 986 2468 sub
1000 2446 1186 2478 procuratore
1206 2452 1281 2478 mag.
1302 2443 1431 2469 Jolzanne
1451 2443 1571 2478 Piscis¹,
1589 2442 1624 2469 de
1645 2442 1782 2477 bedellis5
1798 2441 1833 2468 de
1850 2441 1975 2478 quodam
1995 2440 2143 2471 Minorita,
2161 2441 2210 2477 qui
2224 2448 2296 2466 can-

527 2490 674 2516 cellarium
688 2491 783 2516 Paris.
802 2492 906 2517 vocavit
921 2494 1008 2527 caput
1028 2492 1238 2518 Universitatis.

1075 2539 1078 2542 ⁴
1506 2528 1578 2557 1385,
1594 2535 1684 2554 mense
1697 2527 1881 2560 Mau-Augusti,
1897 2526 2011 2553 Parisiis.

529 2610 557 2643 1.
586 2610 632 2642 Ut
651 2609 818 2642 bedellus
843 2616 878 2643 et
903 2610 1141 2644 subbedellus
1169 2611 1301 2644 rectori
1331 2618 1366 2644 et
1394 2611 1526 2644 suturis
1557 2611 1760 2644 rectoribus
1790 2611 1827 2644 in
1854 2610 2006 2656 agendis
2033 2609 2295 2654 obsequantur.

436 2677 469 2708 2.
500 2677 580 2708 Non
609 2687 691 2708 esse
720 2676 928 2727 tradendam
955 2677 1093 2722 virgam
1123 2677 1268 2710 bedello
1300 2689 1392 2711 novo
1423 2677 1560 2722 absque
1591 2689 1783 2722 sponsore.
1814 2678 1848 2710 3.
1877 2676 2087 2722 Composita
2117 2682 2173 2708 est
2201 2675 2297 2708 inter

435 2742 601 2775 nationes
622 2741 841 2775 Gallicanam
859 2749 894 2775 et
913 2743 1131 2776 Picardicam
1152 2743 1346 2776 concordia
1367 2751 1449 2788 post
1470 2744 1568 2777 litem
1590 2751 1703 2777 ortam
1721 2744 1913 2777 occasione
1934 2742 2114 2776 scolarum
2136 2741 2296 2775 conduc-

434 2809 602 2841 titiarum.
625 2810 657 2840 4.
681 2809 802 2841 «Nota
823 2808 920 2853 quod
936 2815 1098 2855 tempore
1119 2810 1224 2842 istius
1246 2811 1492 2855 procuratoris
1509 2811 1639 2843 accidit
1659 2811 1756 2856 quod
1774 2811 1920 2855 quidam
1941 2809 2146 2854 cordiger2,
2168 2808 2293 2841 bacca—

431 2874 551 2907 lareus
571 2875 744 2907 formatus
765 2874 802 2907 in
823 2874 1020 2920 theologia,
1045 2875 1133 2908 dixit
1158 2876 1195 2908 in
1217 2876 1371 2921 quodam
1394 2888 1563 2910 sermone
1584 2877 1628 2910 ad
1654 2877 1827 2922 populum
1851 2877 1888 2909 in
1908 2876 1980 2910 fine
2000 2876 2058 2909 sui
2079 2874 2260 2909 sermonis
2282 2885 2291 2907 ι

554 2933 594 2956 13.
