2488 3386
202 329 297 366 1385]
616 342 663 362 AB
698 341 804 363 ANNO
839 341 970 363 mecm.
1006 341 1135 369 USQUE
1171 342 1219 362 An
1255 341 1519 363 BENEDm'rUM
1554 343 1644 364 xiii.
1997 334 2059 366 371

285 417 359 442 Item
374 424 461 450 super
477 417 546 450 xlvj⁰
620 416 754 450 deposuit
769 423 871 442 verum
887 423 944 441 esse
968 415 1047 448 quod
1072 415 1166 440 dictus
1190 415 1328 448 magister
1349 415 1495 441 Johannes
1516 416 1551 442 de
1571 417 1683 449 Quercu
1706 417 1758 442 fuit
1781 418 1960 443 bachalarius
1975 418 2061 446 illius,

197 465 249 499 qui
264 465 397 498 loquitur
411 467 439 491 et
458 466 645 498 magistratus
667 465 720 490 sub
735 472 778 493 eo,
795 466 823 490 et
846 466 943 490 tamen
961 472 1118 497 nunquam
1136 464 1247 489 audivit
1262 464 1374 496 aliquid
1397 464 1481 490 fuisse
1503 465 1679 497 promissum
1703 473 1751 491 seu
1767 466 1869 491 datum
1886 474 1937 499 per
1950 467 2062 492 dicium

197 514 396 540 bachalarium
411 514 490 540 dicto
504 514 673 540 cancellari0
689 521 741 547 pro
757 513 875 539 licencia
888 513 931 538 vcl
947 513 1018 539 loco.
1036 513 1104 546 quia
1120 513 1141 538 si
1158 513 1234 538 idem
1250 512 1302 545 qui
1318 513 1450 545 loquitur
1465 513 1597 542 scivisset,
1615 514 1776 547 impedisset
1794 523 1846 547 pro
1861 523 1949 547 posse.
1967 516 2064 541 Credit

197 564 296 588 tamen
312 563 392 596 quod
407 565 522 596 recepto
535 563 646 595 signeto
662 562 781 588 tradidit
795 562 917 595 aliquid.
932 563 966 587 ut
988 563 1027 587 est
1053 561 1151 586 moris.
1169 561 1203 586 Et
1227 562 1268 586 est
1283 569 1385 586 verum
1401 562 1488 587 ctiam
1509 562 1587 595 quod
1610 562 1704 587 dietus
1723 564 1909 589 cancellarius
1924 564 2062 589 debatum

196 612 315 644 aliquod
330 612 395 637 fecit
407 612 484 637 dicto
497 612 636 645 magistro
649 611 786 640 Johanni‚
799 611 867 644 quia
883 611 1034 636 dicebatur
1047 610 1144 643 ipsum
1159 610 1244 635 fuisse
1260 610 1290 635 in
1303 610 1431 643 quadam
1445 611 1671 643 congregacione
1686 612 1715 636 in
1732 611 1922 646 Alamcninia]
1936 620 1969 638 ex
1985 614 2065 645 parte

198 661 394 686 Bartholomei
409 661 492 689 facta,
509 662 537 686 et
551 660 611 694 ipse
625 660 812 686 cancellarius
827 660 952 685 habebat
968 659 1143 684 mandatum
1159 659 1361 692 apostolicum,
1379 659 1458 692 quod
1475 667 1525 692 per
1540 659 1648 685 litteras
1663 661 1841 689 ostendebat,
1854 662 1933 693 quod
1947 662 2064 687 nullum

197 710 365 735 admitteret
379 711 547 742 suspectum
562 709 597 735 ad
612 709 764 735 licenciam
779 709 823 734 sui
839 708 1006 741 magisterii.

286 759 360 784 Item
377 766 464 791 super
478 758 518 783 lv⁰
600 758 622 783 si
637 766 702 784 vero
722 757 866 790 predictos
886 757 1063 783 bachalarios
1083 757 1126 782 vel
1148 756 1217 782 alios
1240 756 1400 782 licenciavit
1424 758 1520 789 preter
1534 759 1562 782 et
1582 759 1682 782 contra
1698 758 1879 783 voluntatem
1902 760 2065 784 ceterorum

197 807 406 840 magistrorum
422 807 546 840 ignorat,
560 807 629 840 quia
644 808 860 832 consueverunt
875 806 934 839 peti
948 808 1012 831 vota
1025 807 1053 832 et
1071 805 1264 839 depositiones
1281 805 1490 838 magistrorum
1507 806 1689 839 segregatim,
1704 806 1743 831 ita
1759 806 1838 839 quod
1854 815 1932 832 unus
1952 807 2066 840 ignorat

197 856 408 889 depositionem
423 856 555 884 alterius:
570 857 662 881 cetera
677 857 815 881 contenta
828 855 859 880 in
872 855 950 881 dicto
965 855 1088 880 articulo
1102 854 1174 879 dixit
1190 862 1217 879 se
1232 854 1375 886 ignorare.

286 912 314 931 x.
336 905 409 930 ltem
424 905 569 930 JOHANNES
584 905 703 934 VAnssri,
720 904 858 938 magister
873 904 903 929 in
919 904 1032 929 artibus
1047 903 1116 929 alias
1128 904 1255 937 juratus.
1271 903 1466 936 interrogatus
1481 905 1509 929 ct
1525 903 1751 929 cxaminatus....

286 953 325 987 xj.
347 953 480 986 Magister
495 953 643 979 Gaoncms
658 962 694 978 Dr:
710 953 831 981 cismo.
849 953 987 986 magister
1002 953 1033 978 in
1048 952 1160 978 artibus
1175 952 1244 977 alias
1256 952 1382 985 juratus,
1399 952 1596 985 interrogatus
1611 954 1638 978 et
1653 953 1879 978 examinatus...

287 1002 339 1036 xij.
361 1002 527 1028 Giurnmus
542 1011 578 1028 Dr:
593 1003 749 1032 Terminus,
766 1002 903 1035 magister
919 1002 949 1027 in
964 1002 1076 1027 artibus
1088 1002 1156 1026 alias
1169 1002 1295 1034 juratus,
1310 1001 1506 1034 interrogatus
1521 1009 1608 1034 super
1620 1002 1733 1027 decimo
1748 1002 1870 1028 articulo
1883 1002 1943 1028 aliis
1958 1003 2069 1028 omissis

198 1051 234 1077 de
251 1051 402 1077 voluntate
421 1051 660 1084 producentium,
684 1051 746 1085 ipso
765 1051 846 1085 prius
870 1051 922 1077 sibi
946 1051 1020 1077 lecto
1044 1052 1072 1076 et
1096 1058 1148 1083 per
1163 1058 1231 1076 eum
1254 1050 1401 1076 intellecto
1424 1052 1457 1075 ut
1476 1050 1598 1080 dicebat,
1615 1051 1749 1084 deposuit
1770 1059 1871 1076 verum
1896 1060 1953 1077 csse
1977 1052 2067 1084 quod,

199 1100 319 1133 quando
334 1100 393 1133 ipse
408 1101 463 1126 suit
484 1101 574 1126 factus
595 1100 762 1126 licenciatus
778 1101 807 1126 in
822 1100 934 1126 artibus
954 1100 985 1125 in
1007 1099 1092 1125 tercia
1113 1099 1265 1125 audicione
1287 1099 1375 1132 primi
1390 1099 1459 1124 anni
1480 1100 1651 1127 cancellarii,
1668 1100 1789 1133 qnidam
1806 1101 1934 1126 sacerdos
1950 1101 2070 1127 nomine

199 1149 336 1182 magister
351 1149 490 1177 Nicolaus.
508 1150 559 1183 qui
574 1151 635 1175 erat
650 1150 808 1178 familiaris.
825 1151 853 1175 et
869 1149 991 1183 quidam
1009 1149 1056 1174 alii
1071 1148 1225 1174 familiares
1240 1148 1308 1173 dicti
1322 1148 1483 1174 cancellarii
1499 1148 1583 1181 (quos
1599 1151 1779 1182 cognosceret
1802 1149 1822 1174 si
1838 1149 1956 1177 videret.
1972 1150 2019 1175 sed
2034 1150 2069 1175 de

200 1197 371 1223 nominibus
388 1205 491 1223 eorum
508 1206 567 1223 non
583 1197 761 1232 recordatur)
784 1199 967 1223 monuerunt
983 1197 1013 1223 in
1029 1205 1140 1223 camera
1160 1197 1301 1222 examinis
1316 1197 1492 1222 bachalarios
1507 1197 1620 1230 aliquos
1634 1197 1709 1223 dicte
1724 1198 1893 1227 midicionis,
1911 1198 1983 1223 sicut
1998 1198 2068 1231 ipsi-

200 1248 260 1272 met
275 1246 430 1272 bachalarii
446 1247 608 1272 referebant
623 1247 732 1276 ceteris.
750 1249 783 1272 ut
799 1247 924 1273 facerent
940 1246 1090 1272 collectam
1110 1246 1185 1271 inter
1201 1253 1237 1274 se,
1255 1246 1327 1271 sicut
1350 1246 1396 1270 alii
1414 1246 1539 1271 fecerant
1560 1254 1613 1278 pro
1629 1246 1725 1271 dando
1740 1247 1850 1279 aliquid
1866 1247 1943 1272 dicto
1956 1247 2069 1273 cancel-

199 1294 281 1322 lario.
295 1296 329 1320 ut
344 1294 428 1320 citius
443 1295 664 1328 expedirentur:
679 1297 706 1321 et
722 1295 791 1328 quia
806 1295 962 1321 bachalarii
978 1303 1037 1320 non
1061 1295 1181 1320 fuerunt
1200 1294 1236 1319 de
1258 1294 1311 1319 hoc
1327 1294 1492 1321 concordes.
1507 1294 1597 1320 nichil
1615 1295 1768 1320 dederunt.
1788 1295 1907 1327 Propter
1924 1296 2013 1328 quod,
2038 1297 2071 1321 ut

199 1342 259 1376 ipse
271 1343 322 1376 qui
338 1343 471 1377 loquitur
481 1344 571 1369 credit
585 1344 717 1373 tirmiter,
730 1344 855 1377 longiori
869 1346 1000 1377 tempore
1014 1344 1135 1369 fuerunt
1150 1344 1179 1368 in
1193 1343 1326 1368 examine
1337 1351 1427 1375 quam
1443 1343 1571 1372 fuissent,
1585 1343 1707 1369 reddens
1720 1352 1835 1369 causam
1849 1352 1899 1370 sne
1912 1344 2068 1372 crcdencie.

200 1392 269 1425 quia
284 1392 332 1417 alii
347 1392 378 1417 in
393 1392 454 1418 aliis
469 1393 672 1419 audicionibus
687 1393 917 1426 precedentibus,
935 1393 986 1426 qui
1002 1393 1152 1418 collectam
1173 1393 1300 1418 fecerant
1322 1394 1348 1417 ct
1370 1392 1507 1417 dederant
1529 1392 1606 1417 dicto
1626 1393 1804 1421 cancellario,
1823 1394 1937 1418 fuerant
1953 1395 2069 1419 tantum

198 1440 229 1466 in
242 1448 355 1466 camera
371 1449 421 1474 per
434 1443 491 1467 tres
505 1442 680 1475 septimanas
693 1442 736 1468 vel
751 1442 834 1471 circa,
850 1442 902 1475 ipsi
918 1450 984 1467 vero
997 1442 1048 1475 qui
1061 1443 1143 1467 erant
1158 1441 1193 1467 de
1208 1441 1295 1466 tercia
1311 1441 1462 1466 audicione
1479 1441 1615 1474 predicta,
1631 1442 1748 1467 fuerunt
1767 1450 1817 1474 per
1833 1442 1965 1475 quinque
1981 1442 2070 1475 sepli—

189 1497 301 1530 ⁴manas
316 1490 345 1515 in
359 1490 513 1516 audicione
529 1491 667 1523 predicta,
685 1493 844 1524 antequam
858 1491 1074 1524 expedirentur.
1090 1491 1288 1523 Interrogatus
1302 1490 1323 1515 si
1338 1490 1390 1515 suit
1409 1498 1532 1522 presens,
1548 1490 1667 1523 qnando
1683 1490 1803 1523 predicti
1820 1491 1937 1516 suerunt
1955 1491 2070 1519 01011111,

199 1538 272 1564 dixit
287 1538 367 1572 quod
390 1547 459 1568 non,
477 1539 525 1565 sed
548 1539 621 1565 bene
645 1548 761 1573 presens
785 1540 841 1565 suit
862 1540 983 1573 quando
1003 1540 1179 1567 retulerunt.
1196 1539 1276 1572 quod
1292 1539 1330 1564 sic
1346 1539 1462 1564 fuerant
1488 1539 1602 1564 monili.
1629 1539 1826 1572 Interrogatus
1847 1540 1882 1565 de
1904 1540 2073 1566 nominibus

199 1587 347 1613 dictorum
364 1589 566 1617 reserencium,
582 1589 655 1614 dixit
670 1589 750 1622 quod
766 1597 843 1614 unus
859 1589 1016 1614 vocabatur
1031 1589 1169 1621 magister
1188 1588 1334 1613 Johannes
1355 1588 1391 1613 (le
1416 1588 1500 1616 Lacu,
1518 1588 1590 1613 alter
1605 1588 1742 1620 magister
1757 1588 1913 1614 Gaufridus
1928 1589 1963 1614 de
1984 1589 2071 1614 Mans.

201 1636 287 1662 Plura
299 1644 327 1662 se
340 1637 449 1662 nescire
463 1637 546 1667 dixit,
559 1638 635 1663 salvo
651 1638 730 1671 quod
745 1638 832 1663 semel
848 1638 979 1663 interfuit
996 1638 1026 1663 in
1040 1637 1170 1671 quodam
1186 1637 1319 1670 prandio,
1335 1637 1385 1662 ubi
1404 1637 1456 1662 suit
1472 1637 1608 1669 magister
1624 1637 1724 1662 Petrus
1738 1637 1817 1662 Plaul
1834 1638 2074 1664 subcancellarius

200 1686 229 1711 et
242 1685 291 1711 alii
304 1686 470 1715 examinati,
488 1688 516 1712 et
529 1686 611 1712 solvit
626 1687 785 1720 prandium
801 1687 914 1720 primus
930 1687 1054 1712 secunde
1071 1686 1230 1712 audicionis
1245 1686 1363 1711 secundi
1385 1686 1464 1711 anni.
1483 1686 1599 1711 Audivit
1621 1687 1718 1711 tamcn
1732 1686 1787 1712 dici
1804 1694 1818 1711 a
1834 1687 1977 1719 pluribus.
1994 1687 2073 1720 quod

200 1734 341 1760 dederant
356 1736 508 1768 peccunias
523 1735 553 1761 in
569 1736 733 1764 communi.
751 1736 824 1761 dum
840 1738 923 1762 erant
939 1737 969 1761 in
987 1744 1111 1764 camera,
1129 1735 1320 1761 familiaribus
1341 1735 1513 1760 cancellarii.
1530 1736 1728 1767 Interrogatus
1742 1744 1756 1760 a
1770 1736 1887 1768 quibus,
1906 1736 1975 1760 dixit
1994 1736 2073 1769 quod

200 1790 215 1808 a
232 1784 371 1816 magistro
386 1784 511 1810 Roberto
526 1785 639 1810 Tesardi
655 1787 683 1810 et
696 1793 711 1810 a
724 1786 864 1818 magistro
876 1785 1010 1811 Johanne
1025 1785 1060 1810 de
1076 1785 1227 1810 bibens...

289 1832 351 1866 xiij.
373 1833 506 1865 Magister
520 1834 604 1859 Aum
621 1842 656 1859 DE
674 1834 699 1859 S.
718 1834 851 1863 AMANDO.
867 1834 1048 1860 bachalarius
1063 1834 1173 1866 injure
1188 1833 1327 1858 canonico
1341 1833 1578 1866 aliasjuratusffl.

289 1882 363 1907 Item
379 1889 465 1915 super
482 1883 680 1916 octuagesimo
695 1884 802 1916 primo,
819 1884 881 1909 aliis
895 1883 1007 1909 omissis
1022 1883 1057 1909 dc
1074 1883 1224 1908 voluntate
1240 1882 1480 1915 producentium,
1497 1882 1569 1907 dixit
1587 1884 1614 1908 et¹
1629 1882 1763 1915 deposuit
1778 1882 1878 1908 omnia
1893 1884 2028 1908 contenta
2044 1883 2073 1908 in

201 1937 235 1956 eo
250 1937 308 1956 esse
321 1938 396 1959 vera.
414 1931 537 1957 reddens
552 1932 695 1957 rationem
716 1933 833 1958 scientie
855 1940 914 1961 suc,
939 1932 1007 1965 quia
1029 1932 1146 1957 dudum
1166 1932 1196 1957 in
1216 1931 1312 1964 primo
1328 1939 1416 1960 anno,
1434 1939 1493 1964 quo
1509 1931 1567 1964 ipse
1583 1931 1770 1956 cancellarius
1786 1931 1840 1956 fuit
1857 1933 1989 1964 receptus
2004 1939 2074 1957 can-

201 1979 343 2009 cellarius,
360 1980 438 2005 idem
452 1980 504 2013 qui
519 1980 652 2013 loquitur
667 1981 702 2006 ad
716 1989 813 2014 preces
828 1981 939 2007 domini
954 1981 1107 2007 cardinalis
1119 1981 1155 2006 de
1170 1979 1397 2009 Lucemhourc'ss',
1417 1982 1487 2006 lunc
1507 1980 1537 2005 in
1557 1980 1720 2005 minoribus
1736 1980 1896 2009 constituti,
1914 1981 1968 2005 suit
1985 1981 2075 2006 factus

201 2030 230 2054 et
245 2030 377 2061 receptus
392 2036 443 2062 per
457 2029 571 2054 dictum
584 2030 790 2055 cancellarium
805 2030 935 2055 notarius
951 2030 1029 2055 curie
1042 2038 1106 2057 sue:
1121 2031 1149 2055 et
1164 2031 1227 2062 post
1248 2037 1298 2062 pcr
1313 2029 1431 2062 aliquod
1449 2031 1564 2062 tenipus
1578 2029 1654 2054 idem
1671 2029 1856 2054 cancellarius
1871 2029 1947 2054 misit
1966 2037 2016 2062 pro
2030 2037 2072 2057 eo.

201 2078 230 2102 et
242 2077 316 2102 dum
330 2077 385 2102 fuit
403 2078 439 2103 ad
454 2086 522 2103 eum
539 2078 569 2103 in
583 2086 634 2103 suo
649 2079 755 2108 studio,
770 2079 842 2104 dixit
857 2079 909 2104 sibi
925 2079 991 2104 talia
1003 2079 1088 2104 verba
1102 2079 1145 2104 vel
1162 2078 1191 2103 in
1207 2079 1311 2103 effectu
1327 2078 1431 2103 similia
1445 2087 1450 2103 :
1467 2088 1479 2100 κ
1495 2079 1627 2111 Magister
1637 2078 1740 2106 Adam,
1755 2086 1807 2110 ego
1821 2078 1912 2103 liabeo
1929 2079 2073 2104 modicam

202 2126 360 2152 utilitatem
380 2127 437 2152 mei
459 2127 686 2157 cancellariatus,
707 2129 735 2153 et
751 2128 843 2153 habco
860 2128 1105 2161 jurisdictionem,
1123 2135 1180 2160 que
1195 2129 1236 2153 est
1250 2135 1356 2160 magne
1372 2127 1515 2155 utilitatis.
1534 2135 1592 2152 non
1610 2127 1708 2155 michi,
1726 2127 1773 2152 scd
1788 2127 1874 2152 vohis.
1892 2127 2076 2160 Quapropter

202 2174 375 2200 intencionis
390 2183 454 2201 mec
469 2177 510 2201 cst
526 2176 606 2209 quod
620 2184 668 2202 vos
681 2177 724 2202 vel
737 2177 820 2206 alius,
837 2177 1009 2210 quicunque
1023 2177 1110 2202 fuerit
1124 2176 1254 2202 notarius
1267 2184 1359 2203 meus.
1376 2176 1471 2201 tradat
1487 2176 1576 2201 michi
1594 2176 1719 2201 mediam
1740 2178 1853 2208 partem
1870 2176 1971 2201 valoris
1986 2176 2075 2209 ipsius

201 2223 298 2249 officii.
317 2233 330 2246 »
346 2224 400 2249 Cui
414 2224 491 2249 idem
507 2225 584 2250 testis
598 2225 757 2258 respondit,
774 2225 855 2259 quod
871 2226 1041 2259 participare
1058 2233 1117 2250 non
1131 2225 1264 2252 debehat,
1281 2225 1349 2257 quia
1372 2226 1521 2250 teneretur
1536 2225 1571 2250 ad
1585 2225 1799 2250 restitutionem
1817 2225 1978 2250 secundum
1992 2225 2073 2257 jura;

202 2272 412 2298 nichilominus
428 2275 526 2299 tamen
549 2274 651 2299 iterato
675 2274 751 2300 idem
772 2274 959 2300 cancellarius
981 2274 1128 2307 replicavit
1153 2273 1350 2299 intencionem
1371 2281 1453 2298 suam
1471 2274 1641 2306 predictam,
1658 2275 1683 2298 ct
1710 2274 1739 2298 in
1764 2274 1863 2299 cadem
1889 2274 2075 2306 perseveravit

202 2320 231 2346 in
245 2322 374 2350 tantum,
389 2322 470 2355 quod
486 2323 554 2355 quia
568 2323 626 2355 ipse
641 2323 719 2348 testis
731 2323 839 2349 dictam
856 2323 1109 2356 participationem
1126 2323 1178 2348 sibi
1192 2323 1353 2354 denegavit,
1371 2330 1385 2347 a
1401 2322 1478 2347 dicto
1494 2323 1589 2348 0111010
1605 2331 1655 2355 per
1671 2323 1783 2347 dictum
1800 2323 2004 2348 cancellarium
2021 2323 2076 2348 fuit

201 2371 327 2399 amotus,
344 2372 372 2396 et
388 2371 525 2403 magister
540 2372 704 2404 Stephanus
724 2373 876 2397 Boussardi
897 2373 959 2398 loco
980 2373 1023 2398 sui
1046 2372 1123 2397 testis
1145 2372 1327 2404 subrogatus.
1342 2379 1357 2396 a
1373 2379 1433 2404 quo
1451 2372 1589 2403 magistro
1606 2371 1752 2404 Stephano
1775 2371 1925 2404 recipiebat
1948 2372 2074 2397 mediam

201 2421 314 2451 partem
330 2419 398 2445 dicti
412 2420 508 2449 officii,
525 2422 613 2453 prout
628 2421 739 2446 audivit
756 2421 816 2454 ipse
830 2421 881 2454 qui
898 2422 1031 2454 loquitur
1045 2423 1105 2446 tam
1121 2429 1135 2446 a
1148 2421 1226 2446 dicto
1239 2420 1408 2445 cancellario
1423 2422 1448 2445 01
1467 2420 1658 2445 familiaribus
1674 2420 1740 2448 suis.
1756 2428 1845 2453 qnam
1861 2428 1875 2445 a
1889 2421 1966 2446 dicto
1981 2421 2074 2453 magi-

201 2469 259 2493 stro
275 2468 421 2501 Stephano
437 2469 602 2502 subrogato.
619 2470 761 2499 Adiciens,
779 2470 859 2503 quod
876 2470 949 2495 dum
966 2470 1025 2503 ipse
1041 2470 1092 2503 qui
1113 2470 1246 2503 loquitur
1261 2471 1321 2494 erat
1339 2469 1367 2494 in
1384 2469 1462 2494 dicto
1476 2469 1570 2494 officio
1588 2469 1701 2497 notarii,
1718 2469 1775 2502 ipsc
1793 2470 1853 2494 fecit
1872 2478 2008 2502 expensas
2023 2477 2075 2502 pro

200 2516 278 2542 dicto
293 2518 463 2543 cancellario
477 2520 505 2544 ct
520 2518 555 2544 dc
570 2519 632 2551 ejus
648 2519 788 2544 mandato
804 2520 832 2544 in
849 2520 979 2552 parando
994 2520 1092 2545 locum
1109 2519 1259 2544 audiencie
1275 2518 1319 2543 sui
1332 2518 1433 2550 judicii
1450 2525 1542 2550 usquc
1565 2518 1598 2542 ad
1626 2526 1773 2543 sumniam
1796 2518 1830 2550 xij
1852 2519 2017 2543 francorum
2032 2519 2074 2543 xel

201 2565 284 2593 circa,
301 2573 392 2599 quam
409 2568 579 2599 peccuniam
596 2568 691 2593 noluit
705 2569 855 2594 restituere
868 2569 945 2594 dicto
962 2568 1039 2597 testi:
1056 2568 1148 2593 immo
1164 2568 1199 2592 ad
1219 2568 1272 2592 hoc
1287 2569 1402 2592 vocatus
1418 2574 1515 2592 coram
1530 2567 1657 2599 capitulo
1672 2567 1818 2592 l‘arisiensi
1834 2567 1942 2592 ibidem
1962 2568 2072 2598 negavit

200 2614 313 2639 dictum
327 2615 460 2640 debitum
479 2616 575 2642 medio
587 2617 769 2650 juramento.
787 2618 838 2650 qui
853 2618 1039 2643 cancellarius
1055 2617 1148 2642 eidem
1165 2617 1216 2649 qni
1233 2616 1364 2648 loquitur
1379 2617 1461 2641 antea
1480 2616 1600 2641 dixerat.
1618 2616 1696 2648 qnod
1717 2616 1780 2648 plus
1795 2616 1922 2641 lucratus
1939 2617 2027 2640 suerat
2046 2617 2075 2641 in

201 2662 277 2688 dicto
293 2664 398 2692 officio.
417 2672 507 2697 (piam
524 2665 599 2691 dicte
614 2674 737 2698 expense
752 2666 955 2695 ascendebant,
974 2667 1071 2691 volens
1086 2666 1123 2691 sic
1137 2672 1334 2698 compensare,
1352 2666 1382 2689 ul
1398 2665 1491 2690 eidem
1509 2665 1571 2690 testi
1586 2665 1709 2691 xidclur.
1727 2665 1842 2689 lucrum
1856 2665 1935 2697 quod
1951 2673 1982 2689 cx
1999 2665 2075 2689 dicto

201 2712 297 2737 officio
315 2713 425 2738 volebat
443 2714 548 2739 habere
561 2722 575 2739 a
591 2715 668 2740 dicto
682 2715 804 2743 notario,
822 2723 890 2740 cum
906 2715 973 2748 ipsis
988 2715 1127 2748 expensis.
1146 2715 1236 2739 invito
1255 2716 1351 2738 lamen
1370 2715 1438 2738 teste
1454 2713 1627 2746 predicto...

289 2760 380 2795 xiiijss,
403 2762 535 2794 Magister
550 2763 669 2788 Tnoms
685 2772 720 2788 m:
738 2764 894 2793 Bumrnn,
916 2764 1052 2797 magister
1071 2764 1100 2788 111
1117 2763 1227 2788 artibus
1242 2763 1309 2787 alias
1329 2763 1454 2795 juratus,
1472 2762 1666 2793 interrogalus
1689 2770 1774 2794 super
1796 2762 1981 2794 manuscriptis
1997 2762 2074 2794 capi—

202 2809 279 2837 tulis.
294 2811 321 2835 et
338 2810 433 2842 primo
446 2819 532 2844 super
547 2811 710 2846 [lxij⁰],aliis
726 2812 855 2838 missuris
870 2812 905 2838 de
922 2813 1070 2838 voluntate
1087 2812 1325 2845 producentium.
1341 2811 1413 2835 dixit
1428 2812 1452 2835 et
1470 2811 1613 2843 deposuit,
1633 2818 1731 2834 verum
1749 2818 1805 2834 csse
1820 2810 1897 2842 quod
1915 2811 1999 2834 semel
2018 2810 2075 2841 ipse

201 2857 270 2883 vidit
287 2858 317 2883 in
333 2859 421 2883 domo
438 2860 567 2892 magistri
583 2861 724 2886 Johannis
745 2862 896 2890 Trouillet,
921 2870 972 2894 pro
989 2863 1059 2886 tunc
1080 2861 1196 2886 rectoris
1214 2860 1418 2888 [nivorsnalis.
1435 2860 1578 2884 Tholnam
1602 2859 1746 2883 Claudum
1766 2858 1894 2890 ejusdem
1912 2858 1970 2891 mio)
1986 2867 2073 2883 cano-

203 2906 259 2931 nici
272 2907 378 2940 capelle
394 2908 468 2940 regie
484 2909 582 2941 palatii
597 2910 758 2935 Parisicnsis
772 2912 799 2935 et
815 2911 963 2943 petentem
976 2909 1084 2944 libro[s]
1098 2918 1164 2934 snos
1175 2918 1189 2934 a
1200 2909 1277 2934 dicto
1291 2910 1409 2934 rectore.
1428 2908 1458 2933 El
1476 2907 1570 2932 dictus
1585 2909 1678 2932 rector
1690 2907 1758 2931 dixit
1777 2907 1827 2931 sibi
1845 2907 1908 2931 talia
1927 2907 2019 2932 verba.
2034 2907 2075 2932 vel
