<?xml version="1.0" encoding="UTF-8"?>
<!DOCTYPE html PUBLIC "-//W3C//DTD XHTML 1.0 Transitional//EN"
    "http://www.w3.org/TR/xhtml1/DTD/xhtml1-transitional.dtd">
<html xmlns="http://www.w3.org/1999/xhtml" xml:lang="en" lang="en">
 <head>
  <title>
</title>
<meta http-equiv="Content-Type" content="text/html;charset=utf-8" />
  <meta name='ocr-system' content='tesseract 3.04.00' />
  <meta name='ocr-capabilities' content='ocr_page ocr_carea ocr_par ocr_line ocrx_word'/>
</head>
<body>
  <div class='ocr_page' id='page_1' title='image "auctariumchartul03univuoft_0389.png"; bbox 0 0 2488 3386; ppageno 0'>
   <div class='ocr_carea' id='block_1_1' title="bbox 228 331 2081 373">
    <p class='ocr_par' dir='ltr' id='par_1_1' title="bbox 228 331 2081 373">
     <span class='ocr_line' id='line_1_1' title="bbox 228 331 2081 373; baseline 0.002 -7"><span class='ocrx_word' id='word_1_1' title='bbox 228 331 323 367; x_wconf 85' lang='lat'>1385]</span> <span class='ocrx_word' id='word_1_2' title='bbox 646 345 691 366; x_wconf 71' lang='lat' dir='ltr'>AB</span> <span class='ocrx_word' id='word_1_3' title='bbox 726 345 830 366; x_wconf 73' lang='grc' dir='ltr'><strong>ΑΝΝΟ</strong></span> <span class='ocrx_word' id='word_1_4' title='bbox 866 345 995 367; x_wconf 83' lang='lat' dir='ltr'>MCCCL</span> <span class='ocrx_word' id='word_1_5' title='bbox 1030 345 1160 373; x_wconf 72' lang='lat' dir='ltr'>USQUE</span> <span class='ocrx_word' id='word_1_6' title='bbox 1195 346 1243 367; x_wconf 70' lang='lat' dir='ltr'>AD</span> <span class='ocrx_word' id='word_1_7' title='bbox 1280 346 1543 368; x_wconf 73' lang='lat' dir='ltr'>BENEnicTUM</span> <span class='ocrx_word' id='word_1_8' title='bbox 1580 349 1669 369; x_wconf 75' lang='grc' dir='ltr'>Χιιι.</span> <span class='ocrx_word' id='word_1_9' title='bbox 2021 340 2081 372; x_wconf 88' lang='grc'>341</span> 
     </span>
    </p>
   </div>
   <div class='ocr_carea' id='block_1_2' title="bbox 216 418 2086 1861">
    <p class='ocr_par' dir='ltr' id='par_1_2' title="bbox 225 418 2086 517">
     <span class='ocr_line' id='line_1_2' title="bbox 225 418 2086 466; baseline 0.003 -16"><span class='ocrx_word' id='word_1_10' title='bbox 225 418 358 450; x_wconf 89' lang='lat' dir='ltr'>tionem</span> <span class='ocrx_word' id='word_1_11' title='bbox 386 418 564 451; x_wconf 90' lang='lat' dir='ltr'>abusuum</span> <span class='ocrx_word' id='word_1_12' title='bbox 588 418 645 451; x_wconf 92' lang='lat' dir='ltr'>vel</span> <span class='ocrx_word' id='word_1_13' title='bbox 666 430 882 451; x_wconf 80' lang='lat' dir='ltr'>excessuum</span> <span class='ocrx_word' id='word_1_14' title='bbox 904 418 1151 451; x_wconf 87' lang='lat' dir='ltr'>verisimiliter</span> <span class='ocrx_word' id='word_1_15' title='bbox 1173 418 1251 451; x_wconf 85' lang='lat' dir='ltr'>fieri</span> <span class='ocrx_word' id='word_1_16' title='bbox 1272 419 1501 463; x_wconf 88' lang='lat' dir='ltr'>possibilium</span> <span class='ocrx_word' id='word_1_17' title='bbox 1525 428 1653 453; x_wconf 89' lang='lat' dir='ltr'>statuta</span> <span class='ocrx_word' id='word_1_18' title='bbox 1672 433 1740 465; x_wconf 84' lang='lat' dir='ltr'>que</span> <span class='ocrx_word' id='word_1_19' title='bbox 1762 429 1964 466; x_wconf 74' lang='lat' dir='ltr'>sequuntur</span> <span class='ocrx_word' id='word_1_20' title='bbox 1984 423 2086 455; x_wconf 84' lang='lat' dir='ltr'>(luxi-</span> 
     </span>
     <span class='ocr_line' id='line_1_3' title="bbox 225 484 576 517; baseline 0.003 -1"><span class='ocrx_word' id='word_1_21' title='bbox 225 496 304 516; x_wconf 85' lang='lat' dir='ltr'>mus</span> <span class='ocrx_word' id='word_1_22' title='bbox 326 484 545 517; x_wconf 90' lang='lat' dir='ltr'>ordinanda¹</span> <span class='ocrx_word' id='word_1_23' title='bbox 570 497 576 517; x_wconf 94' lang='lat'><strong>:</strong></span> 
     </span>
    </p>

    <p class='ocr_par' dir='ltr' id='par_1_3' title="bbox 223 551 2086 861">
     <span class='ocr_line' id='line_1_4' title="bbox 315 551 2084 596; baseline 0.003 -13"><span class='ocrx_word' id='word_1_24' title='bbox 315 551 497 596; x_wconf 82' lang='lat' dir='ltr'><strong>Imprimis</strong></span> <span class='ocrx_word' id='word_1_25' title='bbox 527 551 638 596; x_wconf 86' lang='lat' dir='ltr'>igitur</span> <span class='ocrx_word' id='word_1_26' title='bbox 666 551 858 584; x_wconf 78' lang='lat' dir='ltr'>statuimus</span> <span class='ocrx_word' id='word_1_27' title='bbox 887 563 951 584; x_wconf 90' lang='lat' dir='ltr'>seu</span> <span class='ocrx_word' id='word_1_28' title='bbox 982 552 1205 592; x_wconf 70' lang='lat' dir='ltr'>ordinamus,</span> <span class='ocrx_word' id='word_1_29' title='bbox 1234 552 1331 596; x_wconf 91' lang='lat' dir='ltr'>quod</span> <span class='ocrx_word' id='word_1_30' title='bbox 1353 552 1507 596; x_wconf 82' lang='lat' dir='ltr'>quilibet</span> <span class='ocrx_word' id='word_1_31' title='bbox 1530 553 1757 586; x_wconf 89' lang='lat' dir='ltr'>bachelarius</span> <span class='ocrx_word' id='word_1_32' title='bbox 1779 555 2022 588; x_wconf 86' lang='lat' dir='ltr'>admittendus</span> <span class='ocrx_word' id='word_1_33' title='bbox 2042 557 2084 588; x_wconf 86' lang='lat' dir='ltr'>ad</span> 
     </span>
     <span class='ocr_line' id='line_1_5' title="bbox 224 616 2085 663; baseline 0.003 -14"><span class='ocrx_word' id='word_1_34' title='bbox 224 616 538 650; x_wconf 88' lang='lat' dir='ltr'>determinandum</span> <span class='ocrx_word' id='word_1_35' title='bbox 559 617 596 650; x_wconf 92' lang='lat' dir='ltr'>in</span> <span class='ocrx_word' id='word_1_36' title='bbox 616 617 755 650; x_wconf 87' lang='lat' dir='ltr'>artibus</span> <span class='ocrx_word' id='word_1_37' title='bbox 772 617 829 650; x_wconf 90' lang='lat' dir='ltr'>vel</span> <span class='ocrx_word' id='word_1_38' title='bbox 850 618 954 650; x_wconf 87' lang='lat' dir='ltr'>etiam</span> <span class='ocrx_word' id='word_1_39' title='bbox 977 618 1020 650; x_wconf 93' lang='lat' dir='ltr'>ad</span> <span class='ocrx_word' id='word_1_40' title='bbox 1041 618 1237 663; x_wconf 87' lang='lat' dir='ltr'>legendum</span> <span class='ocrx_word' id='word_1_41' title='bbox 1256 618 1292 650; x_wconf 92' lang='lat' dir='ltr'>in</span> <span class='ocrx_word' id='word_1_42' title='bbox 1312 618 1392 651; x_wconf 84' lang='lat' dir='ltr'>aliis</span> <span class='ocrx_word' id='word_1_43' title='bbox 1408 619 1749 663; x_wconf 83' lang='lat' dir='ltr'>facultatibusjuret</span> <span class='ocrx_word' id='word_1_44' title='bbox 1765 620 1800 652; x_wconf 89' lang='lat' dir='ltr'>in</span> <span class='ocrx_word' id='word_1_45' title='bbox 1822 633 1885 653; x_wconf 85' lang='lat' dir='ltr'>sua</span> <span class='ocrx_word' id='word_1_46' title='bbox 1906 622 2085 662; x_wconf 77' lang='lat' dir='ltr'>facultate,</span> 
     </span>
     <span class='ocr_line' id='line_1_6' title="bbox 223 683 2086 729; baseline 0.003 -14"><span class='ocrx_word' id='word_1_47' title='bbox 223 683 319 727; x_wconf 93' lang='lat' dir='ltr'>quod</span> <span class='ocrx_word' id='word_1_48' title='bbox 342 683 452 715; x_wconf 85' lang='lat' dir='ltr'>nichil</span> <span class='ocrx_word' id='word_1_49' title='bbox 474 683 573 716; x_wconf 87' lang='lat' dir='ltr'>dedit</span> <span class='ocrx_word' id='word_1_50' title='bbox 599 690 659 716; x_wconf 89' lang='lat' dir='ltr'>aut</span> <span class='ocrx_word' id='word_1_51' title='bbox 689 684 867 728; x_wconf 88' lang='lat' dir='ltr'>promisit,</span> <span class='ocrx_word' id='word_1_52' title='bbox 890 684 988 717; x_wconf 91' lang='lat' dir='ltr'>dabit</span> <span class='ocrx_word' id='word_1_53' title='bbox 1012 691 1072 717; x_wconf 89' lang='lat' dir='ltr'>aut</span> <span class='ocrx_word' id='word_1_54' title='bbox 1096 685 1281 729; x_wconf 77' lang='lat' dir='ltr'>promittet</span> <span class='ocrx_word' id='word_1_55' title='bbox 1310 685 1526 729; x_wconf 87' lang='lat' dir='ltr'>cuicunque,</span> <span class='ocrx_word' id='word_1_56' title='bbox 1555 693 1590 717; x_wconf 88' lang='lat' dir='ltr'>ut</span> <span class='ocrx_word' id='word_1_57' title='bbox 1618 686 1824 718; x_wconf 76' lang='lat' dir='ltr'>admittatur</span> <span class='ocrx_word' id='word_1_58' title='bbox 1845 688 1887 719; x_wconf 89' lang='lat' dir='ltr'>ad</span> <span class='ocrx_word' id='word_1_59' title='bbox 1918 688 2086 720; x_wconf 89' lang='lat' dir='ltr'>determi-</span> 
     </span>
     <span class='ocr_line' id='line_1_7' title="bbox 223 750 2084 799; baseline 0.003 -17"><span class='ocrx_word' id='word_1_60' title='bbox 223 750 379 782; x_wconf 87' lang='lat' dir='ltr'>nandum</span> <span class='ocrx_word' id='word_1_61' title='bbox 402 761 466 782; x_wconf 91' lang='lat' dir='ltr'>seu</span> <span class='ocrx_word' id='word_1_62' title='bbox 487 750 531 783; x_wconf 91' lang='lat' dir='ltr'>ad</span> <span class='ocrx_word' id='word_1_63' title='bbox 559 750 768 795; x_wconf 88' lang='lat' dir='ltr'>legendum,</span> <span class='ocrx_word' id='word_1_64' title='bbox 797 763 863 783; x_wconf 89' lang='lat' dir='ltr'>nec</span> <span class='ocrx_word' id='word_1_65' title='bbox 891 751 995 783; x_wconf 87' lang='lat' dir='ltr'>etiam</span> <span class='ocrx_word' id='word_1_66' title='bbox 1018 763 1083 795; x_wconf 93' lang='lat' dir='ltr'>pro</span> <span class='ocrx_word' id='word_1_67' title='bbox 1105 751 1269 788; x_wconf 76' lang='lat' dir='ltr'>licencia,</span> <span class='ocrx_word' id='word_1_68' title='bbox 1298 763 1362 783; x_wconf 87' lang='lat' dir='ltr'>nee</span> <span class='ocrx_word' id='word_1_69' title='bbox 1392 751 1429 783; x_wconf 88' lang='lat' dir='ltr'>iu</span> <span class='ocrx_word' id='word_1_70' title='bbox 1461 753 1667 796; x_wconf 73' lang='lat' dir='ltr'>receptione</span> <span class='ocrx_word' id='word_1_71' title='bbox 1696 753 1842 796; x_wconf 72' lang='lat' dir='ltr'>signeti,</span> <span class='ocrx_word' id='word_1_72' title='bbox 1868 766 2084 799; x_wconf 87' lang='lat' dir='ltr'>quocunque</span> 
     </span>
     <span class='ocr_line' id='line_1_8' title="bbox 223 816 1104 861; baseline 0.002 -13"><span class='ocrx_word' id='word_1_73' title='bbox 223 816 348 861; x_wconf 84' lang='lat' dir='ltr'>tytulo,</span> <span class='ocrx_word' id='word_1_74' title='bbox 371 823 452 849; x_wconf 85' lang='lat' dir='ltr'>ante</span> <span class='ocrx_word' id='word_1_75' title='bbox 474 816 668 858; x_wconf 76' lang='lat' dir='ltr'>licentiam,</span> <span class='ocrx_word' id='word_1_76' title='bbox 687 817 785 849; x_wconf 92' lang='lat' dir='ltr'>omni</span> <span class='ocrx_word' id='word_1_77' title='bbox 805 817 931 849; x_wconf 88' lang='lat' dir='ltr'>fraude</span> <span class='ocrx_word' id='word_1_78' title='bbox 955 824 1104 850; x_wconf 87' lang='lat' dir='ltr'>semota.</span> 
     </span>
    </p>

    <p class='ocr_par' dir='ltr' id='par_1_4' title="bbox 220 883 2086 1190">
     <span class='ocr_line' id='line_1_9' title="bbox 311 883 2085 928; baseline 0.002 -13"><span class='ocrx_word' id='word_1_79' title='bbox 311 883 398 915; x_wconf 83' lang='lat' dir='ltr'>Item</span> <span class='ocrx_word' id='word_1_80' title='bbox 421 883 612 916; x_wconf 89' lang='lat' dir='ltr'>statuimus</span> <span class='ocrx_word' id='word_1_81' title='bbox 629 883 726 927; x_wconf 87' lang='lat' dir='ltr'>quod</span> <span class='ocrx_word' id='word_1_82' title='bbox 743 883 897 928; x_wconf 89' lang='lat' dir='ltr'>quilibet</span> <span class='ocrx_word' id='word_1_83' title='bbox 916 883 1145 916; x_wconf 89' lang='lat' dir='ltr'>bachelarius</span> <span class='ocrx_word' id='word_1_84' title='bbox 1167 884 1218 916; x_wconf 87' lang='lat' dir='ltr'>sic</span> <span class='ocrx_word' id='word_1_85' title='bbox 1240 884 1486 917; x_wconf 89' lang='lat' dir='ltr'>admittendus</span> <span class='ocrx_word' id='word_1_86' title='bbox 1501 885 1544 917; x_wconf 89' lang='lat' dir='ltr'>ad</span> <span class='ocrx_word' id='word_1_87' title='bbox 1565 885 1877 918; x_wconf 86' lang='lat' dir='ltr'>determinandum</span> <span class='ocrx_word' id='word_1_88' title='bbox 1895 886 1931 918; x_wconf 88' lang='lat' dir='ltr'>in</span> <span class='ocrx_word' id='word_1_89' title='bbox 1948 886 2085 919; x_wconf 86' lang='lat' dir='ltr'>artibus</span> 
     </span>
     <span class='ocr_line' id='line_1_10' title="bbox 220 948 2086 994; baseline 0.002 -13"><span class='ocrx_word' id='word_1_90' title='bbox 220 948 278 981; x_wconf 89' lang='lat' dir='ltr'>vel</span> <span class='ocrx_word' id='word_1_91' title='bbox 299 949 403 981; x_wconf 89' lang='lat' dir='ltr'>etiam</span> <span class='ocrx_word' id='word_1_92' title='bbox 421 949 464 982; x_wconf 86' lang='lat' dir='ltr'>ad</span> <span class='ocrx_word' id='word_1_93' title='bbox 486 949 681 994; x_wconf 84' lang='lat' dir='ltr'>legendum</span> <span class='ocrx_word' id='word_1_94' title='bbox 703 949 739 982; x_wconf 92' lang='lat' dir='ltr'>in</span> <span class='ocrx_word' id='word_1_95' title='bbox 757 949 837 982; x_wconf 85' lang='lat' dir='ltr'>aliis</span> <span class='ocrx_word' id='word_1_96' title='bbox 853 949 1098 991; x_wconf 83' lang='lat' dir='ltr'>facultatibus,</span> <span class='ocrx_word' id='word_1_97' title='bbox 1116 951 1215 994; x_wconf 81' lang='lat' dir='ltr'>juret</span> <span class='ocrx_word' id='word_1_98' title='bbox 1236 951 1271 982; x_wconf 90' lang='lat' dir='ltr'>in</span> <span class='ocrx_word' id='word_1_99' title='bbox 1289 962 1353 983; x_wconf 88' lang='lat' dir='ltr'>sua</span> <span class='ocrx_word' id='word_1_100' title='bbox 1369 951 1535 983; x_wconf 86' lang='lat' dir='ltr'>facultate</span> <span class='ocrx_word' id='word_1_101' title='bbox 1553 951 1727 984; x_wconf 82' lang='lat' dir='ltr'>honorem</span> <span class='ocrx_word' id='word_1_102' title='bbox 1750 953 1902 985; x_wconf 86' lang='lat' dir='ltr'>rectoris</span> <span class='ocrx_word' id='word_1_103' title='bbox 1919 960 1954 985; x_wconf 89' lang='lat' dir='ltr'>et</span> <span class='ocrx_word' id='word_1_104' title='bbox 1975 960 2086 986; x_wconf 89' lang='lat' dir='ltr'>recto-</span> 
     </span>
     <span class='ocr_line' id='line_1_11' title="bbox 222 1015 2086 1062; baseline 0.003 -15"><span class='ocrx_word' id='word_1_105' title='bbox 222 1015 286 1057; x_wconf 86' lang='lat' dir='ltr'>rie,</span> <span class='ocrx_word' id='word_1_106' title='bbox 305 1022 521 1061; x_wconf 83' lang='lat' dir='ltr'>statutaque,</span> <span class='ocrx_word' id='word_1_107' title='bbox 539 1016 725 1049; x_wconf 81' lang='lat' dir='ltr'>libertates</span> <span class='ocrx_word' id='word_1_108' title='bbox 747 1023 781 1049; x_wconf 93' lang='lat' dir='ltr'>et</span> <span class='ocrx_word' id='word_1_109' title='bbox 802 1016 992 1062; x_wconf 84' lang='lat' dir='ltr'>privilegia</span> <span class='ocrx_word' id='word_1_110' title='bbox 1013 1024 1047 1049; x_wconf 87' lang='lat' dir='ltr'>et</span> <span class='ocrx_word' id='word_1_111' title='bbox 1068 1017 1353 1050; x_wconf 89' lang='lat' dir='ltr'>consuetudines</span> <span class='ocrx_word' id='word_1_112' title='bbox 1375 1017 1576 1051; x_wconf 86' lang='lat' dir='ltr'>laudabiles</span> <span class='ocrx_word' id='word_1_113' title='bbox 1594 1019 1848 1052; x_wconf 88' lang='lat' dir='ltr'>Universitatis</span> <span class='ocrx_word' id='word_1_114' title='bbox 1870 1020 2086 1053; x_wconf 88' lang='lat' dir='ltr'>Parisiensis</span> 
     </span>
     <span class='ocr_line' id='line_1_12' title="bbox 221 1081 2086 1129; baseline 0.002 -14"><span class='ocrx_word' id='word_1_115' title='bbox 221 1081 416 1115; x_wconf 88' lang='lat' dir='ltr'>observare</span> <span class='ocrx_word' id='word_1_116' title='bbox 437 1089 472 1115; x_wconf 89' lang='lat' dir='ltr'>et</span> <span class='ocrx_word' id='word_1_117' title='bbox 492 1083 702 1124; x_wconf 84' lang='lat' dir='ltr'>defendere,</span> <span class='ocrx_word' id='word_1_118' title='bbox 730 1083 772 1116; x_wconf 90' lang='lat' dir='ltr'>ad</span> <span class='ocrx_word' id='word_1_119' title='bbox 795 1095 1048 1128; x_wconf 87' lang='lat' dir='ltr'>quemcunque</span> <span class='ocrx_word' id='word_1_120' title='bbox 1069 1090 1199 1116; x_wconf 87' lang='lat' dir='ltr'>statum</span> <span class='ocrx_word' id='word_1_121' title='bbox 1222 1084 1421 1125; x_wconf 78' lang='lat' dir='ltr'>devenerit,</span> <span class='ocrx_word' id='word_1_122' title='bbox 1445 1091 1480 1117; x_wconf 86' lang='lat' dir='ltr'>et</span> <span class='ocrx_word' id='word_1_123' title='bbox 1499 1085 1593 1129; x_wconf 88' lang='lat' dir='ltr'>quod</span> <span class='ocrx_word' id='word_1_124' title='bbox 1617 1085 1745 1118; x_wconf 76' lang='lat' dir='ltr'>celabit</span> <span class='ocrx_word' id='word_1_125' title='bbox 1774 1093 1912 1119; x_wconf 85' lang='lat' dir='ltr'>secreta</span> <span class='ocrx_word' id='word_1_126' title='bbox 1935 1087 2086 1119; x_wconf 91' lang='lat' dir='ltr'>Univer-</span> 
     </span>
     <span class='ocr_line' id='line_1_13' title="bbox 220 1149 758 1190; baseline 0.002 -9"><span class='ocrx_word' id='word_1_127' title='bbox 220 1149 350 1190; x_wconf 81' lang='lat' dir='ltr'>sitatis,</span> <span class='ocrx_word' id='word_1_128' title='bbox 373 1149 464 1181; x_wconf 90' lang='lat' dir='ltr'>nulli</span> <span class='ocrx_word' id='word_1_129' title='bbox 488 1161 528 1182; x_wconf 89' lang='lat' dir='ltr'>ea</span> <span class='ocrx_word' id='word_1_130' title='bbox 551 1149 758 1183; x_wconf 86' lang='lat' dir='ltr'>revelando.</span> 
     </span>
    </p>

    <p class='ocr_par' dir='ltr' id='par_1_5' title="bbox 217 1216 2085 1594">
     <span class='ocr_line' id='line_1_14' title="bbox 309 1216 2083 1264; baseline 0.003 -17"><span class='ocrx_word' id='word_1_131' title='bbox 309 1216 396 1248; x_wconf 88' lang='lat' dir='ltr'>Item</span> <span class='ocrx_word' id='word_1_132' title='bbox 419 1216 610 1248; x_wconf 84' lang='lat' dir='ltr'>statuimus</span> <span class='ocrx_word' id='word_1_133' title='bbox 632 1217 729 1260; x_wconf 90' lang='lat' dir='ltr'>quod</span> <span class='ocrx_word' id='word_1_134' title='bbox 750 1216 787 1248; x_wconf 92' lang='lat' dir='ltr'>in</span> <span class='ocrx_word' id='word_1_135' title='bbox 808 1216 975 1250; x_wconf 83' lang='lat' dir='ltr'>facultate</span> <span class='ocrx_word' id='word_1_136' title='bbox 997 1216 1195 1262; x_wconf 79' lang='lat' dir='ltr'>theologie,</span> <span class='ocrx_word' id='word_1_137' title='bbox 1218 1217 1446 1250; x_wconf 90' lang='lat' dir='ltr'>decretorum</span> <span class='ocrx_word' id='word_1_138' title='bbox 1469 1224 1504 1250; x_wconf 90' lang='lat' dir='ltr'>et</span> <span class='ocrx_word' id='word_1_139' title='bbox 1525 1218 1703 1250; x_wconf 84' lang='lat' dir='ltr'>medicine</span> <span class='ocrx_word' id='word_1_140' title='bbox 1726 1219 1889 1264; x_wconf 83' lang='lat' dir='ltr'>magistri</span> <span class='ocrx_word' id='word_1_141' title='bbox 1909 1219 2083 1252; x_wconf 90' lang='lat' dir='ltr'>dictarum</span> 
     </span>
     <span class='ocr_line' id='line_1_15' title="bbox 218 1281 2083 1330; baseline 0.002 -16"><span class='ocrx_word' id='word_1_142' title='bbox 218 1281 423 1314; x_wconf 85' lang='lat' dir='ltr'>facultatum</span> <span class='ocrx_word' id='word_1_143' title='bbox 445 1289 527 1315; x_wconf 90' lang='lat' dir='ltr'>ante</span> <span class='ocrx_word' id='word_1_144' title='bbox 547 1283 777 1327; x_wconf 87' lang='lat' dir='ltr'>apercionem</span> <span class='ocrx_word' id='word_1_145' title='bbox 802 1283 1010 1316; x_wconf 86' lang='lat' dir='ltr'>tentaminis</span> <span class='ocrx_word' id='word_1_146' title='bbox 1037 1290 1072 1316; x_wconf 87' lang='lat' dir='ltr'>et</span> <span class='ocrx_word' id='word_1_147' title='bbox 1100 1283 1275 1316; x_wconf 84' lang='lat' dir='ltr'>examinis</span> <span class='ocrx_word' id='word_1_148' title='bbox 1298 1284 1437 1316; x_wconf 87' lang='lat' dir='ltr'>domini</span> <span class='ocrx_word' id='word_1_149' title='bbox 1457 1284 1663 1317; x_wconf 88' lang='lat' dir='ltr'>cancellarii</span> <span class='ocrx_word' id='word_1_150' title='bbox 1681 1285 1835 1318; x_wconf 83' lang='lat' dir='ltr'>ecclesie</span> <span class='ocrx_word' id='word_1_151' title='bbox 1863 1286 2083 1330; x_wconf 85' lang='lat' dir='ltr'>Parysiens.,</span> 
     </span>
     <span class='ocr_line' id='line_1_16' title="bbox 218 1348 2084 1395; baseline 0.003 -15"><span class='ocrx_word' id='word_1_152' title='bbox 218 1359 281 1381; x_wconf 86' lang='lat' dir='ltr'>seu</span> <span class='ocrx_word' id='word_1_153' title='bbox 306 1348 538 1381; x_wconf 86' lang='lat' dir='ltr'>vocacionem</span> <span class='ocrx_word' id='word_1_154' title='bbox 563 1355 597 1382; x_wconf 90' lang='lat' dir='ltr'>et</span> <span class='ocrx_word' id='word_1_155' title='bbox 620 1349 893 1394; x_wconf 88' lang='lat' dir='ltr'>deposicionem</span> <span class='ocrx_word' id='word_1_156' title='bbox 915 1350 1171 1395; x_wconf 84' lang='lat' dir='ltr'>magistrorum</span> <span class='ocrx_word' id='word_1_157' title='bbox 1199 1350 1242 1382; x_wconf 89' lang='lat' dir='ltr'>ad</span> <span class='ocrx_word' id='word_1_158' title='bbox 1271 1357 1421 1395; x_wconf 73' lang='lat' dir='ltr'>partem,</span> <span class='ocrx_word' id='word_1_159' title='bbox 1447 1351 1649 1384; x_wconf 88' lang='lat' dir='ltr'>deliberent</span> <span class='ocrx_word' id='word_1_160' title='bbox 1676 1352 1770 1384; x_wconf 89' lang='lat' dir='ltr'>inter</span> <span class='ocrx_word' id='word_1_161' title='bbox 1795 1364 1833 1384; x_wconf 88' lang='lat' dir='ltr'>se</span> <span class='ocrx_word' id='word_1_162' title='bbox 1861 1359 1895 1384; x_wconf 92' lang='lat' dir='ltr'>et</span> <span class='ocrx_word' id='word_1_163' title='bbox 1916 1353 2084 1385; x_wconf 86' lang='lat' dir='ltr'>ordinent</span> 
     </span>
     <span class='ocr_line' id='line_1_17' title="bbox 218 1414 2083 1451; baseline 0.002 -4"><span class='ocrx_word' id='word_1_164' title='bbox 218 1414 261 1447; x_wconf 91' lang='lat' dir='ltr'>de</span> <span class='ocrx_word' id='word_1_165' title='bbox 291 1414 520 1448; x_wconf 89' lang='lat' dir='ltr'>bachallariis</span> <span class='ocrx_word' id='word_1_166' title='bbox 551 1422 586 1448; x_wconf 88' lang='lat' dir='ltr'>et</span> <span class='ocrx_word' id='word_1_167' title='bbox 617 1416 839 1449; x_wconf 85' lang='lat' dir='ltr'>sussiciencia</span> <span class='ocrx_word' id='word_1_168' title='bbox 870 1417 1069 1449; x_wconf 90' lang='lat' dir='ltr'>eorundem</span> <span class='ocrx_word' id='word_1_169' title='bbox 1101 1424 1136 1449; x_wconf 89' lang='lat' dir='ltr'>et</span> <span class='ocrx_word' id='word_1_170' title='bbox 1170 1417 1214 1449; x_wconf 90' lang='lat' dir='ltr'>de</span> <span class='ocrx_word' id='word_1_171' title='bbox 1243 1417 1372 1449; x_wconf 89' lang='lat' dir='ltr'>ordine</span> <span class='ocrx_word' id='word_1_172' title='bbox 1404 1417 1557 1450; x_wconf 87' lang='lat' dir='ltr'>licencie</span> <span class='ocrx_word' id='word_1_173' title='bbox 1592 1430 1655 1451; x_wconf 88' lang='lat' dir='ltr'>seu</span> <span class='ocrx_word' id='word_1_174' title='bbox 1689 1418 1850 1451; x_wconf 93' lang='lat' dir='ltr'>locorum</span> <span class='ocrx_word' id='word_1_175' title='bbox 1884 1419 2083 1451; x_wconf 88' lang='lat' dir='ltr'>secundum</span> 
     </span>
     <span class='ocr_line' id='line_1_18' title="bbox 218 1481 2085 1528; baseline 0.002 -15"><span class='ocrx_word' id='word_1_176' title='bbox 218 1481 363 1514; x_wconf 91' lang='lat' dir='ltr'>modum</span> <span class='ocrx_word' id='word_1_177' title='bbox 386 1482 447 1526; x_wconf 93' lang='lat' dir='ltr'>qui</span> <span class='ocrx_word' id='word_1_178' title='bbox 469 1482 666 1527; x_wconf 91' lang='lat' dir='ltr'>unicuique</span> <span class='ocrx_word' id='word_1_179' title='bbox 687 1483 846 1515; x_wconf 88' lang='lat' dir='ltr'>facultati</span> <span class='ocrx_word' id='word_1_180' title='bbox 873 1483 1071 1528; x_wconf 87' lang='lat' dir='ltr'>expediens</span> <span class='ocrx_word' id='word_1_181' title='bbox 1097 1483 1295 1528; x_wconf 85' lang='lat' dir='ltr'>apparebit.</span> <span class='ocrx_word' id='word_1_182' title='bbox 1326 1484 1373 1517; x_wconf 87' lang='lat' dir='ltr'>Et</span> <span class='ocrx_word' id='word_1_183' title='bbox 1402 1484 1499 1528; x_wconf 90' lang='lat' dir='ltr'>quod</span> <span class='ocrx_word' id='word_1_184' title='bbox 1528 1485 1657 1517; x_wconf 85' lang='lat' dir='ltr'>dictam</span> <span class='ocrx_word' id='word_1_185' title='bbox 1686 1497 1784 1517; x_wconf 82' lang='lat' dir='ltr'>suam</span> <span class='ocrx_word' id='word_1_186' title='bbox 1815 1485 2085 1518; x_wconf 88' lang='lat' dir='ltr'>ordinacionem</span> 
     </span>
     <span class='ocr_line' id='line_1_19' title="bbox 217 1548 1478 1594; baseline 0.002 -14"><span class='ocrx_word' id='word_1_187' title='bbox 217 1548 332 1581; x_wconf 88' lang='lat' dir='ltr'>tradat</span> <span class='ocrx_word' id='word_1_188' title='bbox 352 1548 514 1593; x_wconf 88' lang='lat' dir='ltr'>quelibet</span> <span class='ocrx_word' id='word_1_189' title='bbox 532 1549 683 1582; x_wconf 85' lang='lat' dir='ltr'>facultas</span> <span class='ocrx_word' id='word_1_190' title='bbox 704 1549 741 1582; x_wconf 87' lang='lat' dir='ltr'>in</span> <span class='ocrx_word' id='word_1_191' title='bbox 762 1550 909 1594; x_wconf 88' lang='lat' dir='ltr'>scriptis</span> <span class='ocrx_word' id='word_1_192' title='bbox 936 1550 1031 1583; x_wconf 92' lang='lat' dir='ltr'>dicto</span> <span class='ocrx_word' id='word_1_193' title='bbox 1053 1550 1201 1583; x_wconf 93' lang='lat' dir='ltr'>domino</span> <span class='ocrx_word' id='word_1_194' title='bbox 1227 1550 1478 1583; x_wconf 76' lang='lat' dir='ltr'>cancellari02.</span> 
     </span>
    </p>

    <p class='ocr_par' dir='ltr' id='par_1_6' title="bbox 216 1616 2086 1861">
     <span class='ocr_line' id='line_1_20' title="bbox 307 1616 2086 1662; baseline 0.002 -15"><span class='ocrx_word' id='word_1_195' title='bbox 307 1616 379 1647; x_wconf 90' lang='lat' dir='ltr'>Hec</span> <span class='ocrx_word' id='word_1_196' title='bbox 400 1622 532 1656; x_wconf 82' lang='lat' dir='ltr'>autem,</span> <span class='ocrx_word' id='word_1_197' title='bbox 554 1622 593 1648; x_wconf 93' lang='lat' dir='ltr'>ut</span> <span class='ocrx_word' id='word_1_198' title='bbox 612 1616 655 1648; x_wconf 90' lang='lat' dir='ltr'>ad</span> <span class='ocrx_word' id='word_1_199' title='bbox 677 1616 837 1648; x_wconf 90' lang='lat' dir='ltr'>omnium</span> <span class='ocrx_word' id='word_1_200' title='bbox 860 1617 1028 1649; x_wconf 89' lang='lat' dir='ltr'>venirent</span> <span class='ocrx_word' id='word_1_201' title='bbox 1048 1617 1229 1658; x_wconf 87' lang='lat' dir='ltr'>noticiam,</span> <span class='ocrx_word' id='word_1_202' title='bbox 1258 1617 1294 1649; x_wconf 94' lang='lat' dir='ltr'>in</span> <span class='ocrx_word' id='word_1_203' title='bbox 1322 1617 1412 1650; x_wconf 88' lang='lat' dir='ltr'>hanc</span> <span class='ocrx_word' id='word_1_204' title='bbox 1438 1618 1587 1650; x_wconf 87' lang='lat' dir='ltr'>sormam</span> <span class='ocrx_word' id='word_1_205' title='bbox 1619 1618 1735 1662; x_wconf 85' lang='lat' dir='ltr'>redigi</span> <span class='ocrx_word' id='word_1_206' title='bbox 1765 1625 1797 1650; x_wconf 86' lang='lat' dir='ltr'>et</span> <span class='ocrx_word' id='word_1_207' title='bbox 1828 1630 1892 1662; x_wconf 89' lang='lat' dir='ltr'>per</span> <span class='ocrx_word' id='word_1_208' title='bbox 1913 1618 2030 1651; x_wconf 89' lang='lat' dir='ltr'>scolas</span> <span class='ocrx_word' id='word_1_209' title='bbox 2052 1625 2086 1651; x_wconf 91' lang='lat' dir='ltr'>et</span> 
     </span>
     <span class='ocr_line' id='line_1_21' title="bbox 217 1682 2085 1728; baseline 0.002 -15"><span class='ocrx_word' id='word_1_210' title='bbox 217 1692 405 1714; x_wconf 87' lang='lat' dir='ltr'>sermones</span> <span class='ocrx_word' id='word_1_211' title='bbox 433 1689 466 1714; x_wconf 92' lang='lat' dir='ltr'>et</span> <span class='ocrx_word' id='word_1_212' title='bbox 495 1682 702 1726; x_wconf 86' lang='lat' dir='ltr'>specialiter</span> <span class='ocrx_word' id='word_1_213' title='bbox 728 1682 764 1714; x_wconf 92' lang='lat' dir='ltr'>in</span> <span class='ocrx_word' id='word_1_214' title='bbox 794 1682 972 1728; x_wconf 91' lang='lat' dir='ltr'>principio</span> <span class='ocrx_word' id='word_1_215' title='bbox 1003 1683 1189 1724; x_wconf 81' lang='lat' dir='ltr'>ordinarii,</span> <span class='ocrx_word' id='word_1_216' title='bbox 1218 1683 1254 1716; x_wconf 94' lang='lat' dir='ltr'>in</span> <span class='ocrx_word' id='word_1_217' title='bbox 1283 1684 1341 1716; x_wconf 85' lang='lat' dir='ltr'>dic</span> <span class='ocrx_word' id='word_1_218' title='bbox 1367 1684 1537 1716; x_wconf 90' lang='lat' dir='ltr'>Omnium</span> <span class='ocrx_word' id='word_1_219' title='bbox 1568 1684 1795 1725; x_wconf 87' lang='lat' dir='ltr'>Sanctorum,</span> <span class='ocrx_word' id='word_1_220' title='bbox 1819 1686 1877 1717; x_wconf 79' lang='lat' dir='ltr'>ae³</span> <span class='ocrx_word' id='word_1_221' title='bbox 1907 1684 2085 1717; x_wconf 88' lang='lat' dir='ltr'>dominica</span> 
     </span>
     <span class='ocr_line' id='line_1_22' title="bbox 217 1748 2083 1796; baseline 0.002 -16"><span class='ocrx_word' id='word_1_222' title='bbox 217 1754 297 1780; x_wconf 87' lang='lat' dir='ltr'>ante</span> <span class='ocrx_word' id='word_1_223' title='bbox 330 1748 617 1793; x_wconf 88' lang='lat' dir='ltr'>Carnisprivium</span> <span class='ocrx_word' id='word_1_224' title='bbox 644 1749 914 1782; x_wconf 53' lang='lat' dir='ltr'>ordinavimus‘</span> <span class='ocrx_word' id='word_1_225' title='bbox 949 1749 1140 1795; x_wconf 88' lang='lat' dir='ltr'>publicari,</span> <span class='ocrx_word' id='word_1_226' title='bbox 1169 1750 1359 1794; x_wconf 86' lang='lat' dir='ltr'>nostrique</span> <span class='ocrx_word' id='word_1_227' title='bbox 1394 1750 1507 1795; x_wconf 85' lang='lat' dir='ltr'>sigilli</span> <span class='ocrx_word' id='word_1_228' title='bbox 1543 1751 1664 1796; x_wconf 85' lang='lat' dir='ltr'>magni</span> <span class='ocrx_word' id='word_1_229' title='bbox 1700 1751 1853 1784; x_wconf 83' lang='lat' dir='ltr'>fecimus</span> <span class='ocrx_word' id='word_1_230' title='bbox 1886 1751 2083 1784; x_wconf 90' lang='lat' dir='ltr'>munimine</span> 
     </span>
     <span class='ocr_line' id='line_1_23' title="bbox 216 1814 2082 1861; baseline 0.002 -15"><span class='ocrx_word' id='word_1_231' title='bbox 216 1814 392 1847; x_wconf 88' lang='lat' dir='ltr'>roborari.</span> <span class='ocrx_word' id='word_1_232' title='bbox 415 1816 542 1847; x_wconf 88' lang='lat' dir='ltr'>Datum</span> <span class='ocrx_word' id='word_1_233' title='bbox 570 1815 729 1848; x_wconf 84' lang='lat' dir='ltr'>Parisius</span> <span class='ocrx_word' id='word_1_234' title='bbox 751 1816 787 1848; x_wconf 92' lang='lat' dir='ltr'>in</span> <span class='ocrx_word' id='word_1_235' title='bbox 815 1823 937 1849; x_wconf 88' lang='lat' dir='ltr'>nostra</span> <span class='ocrx_word' id='word_1_236' title='bbox 958 1816 1245 1861; x_wconf 84' lang='lat' dir='ltr'>congregatione</span> <span class='ocrx_word' id='word_1_237' title='bbox 1275 1816 1438 1861; x_wconf 86' lang='lat' dir='ltr'>generali</span> <span class='ocrx_word' id='word_1_238' title='bbox 1466 1817 1560 1861; x_wconf 90' lang='lat' dir='ltr'>apud</span> <span class='ocrx_word' id='word_1_239' title='bbox 1592 1817 1627 1852; x_wconf 87' lang='lat' dir='ltr'>S.</span> <span class='ocrx_word' id='word_1_240' title='bbox 1658 1818 1874 1850; x_wconf 74' lang='lat' dir='ltr'>Maturinum</span> <span class='ocrx_word' id='word_1_241' title='bbox 1905 1817 2082 1850; x_wconf 79' lang='lat' dir='ltr'>celebrata</span> 
     </span>
    </p>
   </div>
   <div class='ocr_carea' id='block_1_3' title="bbox 215 1881 1612 1921">
    <p class='ocr_par' dir='ltr' id='par_1_7' title="bbox 215 1881 1612 1921">
     <span class='ocr_line' id='line_1_24' title="bbox 215 1881 1612 1921; baseline 0.002 -8"><span class='ocrx_word' id='word_1_242' title='bbox 215 1892 308 1913; x_wconf 89' lang='lat' dir='ltr'>anno</span> <span class='ocrx_word' id='word_1_243' title='bbox 331 1882 474 1914; x_wconf 88' lang='lat' dir='ltr'>Domini</span> <span class='ocrx_word' id='word_1_244' title='bbox 496 1881 690 1915; x_wconf 89' lang='lat' dir='ltr'>millesimo</span> <span class='ocrx_word' id='word_1_245' title='bbox 712 1883 818 1916; x_wconf 82' lang='lat' dir='ltr'>CCC⁰</span> <span class='ocrx_word' id='word_1_246' title='bbox 830 1883 1062 1921; x_wconf 70' lang='lat' dir='ltr'>LXXX11110,</span> <span class='ocrx_word' id='word_1_247' title='bbox 1086 1883 1143 1915; x_wconf 91' lang='lat' dir='ltr'>die</span> <span class='ocrx_word' id='word_1_248' title='bbox 1165 1895 1258 1915; x_wconf 87' lang='lat' dir='ltr'>nona</span> <span class='ocrx_word' id='word_1_249' title='bbox 1281 1883 1417 1916; x_wconf 84' lang='lat' dir='ltr'>mensis</span> <span class='ocrx_word' id='word_1_250' title='bbox 1440 1884 1612 1916; x_wconf 85' lang='lat' dir='ltr'>Januarii.</span> 
     </span>
    </p>
   </div>
   <div class='ocr_carea' id='block_1_4' title="bbox 214 1987 2080 2066">
    <p class='ocr_par' dir='ltr' id='par_1_8' title="bbox 214 1987 2080 2066">
     <span class='ocr_line' id='line_1_25' title="bbox 306 1987 2078 2021; baseline 0.002 -11"><span class='ocrx_word' id='word_1_251' title='bbox 306 1987 383 2011; x_wconf 78' lang='lat' dir='ltr'>Arch.</span> <span class='ocrx_word' id='word_1_252' title='bbox 399 1988 456 2011; x_wconf 81' lang='lat' dir='ltr'>Vat.</span> <span class='ocrx_word' id='word_1_253' title='bbox 473 1988 581 2011; x_wconf 77' lang='lat' dir='ltr'>Collect.</span> <span class='ocrx_word' id='word_1_254' title='bbox 600 1993 628 2011; x_wconf 84' lang='grc' dir='ltr'>11ο</span> <span class='ocrx_word' id='word_1_255' title='bbox 649 1989 704 2017; x_wconf 79' lang='grc'><strong>440,</strong></span> <span class='ocrx_word' id='word_1_256' title='bbox 722 1989 765 2012; x_wconf 79' lang='lat' dir='ltr'>[ol.</span> <span class='ocrx_word' id='word_1_257' title='bbox 783 1989 837 2012; x_wconf 52' lang='lat'><strong>541».</strong></span> <span class='ocrx_word' id='word_1_258' title='bbox 861 1989 930 2012; x_wconf 88' lang='lat' dir='ltr'>Bibl.</span> <span class='ocrx_word' id='word_1_259' title='bbox 947 1993 1000 2013; x_wconf 81' lang='lat' dir='ltr'>nat.</span> <span class='ocrx_word' id='word_1_260' title='bbox 1017 1989 1111 2018; x_wconf 72' lang='lat' dir='ltr'>Paris.¹</span> <span class='ocrx_word' id='word_1_261' title='bbox 1135 1990 1180 2013; x_wconf 87' lang='lat' dir='ltr'>lat.</span> <span class='ocrx_word' id='word_1_262' title='bbox 1200 1998 1277 2012; x_wconf 88' lang='lat' dir='ltr'>nouv.</span> <span class='ocrx_word' id='word_1_263' title='bbox 1295 1998 1361 2021; x_wconf 69' lang='lat' dir='ltr'>aeq.y</span> <span class='ocrx_word' id='word_1_264' title='bbox 1386 1990 1439 2020; x_wconf 83' lang='lat'>535,</span> <span class='ocrx_word' id='word_1_265' title='bbox 1460 1990 1504 2013; x_wconf 85' lang='lat' dir='ltr'>sol.</span> <span class='ocrx_word' id='word_1_266' title='bbox 1521 1991 1560 2013; x_wconf 78' lang='lat'>98.</span> <span class='ocrx_word' id='word_1_267' title='bbox 1583 1991 1649 2013; x_wconf 83' lang='lat' dir='ltr'>Mus.</span> <span class='ocrx_word' id='word_1_268' title='bbox 1672 1991 1789 2014; x_wconf 77' lang='lat' dir='ltr'>Britaun.</span> <span class='ocrx_word' id='word_1_269' title='bbox 1813 1999 1861 2014; x_wconf 76' lang='lat' dir='ltr'>ms-</span> <span class='ocrx_word' id='word_1_270' title='bbox 1886 1991 1967 2015; x_wconf 84' lang='lat' dir='ltr'>addit.</span> <span class='ocrx_word' id='word_1_271' title='bbox 1994 1992 2078 2019; x_wconf 77' lang='grc'><strong>17304,</strong></span> 
     </span>
     <span class='ocr_line' id='line_1_26' title="bbox 214 2031 2080 2066; baseline 0.002 -12"><span class='ocrx_word' id='word_1_272' title='bbox 214 2032 259 2055; x_wconf 80' lang='lat' dir='ltr'>fol.</span> <span class='ocrx_word' id='word_1_273' title='bbox 276 2031 346 2055; x_wconf 71' lang='lat'>12111.</span> <span class='ocrx_word' id='word_1_274' title='bbox 360 2045 388 2049; x_wconf 89' lang='grc'>-</span> <span class='ocrx_word' id='word_1_275' title='bbox 405 2032 527 2061; x_wconf 81' lang='lat' dir='ltr'>Bulaeus,</span> <span class='ocrx_word' id='word_1_276' title='bbox 542 2033 584 2061; x_wconf 87' lang='lat' dir='ltr'>1V,</span> <span class='ocrx_word' id='word_1_277' title='bbox 600 2034 654 2056; x_wconf 88' lang='grc'>600.</span> <span class='ocrx_word' id='word_1_278' title='bbox 669 2047 698 2051; x_wconf 91' lang='grc'><strong>-</strong></span> <span class='ocrx_word' id='word_1_279' title='bbox 714 2034 767 2056; x_wconf 85' lang='lat' dir='ltr'>Hoc</span> <span class='ocrx_word' id='word_1_280' title='bbox 782 2037 911 2056; x_wconf 80' lang='lat' dir='ltr'>statutum</span> <span class='ocrx_word' id='word_1_281' title='bbox 927 2034 1114 2057; x_wconf 83' lang='lat' dir='ltr'>Universitatis</span> <span class='ocrx_word' id='word_1_282' title='bbox 1133 2034 1291 2057; x_wconf 85' lang='lat' dir='ltr'>cancellario</span> <span class='ocrx_word' id='word_1_283' title='bbox 1309 2034 1393 2058; x_wconf 80' lang='lat' dir='ltr'>Puris.</span> <span class='ocrx_word' id='word_1_284' title='bbox 1410 2034 1522 2058; x_wconf 82' lang='lat' dir='ltr'>maxime</span> <span class='ocrx_word' id='word_1_285' title='bbox 1539 2034 1699 2066; x_wconf 80' lang='lat' dir='ltr'>displicebat</span> <span class='ocrx_word' id='word_1_286' title='bbox 1713 2035 1831 2066; x_wconf 85' lang='lat' dir='ltr'>illudque</span> <span class='ocrx_word' id='word_1_287' title='bbox 1844 2035 1955 2059; x_wconf 78' lang='lat' dir='ltr'>vocabat</span> <span class='ocrx_word' id='word_1_288' title='bbox 1974 2045 1984 2057; x_wconf 75' lang='grc'>(1</span> <span class='ocrx_word' id='word_1_289' title='bbox 1998 2036 2080 2059; x_wconf 84' lang='lat' dir='ltr'>desti-</span> 
     </span>
    </p>
   </div>
   <div class='ocr_carea' id='block_1_5' title="bbox 213 2077 1090 2109">
    <p class='ocr_par' dir='ltr' id='par_1_9' title="bbox 213 2077 1090 2109">
     <span class='ocr_line' id='line_1_27' title="bbox 213 2077 1090 2109; baseline 0.002 -10"><span class='ocrx_word' id='word_1_290' title='bbox 213 2079 299 2099; x_wconf 82' lang='lat' dir='ltr'>tutum</span> <span class='ocrx_word' id='word_1_291' title='bbox 315 2086 336 2104; x_wconf 75' lang='lat'>»‚</span> <span class='ocrx_word' id='word_1_292' title='bbox 355 2077 452 2100; x_wconf 84' lang='lat' dir='ltr'>sactum</span> <span class='ocrx_word' id='word_1_293' title='bbox 468 2077 495 2099; x_wconf 89' lang='lat' dir='ltr'>in</span> <span class='ocrx_word' id='word_1_294' title='bbox 510 2085 587 2100; x_wconf 86' lang='lat' dir='ltr'>suum</span> <span class='ocrx_word' id='word_1_295' title='bbox 602 2077 805 2109; x_wconf 82' lang='lat' dir='ltr'>praejudicium.</span> <span class='ocrx_word' id='word_1_296' title='bbox 819 2078 877 2101; x_wconf 78' lang='lat' dir='ltr'>Vid.</span> <span class='ocrx_word' id='word_1_297' title='bbox 892 2078 962 2101; x_wconf 78' lang='lat' dir='ltr'>infra</span> <span class='ocrx_word' id='word_1_298' title='bbox 978 2083 1006 2101; x_wconf 84' lang='grc' dir='ltr'>11ο</span> <span class='ocrx_word' id='word_1_299' title='bbox 1020 2079 1090 2102; x_wconf 84' lang='grc'><strong>1515.</strong></span> 
     </span>
    </p>
   </div>
   <div class='ocr_carea' id='block_1_6' title="bbox 211 2169 2080 2466">
    <p class='ocr_par' dir='ltr' id='par_1_10' title="bbox 211 2169 2080 2466">
     <span class='ocr_line' id='line_1_28' title="bbox 307 2169 2077 2203; baseline 0.003 -12"><span class='ocrx_word' id='word_1_300' title='bbox 307 2169 328 2191; x_wconf 94' lang='grc'>1.</span> <span class='ocrx_word' id='word_1_301' title='bbox 348 2169 383 2192; x_wconf 82' lang='lat' dir='ltr'>De</span> <span class='ocrx_word' id='word_1_302' title='bbox 400 2169 452 2192; x_wconf 84' lang='lat' dir='ltr'>alio</span> <span class='ocrx_word' id='word_1_303' title='bbox 471 2169 551 2192; x_wconf 86' lang='lat' dir='ltr'>simili</span> <span class='ocrx_word' id='word_1_304' title='bbox 568 2173 666 2193; x_wconf 84' lang='lat' dir='ltr'>statuto</span> <span class='ocrx_word' id='word_1_305' title='bbox 682 2170 735 2194; x_wconf 86' lang='lat' dir='ltr'>vid.</span> <span class='ocrx_word' id='word_1_306' title='bbox 752 2179 833 2202; x_wconf 75' lang='lat' dir='ltr'>supra</span> <span class='ocrx_word' id='word_1_307' title='bbox 847 2175 875 2193; x_wconf 89' lang='lat' dir='ltr'>n⁰</span> <span class='ocrx_word' id='word_1_308' title='bbox 891 2171 960 2194; x_wconf 85' lang='grc'><strong>1491.</strong></span> <span class='ocrx_word' id='word_1_309' title='bbox 973 2185 998 2188; x_wconf 95' lang='grc'><strong>-</strong></span> <span class='ocrx_word' id='word_1_310' title='bbox 1016 2172 1039 2195; x_wconf 78' lang='lat'>2.</span> <span class='ocrx_word' id='word_1_311' title='bbox 1056 2172 1130 2194; x_wconf 88' lang='lat' dir='ltr'>Hunc</span> <span class='ocrx_word' id='word_1_312' title='bbox 1143 2171 1284 2194; x_wconf 84' lang='lat' dir='ltr'>articulum</span> <span class='ocrx_word' id='word_1_313' title='bbox 1301 2172 1466 2195; x_wconf 74' lang='lat' dir='ltr'>Universitas</span> <span class='ocrx_word' id='word_1_314' title='bbox 1480 2173 1573 2200; x_wconf 61' lang='lat' dir='ltr'>Paris,</span> <span class='ocrx_word' id='word_1_315' title='bbox 1591 2173 1640 2195; x_wconf 88' lang='lat' dir='ltr'>sub</span> <span class='ocrx_word' id='word_1_316' title='bbox 1657 2181 1725 2203; x_wconf 82' lang='lat' dir='ltr'>mag.</span> <span class='ocrx_word' id='word_1_317' title='bbox 1737 2173 1855 2196; x_wconf 67' lang='grc' dir='ltr'>ι101111111111</span> <span class='ocrx_word' id='word_1_318' title='bbox 1873 2173 1955 2197; x_wconf 82' lang='lat' dir='ltr'>Piscis</span> <span class='ocrx_word' id='word_1_319' title='bbox 1969 2177 2077 2201; x_wconf 71' lang='lat' dir='ltr'>rectore,</span> 
     </span>
     <span class='ocr_line' id='line_1_29' title="bbox 211 2213 2078 2248; baseline 0.003 -13"><span class='ocrx_word' id='word_1_320' title='bbox 211 2213 301 2235; x_wconf 86' lang='lat' dir='ltr'>eodem</span> <span class='ocrx_word' id='word_1_321' title='bbox 318 2221 394 2241; x_wconf 79' lang='lat' dir='ltr'>anno,</span> <span class='ocrx_word' id='word_1_322' title='bbox 411 2213 503 2237; x_wconf 86' lang='lat' dir='ltr'>Octob.</span> <span class='ocrx_word' id='word_1_323' title='bbox 522 2214 559 2242; x_wconf 85' lang='lat'>20,</span> <span class='ocrx_word' id='word_1_324' title='bbox 577 2214 603 2236; x_wconf 88' lang='lat' dir='ltr'>in</span> <span class='ocrx_word' id='word_1_325' title='bbox 618 2215 822 2246; x_wconf 78' lang='lat' dir='ltr'>congregatione</span> <span class='ocrx_word' id='word_1_326' title='bbox 839 2215 957 2246; x_wconf 80' lang='lat' dir='ltr'>generali</span> <span class='ocrx_word' id='word_1_327' title='bbox 979 2215 1132 2244; x_wconf 79' lang='lat' dir='ltr'>declaravit,</span> <span class='ocrx_word' id='word_1_328' title='bbox 1149 2216 1269 2244; x_wconf 79' lang='lat' dir='ltr'>dicendo,</span> <span class='ocrx_word' id='word_1_329' title='bbox 1286 2226 1299 2237; x_wconf 74' lang='grc' dir='ltr'>α</span> <span class='ocrx_word' id='word_1_330' title='bbox 1312 2216 1381 2247; x_wconf 88' lang='lat' dir='ltr'>quod</span> <span class='ocrx_word' id='word_1_331' title='bbox 1396 2225 1443 2247; x_wconf 84' lang='lat' dir='ltr'>per</span> <span class='ocrx_word' id='word_1_332' title='bbox 1458 2217 1524 2239; x_wconf 90' lang='lat' dir='ltr'>illud</span> <span class='ocrx_word' id='word_1_333' title='bbox 1543 2220 1700 2240; x_wconf 86' lang='lat' dir='ltr'>statutum...</span> <span class='ocrx_word' id='word_1_334' title='bbox 1722 2218 1825 2248; x_wconf 79' lang='lat' dir='ltr'>prefata</span> <span class='ocrx_word' id='word_1_335' title='bbox 1848 2218 2011 2241; x_wconf 84' lang='lat' dir='ltr'>Universitas</span> <span class='ocrx_word' id='word_1_336' title='bbox 2027 2226 2078 2240; x_wconf 88' lang='lat' dir='ltr'>non</span> 
     </span>
     <span class='ocr_line' id='line_1_30' title="bbox 211 2256 2078 2291; baseline 0.003 -11"><span class='ocrx_word' id='word_1_337' title='bbox 211 2256 324 2280; x_wconf 78' lang='lat' dir='ltr'>intendit</span> <span class='ocrx_word' id='word_1_338' title='bbox 340 2266 417 2287; x_wconf 81' lang='lat' dir='ltr'>nune,</span> <span class='ocrx_word' id='word_1_339' title='bbox 434 2266 480 2281; x_wconf 84' lang='lat' dir='ltr'>nec</span> <span class='ocrx_word' id='word_1_340' title='bbox 499 2258 526 2280; x_wconf 89' lang='lat' dir='ltr'>in</span> <span class='ocrx_word' id='word_1_341' title='bbox 540 2258 667 2289; x_wconf 84' lang='lat' dir='ltr'>preterito</span> <span class='ocrx_word' id='word_1_342' title='bbox 683 2258 844 2288; x_wconf 75' lang='lat' dir='ltr'>intendebat,</span> <span class='ocrx_word' id='word_1_343' title='bbox 859 2259 960 2290; x_wconf 86' lang='lat' dir='ltr'>aliquid</span> <span class='ocrx_word' id='word_1_344' title='bbox 978 2263 1093 2283; x_wconf 84' lang='lat' dir='ltr'>statuere</span> <span class='ocrx_word' id='word_1_345' title='bbox 1109 2263 1200 2283; x_wconf 81' lang='lat' dir='ltr'>contra</span> <span class='ocrx_word' id='word_1_346' title='bbox 1221 2260 1363 2291; x_wconf 82' lang='lat' dir='ltr'>privilegia</span> <span class='ocrx_word' id='word_1_347' title='bbox 1384 2261 1541 2284; x_wconf 82' lang='lat' dir='ltr'>cancellario</span> <span class='ocrx_word' id='word_1_348' title='bbox 1558 2262 1599 2284; x_wconf 87' lang='lat' dir='ltr'>vel</span> <span class='ocrx_word' id='word_1_349' title='bbox 1614 2261 1770 2284; x_wconf 79' lang='lat' dir='ltr'>cancellarie</span> <span class='ocrx_word' id='word_1_350' title='bbox 1787 2262 1930 2285; x_wconf 76' lang='lat' dir='ltr'>parisiensi</span> <span class='ocrx_word' id='word_1_351' title='bbox 1945 2270 2078 2287; x_wconf 82' lang='lat' dir='ltr'>concessa.</span> 
     </span>
     <span class='ocr_line' id='line_1_31' title="bbox 212 2301 2080 2336; baseline 0.003 -12"><span class='ocrx_word' id='word_1_352' title='bbox 212 2309 259 2324; x_wconf 85' lang='lat' dir='ltr'>nec</span> <span class='ocrx_word' id='word_1_353' title='bbox 274 2301 362 2333; x_wconf 81' lang='lat' dir='ltr'>ipsum</span> <span class='ocrx_word' id='word_1_354' title='bbox 377 2310 468 2325; x_wconf 77' lang='lat' dir='ltr'>arx-are</span> <span class='ocrx_word' id='word_1_355' title='bbox 483 2306 574 2326; x_wconf 80' lang='lat' dir='ltr'>contra</span> <span class='ocrx_word' id='word_1_356' title='bbox 591 2311 630 2326; x_wconf 84' lang='lat' dir='ltr'>ea.</span> <span class='ocrx_word' id='word_1_357' title='bbox 647 2304 721 2332; x_wconf 76' lang='lat' dir='ltr'>Item,</span> <span class='ocrx_word' id='word_1_358' title='bbox 737 2304 885 2335; x_wconf 84' lang='lat' dir='ltr'>predictum</span> <span class='ocrx_word' id='word_1_359' title='bbox 905 2307 1032 2327; x_wconf 85' lang='lat' dir='ltr'>statutum</span> <span class='ocrx_word' id='word_1_360' title='bbox 1046 2305 1150 2335; x_wconf 79' lang='lat' dir='ltr'>prefata</span> <span class='ocrx_word' id='word_1_361' title='bbox 1166 2304 1331 2328; x_wconf 79' lang='lat' dir='ltr'>Universitas</span> <span class='ocrx_word' id='word_1_362' title='bbox 1350 2305 1483 2336; x_wconf 78' lang='lat' dir='ltr'>intelligit,</span> <span class='ocrx_word' id='word_1_363' title='bbox 1501 2305 1668 2328; x_wconf 82' lang='lat' dir='ltr'>libertatibus</span> <span class='ocrx_word' id='word_1_364' title='bbox 1685 2306 1869 2329; x_wconf 79' lang='lat' dir='ltr'>canonicorum</span> <span class='ocrx_word' id='word_1_365' title='bbox 1884 2307 1992 2330; x_wconf 80' lang='lat' dir='ltr'>ecclesie</span> <span class='ocrx_word' id='word_1_366' title='bbox 2007 2307 2080 2330; x_wconf 84' lang='lat' dir='ltr'>Pari-</span> 
     </span>
     <span class='ocr_line' id='line_1_32' title="bbox 212 2345 2078 2381; baseline 0.003 -13"><span class='ocrx_word' id='word_1_367' title='bbox 212 2345 307 2369; x_wconf 78' lang='lat' dir='ltr'>siensis</span> <span class='ocrx_word' id='word_1_368' title='bbox 325 2346 351 2369; x_wconf 89' lang='lat' dir='ltr'>in</span> <span class='ocrx_word' id='word_1_369' title='bbox 366 2347 488 2370; x_wconf 87' lang='lat' dir='ltr'>omnibus</span> <span class='ocrx_word' id='word_1_370' title='bbox 505 2355 609 2378; x_wconf 81' lang='lat' dir='ltr'>semper</span> <span class='ocrx_word' id='word_1_371' title='bbox 624 2348 720 2376; x_wconf 80' lang='lat' dir='ltr'>salvis;</span> <span class='ocrx_word' id='word_1_372' title='bbox 737 2348 808 2377; x_wconf 86' lang='lat' dir='ltr'>item,</span> <span class='ocrx_word' id='word_1_373' title='bbox 825 2348 907 2371; x_wconf 85' lang='lat' dir='ltr'>salvis</span> <span class='ocrx_word' id='word_1_374' title='bbox 923 2349 1092 2372; x_wconf 79' lang='lat' dir='ltr'>libertatibus</span> <span class='ocrx_word' id='word_1_375' title='bbox 1108 2352 1321 2380; x_wconf 83' lang='lat' dir='ltr'>presentatorum</span> <span class='ocrx_word' id='word_1_376' title='bbox 1338 2350 1369 2373; x_wconf 84' lang='lat' dir='ltr'>de</span> <span class='ocrx_word' id='word_1_377' title='bbox 1394 2353 1507 2381; x_wconf 88' lang='lat' dir='ltr'>quatuor</span> <span class='ocrx_word' id='word_1_378' title='bbox 1527 2350 1670 2373; x_wconf 82' lang='lat' dir='ltr'>Ordinibus</span> <span class='ocrx_word' id='word_1_379' title='bbox 1695 2354 1808 2381; x_wconf 84' lang='lat' dir='ltr'>quatuor</span> <span class='ocrx_word' id='word_1_380' title='bbox 1828 2351 1956 2374; x_wconf 89' lang='lat' dir='ltr'>Ordinum</span> <span class='ocrx_word' id='word_1_381' title='bbox 1980 2351 2078 2374; x_wconf 84' lang='lat' dir='ltr'>Mendi-</span> 
     </span>
     <span class='ocr_line' id='line_1_33' title="bbox 211 2390 2076 2424; baseline 0.003 -11"><span class='ocrx_word' id='word_1_382' title='bbox 211 2390 331 2413; x_wconf 80' lang='lat' dir='ltr'>cancium</span> <span class='ocrx_word' id='word_1_383' title='bbox 346 2394 371 2414; x_wconf 87' lang='lat' dir='ltr'>et</span> <span class='ocrx_word' id='word_1_384' title='bbox 390 2391 495 2422; x_wconf 89' lang='lat' dir='ltr'>collegii</span> <span class='ocrx_word' id='word_1_385' title='bbox 513 2392 602 2415; x_wconf 83' lang='lat' dir='ltr'>Sancti</span> <span class='ocrx_word' id='word_1_386' title='bbox 623 2393 751 2415; x_wconf 74' lang='lat' dir='ltr'>Bet-nardi</span> <span class='ocrx_word' id='word_1_387' title='bbox 772 2401 793 2416; x_wconf 77' lang='lat' dir='ltr'>n.</span> <span class='ocrx_word' id='word_1_388' title='bbox 814 2393 887 2424; x_wconf 83' lang='lat' dir='ltr'>Orig.</span> <span class='ocrx_word' id='word_1_389' title='bbox 905 2393 930 2415; x_wconf 85' lang='lat' dir='ltr'>in</span> <span class='ocrx_word' id='word_1_390' title='bbox 947 2393 1023 2416; x_wconf 79' lang='lat' dir='ltr'>Arch.</span> <span class='ocrx_word' id='word_1_391' title='bbox 1044 2393 1176 2422; x_wconf 87' lang='lat' dir='ltr'>Univers.,</span> <span class='ocrx_word' id='word_1_392' title='bbox 1199 2394 1267 2417; x_wconf 86' lang='lat' dir='ltr'>thee.</span> <span class='ocrx_word' id='word_1_393' title='bbox 1284 2394 1313 2423; x_wconf 89' lang='lat' dir='ltr'>V,</span> <span class='ocrx_word' id='word_1_394' title='bbox 1335 2394 1363 2418; x_wconf 85' lang='lat' dir='ltr'>B.</span> <span class='ocrx_word' id='word_1_395' title='bbox 1387 2395 1409 2417; x_wconf 85' lang='lat'>3.</span> <span class='ocrx_word' id='word_1_396' title='bbox 1431 2395 1455 2417; x_wconf 91' lang='lat' dir='ltr'>k.</span> <span class='ocrx_word' id='word_1_397' title='bbox 1474 2408 1504 2412; x_wconf 98' lang='lat'>—</span> <span class='ocrx_word' id='word_1_398' title='bbox 1523 2395 1592 2418; x_wconf 88' lang='lat' dir='ltr'>Bibl.</span> <span class='ocrx_word' id='word_1_399' title='bbox 1608 2395 1634 2417; x_wconf 89' lang='lat' dir='ltr'>S.</span> <span class='ocrx_word' id='word_1_400' title='bbox 1649 2395 1805 2424; x_wconf 78' lang='lat' dir='ltr'>Genovesae,</span> <span class='ocrx_word' id='word_1_401' title='bbox 1824 2396 1887 2419; x_wconf 72' lang='lat' dir='ltr'>eod.</span> <span class='ocrx_word' id='word_1_402' title='bbox 1905 2396 1934 2418; x_wconf 74' lang='lat' dir='ltr'>Hc</span> <span class='ocrx_word' id='word_1_403' title='bbox 1948 2396 1973 2418; x_wconf 75' lang='lat'>21</span> <span class='ocrx_word' id='word_1_404' title='bbox 1989 2396 2015 2418; x_wconf 91' lang='lat' dir='ltr'>in</span> <span class='ocrx_word' id='word_1_405' title='bbox 2031 2396 2076 2419; x_wconf 80' lang='lat' dir='ltr'>fol.</span> 
     </span>
     <span class='ocr_line' id='line_1_34' title="bbox 211 2435 1711 2466; baseline 0.003 -9"><span class='ocrx_word' id='word_1_406' title='bbox 211 2435 304 2465; x_wconf 80' lang='lat' dir='ltr'>(Catal.</span> <span class='ocrx_word' id='word_1_407' title='bbox 321 2436 376 2465; x_wconf 77' lang='lat'>609)</span> <span class='ocrx_word' id='word_1_408' title='bbox 393 2444 461 2459; x_wconf 82' lang='lat' dir='ltr'>saec.</span> <span class='ocrx_word' id='word_1_409' title='bbox 480 2444 545 2459; x_wconf 86' lang='lat' dir='ltr'>xvn.</span> <span class='ocrx_word' id='word_1_410' title='bbox 561 2437 697 2466; x_wconf 82' lang='lat' dir='ltr'>Jourdain,</span> <span class='ocrx_word' id='word_1_411' title='bbox 714 2442 742 2459; x_wconf 82' lang='lat'>11⁰</span> <span class='ocrx_word' id='word_1_412' title='bbox 758 2438 811 2460; x_wconf 79' lang='lat'>813.</span> <span class='ocrx_word' id='word_1_413' title='bbox 828 2452 857 2455; x_wconf 82' lang='lat'>-</span> <span class='ocrx_word' id='word_1_414' title='bbox 873 2438 896 2461; x_wconf 88' lang='lat'>3.</span> <span class='ocrx_word' id='word_1_415' title='bbox 912 2438 960 2461; x_wconf 87' lang='lat' dir='ltr'>Ms.</span> <span class='ocrx_word' id='word_1_416' title='bbox 974 2438 1058 2460; x_wconf 88' lang='lat' dir='ltr'>Paris.</span> <span class='ocrx_word' id='word_1_417' title='bbox 1075 2446 1080 2460; x_wconf 85' lang='lat'>·.</span> <span class='ocrx_word' id='word_1_418' title='bbox 1099 2447 1110 2460; x_wconf 89' lang='lat'>«</span> <span class='ocrx_word' id='word_1_419' title='bbox 1127 2438 1159 2460; x_wconf 81' lang='lat' dir='ltr'>ad</span> <span class='ocrx_word' id='word_1_420' title='bbox 1176 2446 1198 2461; x_wconf 75' lang='grc'>1).</span> <span class='ocrx_word' id='word_1_421' title='bbox 1213 2451 1244 2455; x_wconf 91' lang='lat'>-—</span> <span class='ocrx_word' id='word_1_422' title='bbox 1258 2439 1281 2461; x_wconf 93' lang='grc'>4.</span> <span class='ocrx_word' id='word_1_423' title='bbox 1298 2438 1346 2462; x_wconf 87' lang='lat' dir='ltr'>Ms.</span> <span class='ocrx_word' id='word_1_424' title='bbox 1360 2438 1443 2462; x_wconf 84' lang='lat' dir='ltr'>Brit.·.</span> <span class='ocrx_word' id='word_1_425' title='bbox 1464 2447 1475 2462; x_wconf 85' lang='lat'>«</span> <span class='ocrx_word' id='word_1_426' title='bbox 1490 2439 1672 2462; x_wconf 82' lang='lat' dir='ltr'>mandavimus</span> <span class='ocrx_word' id='word_1_427' title='bbox 1689 2447 1711 2462; x_wconf 77' lang='grc'>1).</span> 
     </span>
    </p>
   </div>
   <div class='ocr_carea' id='block_1_7' title="bbox 217 2629 2075 2675">
    <p class='ocr_par' dir='ltr' id='par_1_11' title="bbox 217 2629 2075 2675">
     <span class='ocr_line' id='line_1_35' title="bbox 217 2629 2075 2675; baseline 0 -9"><span class='ocrx_word' id='word_1_428' title='bbox 217 2629 357 2666; x_wconf 79' lang='lat'><strong>1505.</strong></span> <span class='ocrx_word' id='word_1_429' title='bbox 385 2639 509 2665; x_wconf 84' lang='lat' dir='ltr'>Clemens</span> <span class='ocrx_word' id='word_1_430' title='bbox 536 2641 587 2665; x_wconf 90' lang='lat' dir='ltr'>VII</span> <span class='ocrx_word' id='word_1_431' title='bbox 604 2641 689 2665; x_wconf 82' lang='lat' dir='ltr'>Petro</span> <span class='ocrx_word' id='word_1_432' title='bbox 712 2640 857 2665; x_wconf 76' lang='lat' dir='ltr'>cardinali</span> <span class='ocrx_word' id='word_1_433' title='bbox 881 2639 1068 2665; x_wconf 82' lang='lat' dir='ltr'>Laudunensi</span> <span class='ocrx_word' id='word_1_434' title='bbox 1083 2641 1231 2666; x_wconf 80' lang='lat' dir='ltr'>committit</span> <span class='ocrx_word' id='word_1_435' title='bbox 1253 2640 1466 2675; x_wconf 80' lang='lat' dir='ltr'>inquisitionem</span> <span class='ocrx_word' id='word_1_436' title='bbox 1490 2641 1517 2666; x_wconf 84' lang='lat' dir='ltr'>in</span> <span class='ocrx_word' id='word_1_437' title='bbox 1538 2650 1627 2666; x_wconf 80' lang='lat' dir='ltr'>causa</span> <span class='ocrx_word' id='word_1_438' title='bbox 1654 2641 1851 2667; x_wconf 77' lang='lat' dir='ltr'>Universitalis</span> <span class='ocrx_word' id='word_1_439' title='bbox 1866 2642 1960 2666; x_wconf 80' lang='lat' dir='ltr'>Paris.</span> <span class='ocrx_word' id='word_1_440' title='bbox 1978 2645 2075 2667; x_wconf 82' lang='lat' dir='ltr'>contra</span> 
     </span>
    </p>
   </div>
   <div class='ocr_carea' id='block_1_8' title="bbox 301 2687 1792 2755">
    <p class='ocr_par' dir='ltr' id='par_1_12' title="bbox 301 2687 1792 2755">
     <span class='ocr_line' id='line_1_36' title="bbox 301 2687 768 2714; baseline 0.004 -2"><span class='ocrx_word' id='word_1_441' title='bbox 301 2687 505 2713; x_wconf 78' lang='lat' dir='ltr'>cancellarium</span> <span class='ocrx_word' id='word_1_442' title='bbox 521 2688 582 2714; x_wconf 81' lang='lat' dir='ltr'><strong><em>Joh.</em></strong></span> <span class='ocrx_word' id='word_1_443' title='bbox 600 2688 768 2714; x_wconf 79' lang='lat' dir='ltr'>Blanclzart.</span> 
     </span>
     <span class='ocr_line' id='line_1_37' title="bbox 1389 2725 1792 2755; baseline -0.002 -3"><span class='ocrx_word' id='word_1_444' title='bbox 1389 2726 1463 2755; x_wconf 82' lang='lat'><strong><em>1385,</em></strong></span> <span class='ocrx_word' id='word_1_445' title='bbox 1479 2725 1612 2751; x_wconf 79' lang='lat' dir='ltr'>Februarii</span> <span class='ocrx_word' id='word_1_446' title='bbox 1623 2726 1647 2754; x_wconf 84' lang='lat'>8,</span> <span class='ocrx_word' id='word_1_447' title='bbox 1664 2726 1792 2751; x_wconf 65' lang='lat' dir='ltr'>avenione.</span> 
     </span>
    </p>
   </div>
   <div class='ocr_carea' id='block_1_9' title="bbox 300 2811 2070 2857">
    <p class='ocr_par' dir='ltr' id='par_1_13' title="bbox 300 2811 2070 2857">
     <span class='ocr_line' id='line_1_38' title="bbox 300 2811 2070 2857; baseline 0 -13"><span class='ocrx_word' id='word_1_448' title='bbox 300 2811 471 2844; x_wconf 87' lang='lat' dir='ltr'>Clemens</span> <span class='ocrx_word' id='word_1_449' title='bbox 499 2812 693 2857; x_wconf 88' lang='lat' dir='ltr'>episcopus</span> <span class='ocrx_word' id='word_1_450' title='bbox 724 2825 853 2846; x_wconf 88' lang='lat' dir='ltr'>servus</span> <span class='ocrx_word' id='word_1_451' title='bbox 884 2825 1071 2846; x_wconf 86' lang='lat' dir='ltr'>servorum</span> <span class='ocrx_word' id='word_1_452' title='bbox 1104 2814 1181 2854; x_wconf 87' lang='lat' dir='ltr'>Dei,</span> <span class='ocrx_word' id='word_1_453' title='bbox 1213 2813 1345 2846; x_wconf 84' lang='lat' dir='ltr'>dilecto</span> <span class='ocrx_word' id='word_1_454' title='bbox 1374 2813 1448 2845; x_wconf 92' lang='lat' dir='ltr'>filio</span> <span class='ocrx_word' id='word_1_455' title='bbox 1478 2814 1603 2845; x_wconf 86' lang='lat' dir='ltr'>Petro¹</span> <span class='ocrx_word' id='word_1_456' title='bbox 1637 2813 1671 2845; x_wconf 81' lang='lat' dir='ltr'>S.</span> <span class='ocrx_word' id='word_1_457' title='bbox 1703 2814 1800 2844; x_wconf 77' lang='lat' dir='ltr'>Hom.</span> <span class='ocrx_word' id='word_1_458' title='bbox 1831 2813 1917 2845; x_wconf 84' lang='lat' dir='ltr'>eccl.</span> <span class='ocrx_word' id='word_1_459' title='bbox 1952 2813 2070 2857; x_wconf 82' lang='lat' dir='ltr'>presb.</span> 
     </span>
    </p>
   </div>
   <div class='ocr_carea' id='block_1_10' title="bbox 212 2877 2073 2924">
    <p class='ocr_par' dir='ltr' id='par_1_14' title="bbox 212 2877 2073 2924">
     <span class='ocr_line' id='line_1_39' title="bbox 212 2877 2073 2924; baseline 0.001 -15"><span class='ocrx_word' id='word_1_460' title='bbox 212 2877 307 2909; x_wconf 88' lang='lat' dir='ltr'>card.</span> <span class='ocrx_word' id='word_1_461' title='bbox 336 2878 495 2911; x_wconf 90' lang='lat' dir='ltr'>Parisius</span> <span class='ocrx_word' id='word_1_462' title='bbox 524 2880 758 2912; x_wconf 87' lang='lat' dir='ltr'>commoranti</span> <span class='ocrx_word' id='word_1_463' title='bbox 788 2879 938 2912; x_wconf 86' lang='lat' dir='ltr'>salutem</span> <span class='ocrx_word' id='word_1_464' title='bbox 963 2886 995 2912; x_wconf 89' lang='lat' dir='ltr'>et</span> <span class='ocrx_word' id='word_1_465' title='bbox 1023 2879 1255 2924; x_wconf 71' lang='lat' dir='ltr'>apostolicali]</span> <span class='ocrx_word' id='word_1_466' title='bbox 1283 2879 1588 2912; x_wconf 86' lang='lat' dir='ltr'>benedictionem.</span> <span class='ocrx_word' id='word_1_467' title='bbox 1615 2880 1736 2922; x_wconf 79' lang='lat' dir='ltr'>Nuper</span> <span class='ocrx_word' id='word_1_468' title='bbox 1759 2891 1820 2923; x_wconf 85' lang='lat' dir='ltr'>pro</span> <span class='ocrx_word' id='word_1_469' title='bbox 1844 2886 1940 2923; x_wconf 82' lang='lat' dir='ltr'>parte</span> <span class='ocrx_word' id='word_1_470' title='bbox 1962 2879 2073 2911; x_wconf 88' lang='lat' dir='ltr'>dilec-</span> 
     </span>
    </p>
   </div>
  </div>
 </body>
</html>
