2488 3386
164 340 260 376 1354]
584 352 630 373 ΑΒ
664 351 771 373 ΑΝΝΟ
807 351 940 373 MCCCL
972 350 1104 378 USQUE
1139 350 1187 371 An
1224 350 1489 371 BENEDICTUM
1524 350 1613 371 Χιιι.
1988 342 2030 374 29

162 426 206 459 de
227 425 455 471 Tramblayo,
482 425 656 458 canonico
683 424 930 465 Laudunensi,
953 436 1022 456 una
1043 435 1122 456 cum
1151 422 1317 467 pluribus
1343 423 1497 455 testibus
1523 423 1566 455 ad
1593 424 1768 467 premissa
1789 425 1924 456 vocatis
1948 437 2030 469 spe-

161 492 299 525 cialiter
321 499 357 525 et
381 491 529 537 rogatis.

250 560 293 591 Et
318 570 386 603 ego
416 557 596 590 Hebertus
623 556 779 597 Morelli,
809 557 965 589 clericus
992 556 1204 589 Baiocensis
1230 555 1402 595 diocesis,
1431 554 1599 599 publicus
1628 555 1802 587 auctorite
1833 556 2030 600 apostolica

161 631 194 657 et
221 624 398 669 imperiali
421 623 597 660 notarius,
619 623 792 667 curieque
818 623 1036 655 Parisiensis
1057 623 1213 666 juratus,
1236 621 1426 666 premissis
1448 620 1618 653 omnibus
1641 627 1675 653 et
1698 621 1911 666 singulis...

250 692 294 723 Et
322 702 391 736 ego
427 691 559 735 Symon
590 689 708 722 dictus
739 689 923 732 Quinimo,
954 689 1110 721 clericus
1141 688 1326 720 Tullensis
1357 687 1537 732 dyocesis,
1570 687 1738 732 publicus
1769 688 1965 732 apostoliCa
1997 696 2031 721 et

160 756 339 801 imperiali
369 756 579 789 auctoritate
610 755 788 794 notarius,
819 755 993 799 curieque
1024 755 1241 787 parisiensis
1266 755 1423 798 juratus,
1454 753 1674 798 prescriptas
1704 753 1842 786 litteras
1872 754 2030 798 appella-

160 822 271 855 tionis
297 822 409 863 tenui,
436 822 509 867 legi
535 828 570 854 et
594 821 746 866 palpavi,
773 828 807 854 et
834 833 893 854 eas
919 821 975 853 hic
1003 820 1194 853 transcribi
1220 820 1301 860 feci,
1327 820 1507 864 signoque
1531 831 1610 851 meo
1635 819 1775 864 signavi
1802 827 1961 864 rogatus.

254 915 389 946 Originnle
403 915 428 938 in
441 914 520 938 Arch.
535 914 656 938 Univers.
676 914 770 942 Paris„
784 914 860 937 theca
877 914 907 943 V,
923 914 951 937 B.
965 915 988 937 2.
1001 923 1022 936 c.

253 995 275 1018 1.
290 995 340 1018 Sic.
356 994 431 1025 orig.y
447 995 492 1017 sed
506 1002 599 1017 sensus
613 994 725 1026 requirit
740 1003 751 1017 (ι
767 1002 813 1017 seu
826 997 975 1017 resecarent
991 1002 1013 1017 ».

166 1133 306 1171 1222.
330 1142 496 1179 Appellatio
510 1142 605 1168 altera
619 1142 776 1177 Reginaldi
790 1142 826 1168 de
840 1143 952 1177 Acyaco
969 1145 1068 1167 contra
1085 1145 1219 1166 rectorem
1239 1141 1448 1166 Universitatis.

1326 1215 1401 1244 1354,
1419 1214 1578 1246 Septembris
1592 1216 1617 1244 3,
1634 1215 1748 1240 Parisiis.

251 1292 377 1324 Datum
401 1303 466 1336 per
492 1291 689 1335 copiam....
719 1291 825 1323 Anno
853 1291 996 1323 Domini
1023 1290 1217 1323 millesimo
1239 1290 1329 1323 CCC
1350 1290 1655 1334 quinquagesimo
1683 1296 1866 1334 quarto,...
1895 1290 2031 1323 mensis

162 1357 386 1403 Septembris
413 1357 470 1390 die
497 1357 612 1398 tertia,
641 1357 728 1390 satis
761 1357 831 1389 cito
858 1363 940 1401 post
970 1356 1059 1389 solis
1086 1363 1202 1389 ortum
1230 1356 1329 1388 illius
1355 1356 1440 1397 diei,
1467 1356 1639 1389 videlicet
1667 1356 1724 1388 die
1755 1356 1924 1388 mercurii
1952 1363 2032 1401 post

160 1425 292 1457 festum
310 1423 495 1456 beatorum
518 1424 638 1468 Egidii
656 1430 690 1456 et
712 1424 815 1468 Lupi,
834 1429 897 1457 etc.
916 1429 955 1456 ut
973 1434 1083 1467 supra
1101 1427 1138 1455 11⁰
1157 1423 1253 1463 1220,
1272 1434 1376 1467 usque
1392 1423 1496 1467 cujus
1514 1423 1693 1467 siquidem
1712 1422 1852 1455 cedulc.
1870 1422 2004 1456 Deinde
2021 1436 2030 1456 .·

251 1490 338 1523 Dico
365 1497 399 1523 et
428 1502 607 1535 propono,
634 1502 702 1535 ego
730 1490 952 1535 Reginaldus
979 1490 1023 1522 de
1048 1490 1203 1534 Acyaco,
1232 1489 1472 1522 illustrissimi
1502 1489 1678 1534 principis
1705 1489 1854 1530 domini,
1883 1491 2031 1522 Franco-

161 1569 239 1589 rum
262 1557 372 1602 regis,
392 1557 599 1596 advocatus,
619 1557 729 1601 quod,
752 1568 868 1601 nuper
884 1556 928 1589 ad
949 1556 1018 1588 mei
1042 1556 1204 1588 notitiam
1221 1556 1377 1588 deducto
1395 1556 1493 1600 quod
1516 1563 1647 1597 rector,
1666 1556 1793 1589 decani
1809 1556 2028 1597 facultatum,

161 1630 196 1656 et
231 1623 393 1668 magistri
426 1623 673 1656 universitatis
704 1623 896 1655 scolarium
927 1623 1087 1655 Parisius
1118 1622 1324 1655 comminati
1359 1623 1501 1655 fueraut
1535 1629 1570 1655 et
1600 1634 1638 1655 se
1668 1624 1902 1667 jactaverant,
1935 1623 2031 1667 quod

160 1689 230 1734 ipsi
257 1701 323 1722 suo
350 1696 385 1722 et
410 1689 666 1722 Universitatis
692 1689 837 1721 nomine
864 1689 1039 1734 predicte,
1067 1701 1084 1721 a
1111 1689 1204 1721 dicta
1231 1689 1474 1722 Universitate
1500 1700 1557 1721 me
1588 1689 1772 1733 privarent
1797 1701 1862 1721 seu
1889 1701 2031 1721 reseca-

161 1763 253 1796 rent,
277 1768 357 1788 cum
384 1762 501 1788 tamen
528 1755 625 1788 nulla
651 1768 757 1788 causa
784 1755 966 1792 subesset,
994 1762 1101 1800 prout
1126 1767 1192 1788 nec
1216 1755 1356 1796 subest,
1374 1767 1484 1800 quare
1510 1768 1527 1788 a
1553 1767 1706 1800 corpore
1729 1755 1823 1788 dicte
1845 1756 2032 1788 Universi-

162 1823 242 1855 tatis
266 1823 398 1867 privari
422 1834 487 1855 seu
514 1822 670 1855 resecari
697 1822 867 1855 deberem
897 1834 903 1854 :
932 1828 1080 1867 propter
1105 1834 1175 1866 que
1200 1822 1469 1854 verissimiliter
1496 1822 1626 1854 timens
1651 1822 1748 1866 quod
1774 1834 1858 1855 suas
1885 1823 2033 1854 commi-

163 1889 335 1921 naciones
365 1889 409 1921 ad
439 1889 605 1921 effectum
641 1889 897 1934 perducerent,
929 1895 1036 1933 prout
1070 1895 1154 1921 sunt
1188 1889 1336 1926 assueti,
1369 1889 1497 1921 volens
1528 1900 1652 1921 eorum
1684 1889 2031 1921 comminacionibus

165 1955 311 1988 obviare
333 1962 368 1988 et
388 1967 467 1987 meo
490 1955 597 1988 statui
619 1955 825 2000 providere,
847 1967 865 1987 a
887 1955 993 1987 dictis
1015 1955 1378 1995 comminacionibus,
1401 1955 1468 1987 rite
1490 1962 1525 1987 et
1540 1956 1653 1999 juste,
1676 1962 1799 1988 contra
1822 1956 1938 1988 dictos
1961 1968 2033 1988 rcc-

162 2028 290 2062 torem,
314 2022 472 2055 decanos
493 2028 528 2054 et
548 2022 755 2066 magistros,
779 2028 814 2054 et
843 2033 969 2054 omnes
990 2021 1081 2054 alios
1107 2033 1261 2066 quorum
1283 2022 1455 2054 intererat
1483 2028 1518 2054 et
1545 2034 1636 2066 quos
1665 2022 1799 2055 dictum
1832 2023 1945 2067 tangit
1974 2029 2033 2055 aut

164 2087 333 2133 tangebat
359 2088 564 2132 negocium,
588 2094 656 2120 tam
677 2074 896 2132 conjunctim
920 2100 1023 2132 quam
1047 2088 1205 2129 divisim,
1235 2088 1271 2120 in
1301 2088 1372 2120 hiis
1401 2088 1547 2133 scriptis
1575 2089 1618 2121 ad
1646 2089 1769 2121 sedem
1797 2089 2031 2133 apostolicam

163 2154 339 2199 appellavi
366 2166 431 2187 seu
462 2155 672 2199 provocavi,
700 2161 735 2187 et
764 2154 864 2199 ipsos
894 2161 1059 2199 tanquam
1082 2161 1273 2199 suspectos
1295 2167 1337 2187 ex
1363 2155 1536 2199 predictis
1559 2162 1591 2187 et
1613 2155 1693 2187 aliis
1714 2156 1834 2188 causis
1854 2156 2030 2193 recusavi,

164 2227 271 2265 prout
291 2232 334 2253 ex
354 2227 479 2253 tenore
502 2221 595 2253 dicte
621 2220 882 2265 appellacionis
904 2232 968 2253 seu
998 2221 1284 2265 provocacionis,
1307 2233 1411 2265 quam
1440 2221 1497 2253 hic
1518 2221 1600 2254 volo
1630 2234 1693 2266 pro
1723 2222 1856 2254 inserta
1885 2222 2030 2262 habere,

164 2293 284 2332 potest
302 2287 478 2331 liquidius
499 2299 684 2332 apparere.

253 2354 340 2386 Item
370 2353 450 2386 dico
479 2360 514 2386 et
542 2365 719 2398 propono,
754 2354 850 2398 quod
879 2353 937 2385 die
967 2354 1090 2386 ultima
1117 2354 1252 2386 mensis
1283 2355 1439 2399 Augusti
1470 2355 1668 2387 novissime
1695 2355 1871 2399 preteriti,
1903 2355 2030 2387 dictam

165 2419 448 2464 appellacionem
472 2431 536 2452 seu
558 2419 857 2464 provocacionem
880 2431 943 2464 per
958 2419 1157 2452 Johannem
1176 2420 1220 2452 de
1242 2420 1432 2462 Bethunia,
1456 2428 1724 2465 procuratorem
1749 2433 1878 2462 meum,
1902 2421 2031 2453 haben-

166 2492 235 2518 tem
262 2485 305 2518 ad
335 2485 403 2518 hoc
428 2486 631 2518 mandatum
654 2486 852 2525 sufficiens,
875 2486 981 2519 dictis
1004 2487 1147 2527 rectori,
1171 2487 1318 2519 decanis
1345 2494 1380 2519 et
1409 2487 1593 2532 magistris
1621 2500 1660 2519 ac
1685 2487 1916 2520 Universitati
1947 2487 2030 2519 insi-

166 2552 267 2584 nuari
288 2552 356 2584 feci
378 2559 412 2584 ct
433 2552 608 2593 intimari3
632 2559 667 2584 et
686 2551 729 2584 ab
751 2552 804 2584 eis
826 2552 1014 2593 instanter,
1038 2553 1237 2586 instancius
1259 2560 1293 2586 et
1319 2554 1580 2586 instantissime
1600 2553 1786 2598 apostolos
1813 2554 1902 2597 peti,
1926 2560 2031 2597 prout

166 2617 231 2650 hec
253 2618 289 2650 in
310 2618 551 2651 instrumento
574 2618 732 2663 publico,
757 2631 861 2651 manu
885 2618 1032 2651 [leberti
1054 2619 1210 2660 Morelli,
1233 2619 1369 2660 clerici,
1391 2619 1527 2664 publici
1548 2620 1757 2652 auctoritate
1779 2619 1975 2664 apostolica
1997 2625 2031 2651 et

166 2684 343 2728 imperiali
369 2685 511 2725 notarii,
534 2685 577 2717 ad
599 2686 702 2729 cujus
725 2691 886 2717 tenorem
908 2697 964 2717 mc
987 2686 1116 2726 refero,
1141 2692 1175 2718 et
1196 2698 1300 2730 quem
1324 2686 1381 2717 hic
1403 2698 1467 2730 pro
1490 2686 1626 2718 inserto
1648 2685 1772 2717 haberi
1794 2685 1889 2725 volo,
1913 2692 2028 2729 potest

166 2749 309 2794 plenius
330 2762 516 2795 apparere.

255 2817 342 2849 Item
365 2817 445 2849 dico
473 2823 508 2849 et
537 2829 715 2862 propono,
739 2818 836 2863 quod
867 2818 994 2862 prefati
1023 2825 1154 2859 rector,
1178 2818 1317 2859 decani,
1341 2818 1503 2862 magistri
1533 2830 1571 2850 ac
1597 2818 1831 2858 Universitas,
1862 2829 1925 2861 pro
1953 2828 2031 2860 pre-

167 2882 286 2923 dictis,
309 2895 381 2915 non
403 2883 481 2916 sine
504 2883 603 2916 sedis
624 2884 824 2928 apostolice
846 2884 982 2917 offensa
1004 2885 1187 2925 commoti,
1210 2885 1331 2928 petitis
1356 2884 1544 2928 apostolis,
1567 2890 1602 2915 ut
1634 2890 1685 2915 cst
1714 2884 1859 2923 (lictum,
1883 2895 1946 2926 per
1967 2893 2030 2914 eos
