2488 3386
202 328 298 364 1368]
618 340 663 361 AB
698 339 803 361 ANNO
838 339 968 361 MCCCL
1001 339 1132 367 USQUE
1169 340 1216 360 AD
1253 340 1516 362 ΒΕΝΕυιρΤυΜ
1551 341 1640 362 Χιιι.
2000 332 2061 364 183

205 459 344 497 1350.
373 468 503 494 Urbanus
530 469 553 494 V
568 468 607 493 ad
626 468 781 493 Johannem
802 468 892 500 card.,
917 472 946 493 ιιί
966 468 1118 502 Dionysius
1142 468 1308 494 Foulleclzat
1331 477 1440 493 errores
1464 473 1571 494 revocet
1595 472 1622 494 et
1647 469 1681 493 de
1703 469 1821 494 consilio
1844 469 2012 495 vanc-ellarii
2037 474 2062 495 el

289 517 488 552 magistrorum
503 518 628 551 graviter
639 517 786 552 puniatur.

1367 575 1443 608 7368,
1461 575 1606 601 Decembm's
1619 576 1663 604 23,
1679 576 1778 601 Romae.

290 681 430 714 Dilecto
461 680 535 713 filio
565 680 719 713 Johanni
755 687 877 713 sancte
913 682 1070 713 Romane
1107 681 1261 713 ecclesie
1297 680 1509 725 presbytero
1544 680 1734 720 cardinali,
1771 681 1855 712 olim
1891 681 2062 725 episcopo

202 748 428 788 Belvacensi,
449 747 615 787 salutem,
636 753 688 780 etc
724 748 773 779 Ex
795 759 952 791 superne
974 747 1165 779 clementie
1188 747 1283 779 dono
1380 748 1471 780 Sane
1497 759 1612 791 nuper
1633 759 1705 779 non
1727 747 1805 779 sine
1827 747 2063 779 amaritudine

202 814 332 846 mentis
354 826 397 846 ex
424 813 739 846 insinuacionibus
765 813 995 858 percepimus
1017 813 1214 857 fidedignis
1240 813 1337 858 quod
1363 813 1448 845 olim
1475 814 1672 858 Dyonisius
1702 812 1896 845 Foulechat
1915 813 2064 845 Ordinis

200 881 348 913 fratrum
375 881 555 913 Minorum
582 880 784 924 professor,
807 886 891 912 tunc
917 880 953 912 in
982 880 1103 912 studio
1134 880 1331 912 parisiensi
1357 880 1578 920 consistens,
1606 880 1642 911 iu
1671 891 1737 912 suo
1763 880 1807 912 ad
1835 879 2062 912 commissam

202 947 271 979 sibi
293 947 464 979 lecturam
493 946 577 978 libri
600 947 865 979 Sententiarum
888 947 1067 991 principio
1088 947 1181 991 apud
1204 947 1382 979 dictorum
1405 947 1550 979 fratrum
1574 942 1692 979 scolas
1714 958 1756 978 ex
1784 958 1883 978 more
1905 946 2062 984 illorum,

199 1014 260 1058 qui
287 1013 331 1046 ad
361 1013 571 1058 hujusmodi
603 1013 775 1046 lecturam
805 1025 869 1058 pro
896 1020 1058 1058 tempore
1084 1020 1331 1053 assumuntur,
1358 1014 1451 1046 facto
1479 1013 1701 1045 curiositatis
1722 1014 1804 1057 (que
1833 1012 1912 1057 plus
1940 1012 2065 1045 nititur

201 1092 328 1125 sapere
350 1092 455 1124 quam
472 1082 625 1124 oportet)
648 1080 804 1124 reprobo
828 1080 957 1124 spiritu
979 1081 1123 1120 ductus,
1143 1080 1271 1112 multas
1288 1080 1547 1112 conclusiones
1570 1079 1732 1112 recitavit
1754 1086 1789 1112 et
1811 1079 1923 1111 tenuit
1947 1079 2065 1111 minus

202 1159 307 1179 sanas
333 1153 367 1179 et
397 1147 603 1179 sinceritate
632 1146 715 1178 fidei
743 1147 890 1179 minime
915 1153 1161 1191 congruentes
1193 1173 1254 1178 .....
1270 1148 1289 1178 ¹.
1318 1148 1451 1179 Tamen
1482 1146 1713 1191 postmodum
1741 1152 1835 1178 retro
1864 1146 2065 1190 respiciens

202 1213 308 1246 tacito
337 1213 380 1245 de
405 1213 636 1256 juramentis,
668 1213 976 1257 promissionibus
1003 1220 1037 1245 et
1062 1213 1385 1246 summissionibus
1407 1225 1471 1257 per
1491 1225 1571 1245 eum
1602 1213 1637 1245 in
1664 1213 1757 1245 dicta
1778 1213 1876 1245 curia
1904 1213 2066 1257 prestitis

201 1286 306 1324 atque
326 1280 429 1312 factis
451 1279 620 1312 dilectum
644 1279 756 1311 filium
779 1286 944 1312 nostrum
964 1279 1185 1312 Johannem²
1209 1280 1301 1312 tituli
1324 1280 1437 1312 sancti
1464 1280 1573 1312 Marci
1598 1286 1632 1311 et
1657 1279 1751 1311 bone
1774 1279 1946 1311 memorie
1964 1279 2066 1312 Guil-

201 1346 369 1378 lelmum³
395 1346 490 1378 tituli
518 1346 631 1378 sancti
660 1346 843 1378 Laurentii
869 1347 906 1378 in
934 1347 1080 1387 Lucina,
1108 1353 1191 1378 tunc
1214 1347 1247 1379 S.
1274 1346 1425 1391 Georgii
1453 1346 1496 1378 ad
1522 1346 1650 1378 Velum
1676 1358 1823 1378 aureum
1851 1346 2063 1390 dyaconum.

203 1412 436 1457 presbyteros
465 1412 667 1445 cardinales
695 1412 738 1445 ad
769 1412 988 1445 audiendum
1019 1413 1304 1445 declaracionem
1335 1424 1433 1445 suam
1464 1424 1575 1456 super
1595 1412 1894 1445 conclusionibus
1920 1413 2068 1457 prefatis

201 1479 386 1512 auditores
413 1491 477 1524 per
499 1490 565 1511 nos
587 1478 657 1511 sibi
679 1478 836 1511 obtinuit
856 1479 1033 1523 deputari.
1057 1480 1185 1512 Coram
1210 1479 1343 1523 quibus
1370 1491 1511 1511 necnon
1534 1479 1718 1523 magistris
1744 1479 1780 1510 iu
1801 1479 1967 1511 facultate
1989 1491 2069 1523 pre-

202 1546 307 1586 dicta,
335 1546 396 1590 qui
422 1552 506 1578 tunc
528 1552 629 1578 erant
655 1546 691 1577 in
713 1546 811 1578 curia
840 1552 1046 1586 memorata,
1074 1553 1106 1578 et
1135 1547 1177 1578 ad
1209 1546 1276 1578 hoc
1306 1558 1369 1590 per
1395 1546 1512 1578 dictos
1538 1545 1740 1578 cardinales
1768 1546 1881 1578 vocati
1909 1546 2073 1585 fuerunt,

202 1612 297 1645 idem
319 1613 516 1657 Dyonisius
538 1612 631 1644 circa
652 1612 861 1657 hujusmodi
883 1613 1138 1645 declarationis
1163 1619 1294 1650 actum,
1319 1613 1349 1644 si
1372 1624 1525 1644 erronee
1548 1612 1816 1656 depravationis
1837 1619 2067 1656 augmentum

202 1678 402 1711 declaracio
424 1679 495 1711 dici
519 1685 654 1723 posset,
677 1679 712 1711 in
734 1679 908 1723 quosdam
932 1679 1022 1712 alios
1045 1691 1218 1724 expresse
1241 1679 1405 1723 prorupit
1427 1690 1584 1714 errores,
1607 1678 1916 1711 detestabiliorem
1934 1685 1967 1710 et
1991 1691 2070 1723 per-

202 1745 449 1785 niciosiorem,
471 1757 576 1789 quam
602 1745 859 1778 conclusiones
887 1746 1108 1790 supradicte,
1132 1746 1316 1790 perfidiam
1340 1752 1374 1777 et
1404 1745 1581 1777 insaniam
1609 1745 1838 1777 continentes
1869 1746 2068 1778 secundum

203 1811 400 1844 eorundem
424 1812 725 1856 redarguciouem
751 1819 785 1844 et
804 1812 982 1856 judicium
1013 1813 1282 1856 magistrorum.
1306 1811 1485 1856 Quodque
1510 1817 1633 1855 postea
1660 1811 1753 1843 idem
1783 1812 1979 1856 Dyonisius
2004 1824 2070 1844 suo

202 1884 349 1911 versuto
378 1890 476 1911 more
502 1878 545 1910 ad
573 1878 639 1910 alia
666 1878 816 1923 diffugia
843 1891 882 1911 se
910 1886 1141 1919 convertens,
1165 1878 1281 1911 adhuc
1308 1878 1498 1923 premissis
1523 1878 1740 1922 juramentis
1764 1878 2070 1922 promissionibus

203 1951 238 1977 et
267 1944 590 1977 summissionibus
619 1944 755 1977 relictis
785 1945 951 1986 silencio,
982 1957 1093 1990 super
1120 1945 1331 1990 hujusmodi
1359 1945 1508 1989 negotio
1535 1956 1599 1977 seu
1626 1957 1733 1977 causa
1760 1945 1929 1977 dilectum
1957 1945 2067 1977 filium

203 2017 365 2043 nostrum
390 2012 599 2055 Hugonem'*
623 2012 751 2044 Sancte
775 2012 887 2044 Marie
911 2012 946 2044 in
970 2013 1113 2045 Porticu
1135 2012 1326 2044 diaconum
1353 2011 1570 2044 cardinalem
1597 2011 1797 2044 auditorem
1825 2011 1895 2043 sibi
1921 2024 1983 2055 per
2004 2024 2070 2044 nos

203 2077 361 2110 obtinuit
381 2077 555 2122 delegari.
578 2077 648 2119 Qui
674 2077 883 2122 hujusmodi
907 2078 1149 2123 delegationis
1171 2078 1334 2118 obtentu,
1360 2078 1403 2110 ad
1425 2077 1623 2110 nonnullos
1647 2085 1746 2110 actus
1770 2078 1901 2110 dicitur
1924 2091 2070 2123 proces-

204 2144 310 2184 sisse,
334 2155 439 2188 quos,
463 2156 534 2175 non
558 2144 640 2188 quia
663 2145 963 2188 pretermissione
980 2145 1165 2189 judiciarii
1187 2145 1328 2177 ordinis
1350 2156 1414 2177 seu
1440 2145 1554 2177 forme
1583 2144 1739 2176 mandati
1761 2151 1820 2176 aut
1846 2145 1882 2176 in
1905 2156 1942 2177 se
1974 2145 2071 2177 labo--

204 2217 323 2242 rarent
343 2210 435 2242 vicio
466 2210 523 2242 vel
545 2210 701 2251 defectu,
725 2210 789 2243 sed
811 2211 894 2255 quia
920 2211 1013 2244 dicta
1041 2211 1236 2256 delegatio,
1267 2218 1389 2255 utpote
1419 2210 1640 2255 subrepticie
1669 2217 1703 2243 et
1732 2210 1932 2255 obrepticie
1959 2212 2070 2256 impe—

203 2282 303 2317 trata,
322 2275 455 2308 nullam
479 2276 549 2309 sibi
571 2276 746 2309 tribuerat
767 2289 832 2310 nec
854 2277 1015 2310 tribuere
1040 2284 1206 2322 potuerat
1228 2284 1453 2322 potestatem,
1479 2277 1603 2310 irritos
1625 2277 1853 2310 decrevimus
1878 2284 1911 2310 et
1932 2278 2069 2313 inanes,

204 2349 239 2375 et
267 2355 329 2375 eos
356 2343 526 2387 quatinus
554 2343 805 2376 consistebant
832 2345 869 2376 in
897 2345 989 2377 sacto
1011 2345 1179 2377 duximus
1202 2344 1426 2377 revocandos
1448 2351 1483 2376 et
1503 2356 1566 2388 per
1588 2344 1721 2376 dictum
1745 2346 1933 2388 Hugonem
1956 2345 2071 2377 cardi-

205 2409 319 2441 nalem
349 2410 597 2442 mandavimus
626 2411 822 2451 retractari,
846 2423 884 2443 ac
912 2411 1045 2451 nullos,
1071 2423 1195 2443 cassos
1224 2418 1259 2443 et
1286 2411 1408 2443 irritos
1435 2411 1599 2443 nunciari
1625 2417 1656 2442 et
1687 2417 1796 2443 totum
1821 2412 2004 2455 negotium
2028 2411 2068 2443 ad

205 2482 368 2508 nostrum
393 2482 427 2508 et
453 2476 547 2508 dicte
568 2476 668 2509 sedis
693 2489 841 2509 examen
863 2477 1033 2510 duximus
1061 2478 1314 2510 revocandum.

294 2542 533 2574 Attendentes
561 2543 672 2587 igitur
703 2544 799 2587 quod
829 2543 1039 2588 hujusmodi
1070 2545 1255 2588 negotium
1286 2556 1348 2576 seu
1378 2555 1484 2576 eausa
1510 2544 1655 2575 attentis
1683 2544 1964 2576 circumstantiis
1993 2544 2071 2575 uni-

204 2608 322 2640 versis
356 2609 584 2641 commodius
620 2610 752 2653 poterit
786 2611 927 2643 tractari
964 2611 1123 2643 Parisius
1158 2623 1262 2655 quam
1299 2611 1335 2642 in
1371 2611 1526 2642 Romana
1562 2610 1660 2642 curia
1697 2609 1882 2654 prelibata,
1919 2610 2071 2641 circum-

205 2674 383 2718 spectioni
405 2681 477 2715 tue,
494 2675 538 2707 de
557 2688 625 2719 qua
647 2676 682 2707 in
704 2676 774 2708 hiis
796 2683 831 2708 et
847 2676 927 2709 aliis
944 2677 1110 2709 fiduciam
1129 2677 1292 2721 gerimus
1313 2677 1349 2708 in
1372 2676 1526 2708 Domino
1548 2676 1757 2720 specialem,
1776 2683 1900 2708 tenore
1923 2688 2071 2719 presen-

206 2741 292 2773 tium
322 2741 580 2773 committimus
611 2749 645 2774 et
676 2743 885 2775 mandamus
916 2744 1085 2787 quatinus
1116 2744 1208 2775 circa
1242 2743 1505 2776 revocationem
1538 2754 1700 2775 errorum
1734 2742 1975 2786 predictorum
2010 2754 2071 2785 per

205 2806 322 2851 ipsum
349 2807 561 2851 Dyonisium
584 2815 803 2841 assertorum
831 2809 1029 2842 faciendam
1053 2822 1117 2854 per
1138 2822 1216 2842 eum
1242 2822 1280 2842 ac
1302 2810 1395 2841 circa
1418 2821 1527 2853 penas
1549 2808 1665 2840 eidem
1695 2808 1868 2852 Dyonisio
1892 2820 1954 2851 pro
1971 2808 2069 2850 jura-

208 2879 407 2905 mentorum
436 2880 470 2905 et
501 2874 784 2917 promissionum
817 2875 1174 2920 transgressionibus
1200 2875 1435 2920 infligendam
1466 2887 1607 2906 necnon
1632 2874 1818 2906 emendam
1842 2873 2068 2917 prestandam
