2488 3386
415 337 479 369 538
988 341 1309 364 CHARTULARUJM
1343 341 1533 363 nuivssns.
1570 340 1698 362 Panis.
2180 318 2280 363 [1390

420 442 558 481 1588.
586 453 700 477 Statum
714 460 767 486 pro
783 450 925 484 religiosis
942 458 956 475 e
974 448 1146 474 monasterio
1163 447 1283 482 Majoris
1297 447 1468 473 Monasterii
1487 446 1552 473 ord.
1572 448 1598 473 S.
1617 447 1684 473 Ben.
1702 446 1827 472 Parisiis
1843 445 2034 471 studentibus.

1616 530 1694 559 1390,
1709 530 1779 556 duni!
1789 529 1933 561 Y-Octobrls
1947 529 1992 555 30.

504 617 694 651 Universis
722 622 912 661 presentes
938 615 1075 647 litteras
1101 625 1165 646 seu
1197 624 1349 658 presens
1380 612 1564 657 publicum
1593 613 1874 646 instrumentum
1901 611 2123 657 inspecturis
2149 612 2278 645 fratres

415 684 612 718 Gaufridus
639 683 817 717 Cltocardi
846 682 889 714 de
915 681 1089 720 Belismo,
1121 679 1253 712 Paulus
1280 679 1431 720 Moneti,
1457 680 1564 712 Beate
1587 679 1699 712 Marie
1727 679 1771 712 de
1793 679 1939 724 Campis
1967 690 2080 723 prope
2102 678 2277 719 Parisius,

414 751 635 796 prioratuum
658 750 812 794 priores,
835 747 1074 781 commissarii
1093 746 1137 779 ad
1167 746 1397 790 infrascripta
1422 758 1440 778 a
1466 746 1669 779 reverendo
1697 746 1735 779 in
1763 745 1910 780 Christo
1940 752 2039 790 patre
2065 757 2103 778 ac
2130 745 2277 778 domino

413 817 505 849 Elia¹
539 815 780 861 permissione
818 814 938 847 divina
974 812 1102 846 abbate
1132 812 1344 845 monasterii
1373 812 1522 856 Majoris
1558 812 1770 845 Monasterii
1805 811 2046 852 Turonensis,
2078 818 2185 856 prout
2214 823 2278 856 per

410 884 548 917 litteras
569 881 839 915 commissionis
861 881 939 925 ejus
966 879 1089 924 sigillo
1117 879 1153 911 in
1175 879 1287 911 cauda
1312 878 1450 923 duplici
1476 885 1511 911 et
1535 879 1572 911 in
1595 891 1676 912 cera
1703 879 1825 920 viridi,
1849 885 1887 911 ut
1914 878 2026 923 prima
2052 878 2142 911 saeie
2169 890 2277 923 appa-

411 950 523 991 rebat,
547 949 736 994 sigillatas,
759 959 909 992 quarum
931 954 1036 979 tenor
1056 946 1137 979 talis
1159 953 1215 979 est
1237 957 1243 978 :

500 1031 515 1047 «
539 1016 635 1048 Elias
661 1014 903 1060 permissione
934 1013 1055 1046 divina
1085 1012 1233 1045 humilis
1261 1012 1373 1046 abbas
1398 1013 1610 1046 monasterii
1637 1012 1786 1057 Majoris
1814 1012 2027 1044 Monasterii
2048 1010 2276 1044 Turonensis

410 1082 610 1116 reverendo
633 1081 723 1126 patri
745 1080 892 1113 domino
914 1079 1033 1112 abbati
1054 1080 1094 1112 B.
1113 1079 1226 1112 Marie
1248 1079 1292 1112 de
1314 1079 1509 1125 Lonlayo¹,
1528 1090 1671 1112 necnon
1692 1078 1862 1111 discretis
1879 1077 2052 1110 fratribus
2074 1076 2210 1110 nostris
2231 1076 2276 1109 de

410 1148 568 1181 Belismo
590 1154 625 1180 et
653 1149 692 1180 B.
723 1147 834 1179 Marie
867 1146 911 1179 de
941 1146 1100 1190 Campis,
1130 1145 1282 1178 salutem
1311 1146 1348 1178 in
1374 1146 1542 1179 Domino.
1575 1145 1703 1188 Quoad
1729 1144 1950 1178 visitandum
1971 1150 2003 1177 et
2031 1143 2274 1176 ordinandum

409 1222 536 1248 statum
559 1214 816 1259 religiosorum
839 1219 1048 1245 nostrorum
1071 1213 1231 1245 Parisius
1253 1212 1492 1254 studentium,
1515 1223 1710 1257 moresque
1730 1211 1893 1256 ipsorum
1922 1210 2204 1251 reformandum,
2227 1215 2274 1249 et,

408 1282 438 1315 si
464 1282 509 1314 sit
540 1292 706 1322 necesse,
729 1279 951 1325 puniendum
980 1286 1014 1312 et
1041 1279 1314 1324 corrigendum,
1337 1286 1529 1324 ceteraque
1557 1279 1677 1312 omnia
1709 1285 1745 1311 et
1771 1277 1916 1323 singula
1946 1277 2151 1310 faciendum
2181 1276 2275 1309 circa

408 1348 705 1381 reformacionem
734 1358 971 1392 personarum
1003 1353 1038 1379 et
1064 1346 1194 1379 domus
1222 1346 1442 1394 necessaria,
1472 1358 1537 1379 seu
1567 1345 1845 1391 quomodolibet
1869 1350 2086 1389 opportuna,
2109 1342 2214 1377 vohis
2241 1349 2277 1376 et

407 1422 566 1448 vestrum
588 1414 738 1447 cuilibet
757 1414 793 1445 in
815 1413 986 1453 solidum,
1009 1413 1053 1445 de
1082 1425 1235 1457 quorum
1268 1413 1396 1458 peritia
1424 1420 1459 1446 et
1485 1413 1708 1446 discretione
1738 1419 1844 1457 atque
1875 1410 2048 1443 fidelitate
2074 1409 2216 1455 plenam
2238 1409 2275 1442 in

407 1482 561 1514 Domino
579 1481 744 1513 fiduciam
767 1479 989 1520 obtinemus,
1011 1480 1269 1513 committimus
1291 1480 1389 1513 vices
1411 1486 1567 1513 nostras.
1590 1481 1631 1512 In
1652 1480 1756 1524 cujus
1773 1479 1825 1511 rei
1847 1477 2093 1511 testimonium
2112 1476 2273 1522 sigillum

407 1555 569 1581 nostrum
593 1546 825 1592 presentibus
852 1546 984 1579 litteris
1013 1546 1181 1579 duximus
1209 1547 1479 1592 apponendum.
1502 1548 1629 1580 Datum
1653 1552 1779 1579 nostro
1802 1552 1893 1578 teste
1915 1543 2052 1589 sigillo,
2076 1543 2134 1576 die
2160 1543 2274 1588 prima

406 1615 542 1647 mensis
562 1614 659 1647 Junii
681 1626 774 1646 anno
796 1613 940 1645 Domini
962 1614 996 1645 M
1010 1613 1100 1647 CCC
1113 1613 1175 1646 XC
1199 1627 1228 1645 ».

495 1680 707 1726 Specialiter
735 1680 907 1725 deputati,
936 1679 1087 1713 salutem
1115 1680 1150 1712 in
1179 1680 1347 1713 Domino.
1375 1682 1507 1713 Notum
1532 1680 1684 1713 facimus
1706 1679 1803 1724 quod
1826 1690 1892 1711 nos
1913 1678 2046 1712 virtute
2072 1677 2272 1710 litterarum

404 1748 532 1793 prefati
563 1747 699 1780 domini
727 1746 879 1786 abbatis,
909 1746 1132 1779 accessimus
1165 1746 1208 1779 ad
1238 1747 1384 1779 domum
1415 1747 1563 1792 collegii
1594 1746 1853 1791 religiosorum
1885 1745 2046 1778 virorum
2078 1743 2272 1777 scolarium

405 1815 490 1847 dicti
511 1814 660 1847 Ordinis
682 1813 830 1857 Majoris
852 1813 1064 1846 Monasterii
1082 1813 1242 1846 Parisius
1264 1813 1487 1847 studentium
1509 1814 1546 1846 in
1566 1814 1646 1847 vico
1664 1812 1783 1846 Sancti
1799 1811 1924 1845 Jacobi
1942 1811 2102 1844 Parisius
2119 1810 2272 1850 fundati,

404 1888 438 1914 et
458 1881 551 1913 idem
574 1880 771 1925 collegium
794 1879 1005 1925 diligenter,
1028 1879 1196 1924 bonaque
1218 1880 1304 1913 dicti
1325 1880 1488 1926 collegii,
1505 1881 1587 1923 jura
1610 1886 1645 1912 et
1665 1879 1831 1912 redditus
1849 1878 1967 1911 eidem
1989 1877 2147 1922 collegio
2168 1888 2274 1922 spec-

404 1948 513 1981 tantia
534 1954 569 1980 et
594 1947 824 1992 pertinentia,
848 1958 991 1979 necnon
1013 1946 1232 1979 refectiones
1258 1947 1295 1979 in
1317 1947 1444 1980 eodem
1471 1947 1629 1992 collegio
1655 1946 1841 1979 faciendas
1861 1945 2101 1978 visitavimus.
2126 1945 2169 1976 Et
2189 1943 2273 1988 quia

403 2015 608 2047 invenimus
631 2026 694 2058 per
714 2013 927 2058 diligentem
949 2013 1241 2046 informationem
1264 2026 1329 2059 per
1350 2026 1417 2047 nos
1439 2014 1483 2047 de
1505 2014 1586 2059 ipso
1606 2014 1747 2054 saetam,
1767 2012 1864 2057 quod
1885 2013 1923 2044 in
1944 2012 2040 2044 dicto
2057 2010 2215 2055 collegio
2236 2009 2273 2042 in

402 2077 584 2121 personis,
606 2076 642 2108 in
663 2076 832 2116 edificiis,
855 2075 1060 2108 redditibus
1082 2082 1117 2108 et
1143 2075 1224 2109 aliis
1250 2076 1405 2121 plurima
1433 2083 1518 2109 sunt
1545 2076 1755 2109 necessario
1780 2074 1945 2108 facienda
1971 2081 2005 2106 et
2030 2071 2270 2112 reformanda,

405 2143 594 2176 statuimus
614 2149 649 2175 et
670 2142 918 2175 ordinavimus
945 2149 1040 2175 certa
1066 2149 1196 2175 statuta
1222 2143 1379 2176 tenenda
1405 2150 1439 2176 et
1466 2143 1706 2184 observanda,
1730 2154 1800 2187 que
1825 2141 1978 2174 inferius
2000 2139 2270 2173 describuntur.

495 2211 520 2241 I.
545 2211 587 2242 Et
610 2209 725 2254 primo
752 2209 849 2253 quod
870 2209 907 2241 in
929 2209 1024 2242 dicto
1046 2209 1204 2254 collegio
1227 2210 1299 2243 sint
1324 2210 1369 2243 de
1391 2211 1554 2255 presenti
1582 2222 1645 2243 sex
1669 2209 1830 2243 scolares
1851 2206 2094 2246 solummodo,
2118 2216 2272 2250 quorum

408 2288 501 2308 unus
523 2276 588 2308 erit
612 2276 783 2320 magister
805 2282 840 2308 et
859 2275 919 2307 alii
940 2276 1102 2320 quinque
1128 2276 1196 2309 sub
1225 2277 1304 2321 ipso
1327 2277 1517 2310 studentes
1541 2289 1547 2309 z
1570 2276 1743 2309 videlicet
1763 2275 1936 2320 magister
1956 2272 2163 2307 Gaufredus
2184 2272 2272 2304 Ber-

409 2343 524 2375 trandi
546 2343 581 2374 in
603 2342 772 2382 decretis,
791 2342 964 2386 magister
986 2342 1079 2374 dicte
1102 2343 1245 2384 domus,
1263 2344 1393 2376 fratres
1415 2344 1604 2382 Martinus,
1624 2350 1691 2376 etc.
1712 2344 1755 2375 Et
1775 2342 1806 2375 si
1827 2341 2015 2385 contingat
2034 2338 2132 2383 quod
2153 2338 2272 2371 dictus

409 2408 518 2441 abbas
544 2408 727 2452 predictus
757 2408 955 2441 committat
982 2409 1137 2441 officium
1166 2410 1412 2454 procuratoris
1438 2410 1540 2443 alteri
1569 2422 1673 2455 quam
1703 2409 1816 2454 priori
1844 2409 1883 2440 B.
1912 2406 2023 2439 Marie
2053 2405 2096 2438 de
2124 2404 2271 2449 Campis

411 2475 571 2519 predicto
599 2474 653 2506 vel
679 2474 780 2506 alteri
806 2474 1035 2515 beneficiato,
1057 2476 1093 2507 in
1119 2476 1216 2509 dicto
1242 2477 1399 2522 collegio
1426 2477 1623 2522 recipietur
1644 2483 1678 2509 et
1698 2487 1776 2508 cum
1800 2474 1881 2507 aliis
1902 2472 2142 2506 communiter
2161 2471 2270 2511 vivet,

410 2542 503 2574 sieut
531 2540 704 2572 haetenus
735 2548 946 2573 consuetum
978 2549 1043 2574 est.
1068 2543 1302 2587 Supradictos
1332 2556 1417 2577 vere
1445 2544 1618 2584 scolares,
1645 2544 1736 2576 saeta
1761 2540 1930 2586 diligenti
1951 2538 2215 2572 examinatione
2237 2543 2272 2570 et

411 2607 646 2652 inquisitione
674 2618 737 2650 per
767 2619 833 2639 nos
856 2607 898 2639 de
921 2608 1003 2648 vita,
1027 2609 1202 2650 moribus,
1226 2611 1377 2643 scientia
1398 2618 1432 2643 et
1452 2610 1730 2644 conversatione
1752 2608 2012 2653 predictorum,
2036 2605 2216 2650 elegimus
2237 2610 2272 2636 et

411 2673 688 2713 nominavimus,
712 2679 887 2717 tamquam
910 2674 1131 2708 sufficientes
1153 2683 1187 2708 et
1208 2677 1375 2718 idoneos,
1397 2677 1533 2710 ibidem
1554 2683 1771 2709 moraturos.

500 2741 543 2772 ll.
568 2740 668 2779 Item,
691 2739 882 2771 statuimus
899 2746 931 2771 et
954 2741 1201 2775 ordinavimus
1223 2743 1320 2788 quod
1337 2755 1402 2788 per
1423 2743 1608 2789 predictos
1629 2741 1790 2775 scolares
1812 2739 1982 2773 omnibus
2004 2737 2135 2771 diebus
2156 2736 2271 2769 domi-

411 2807 502 2839 nicis
523 2812 557 2837 et
577 2805 731 2845 festivis,
756 2805 888 2849 quibus
915 2818 986 2838 non
1013 2807 1167 2852 legetur,
1191 2817 1381 2842 cantentur
1400 2821 1553 2855 vespere
1579 2809 1718 2842 tractim
1746 2814 1781 2840 et
1808 2807 1844 2839 in
1871 2806 2067 2839 crastinum
2096 2803 2270 2836 matutine

408 2880 442 2905 et
464 2872 590 2911 missa·⁷
613 2878 644 2903 et
669 2871 752 2903 liant
772 2871 890 2903 omnia
914 2873 1072 2916 predicta
1100 2875 1158 2906 tali
1186 2875 1272 2908 hora
1301 2877 1399 2921 quod
1421 2876 1538 2909 statim
1566 2876 1603 2908 in
1632 2875 1728 2908 exitu
1751 2874 1861 2907 misse
1888 2883 2015 2905 omnes
2044 2870 2204 2903 scolares
2232 2869 2268 2902 in

531 2930 569 2952 68.

2484 3159 2488 3168 Δ
2481 2940 2488 3121 ..qm-md..-
2483 2854 2488 2925 -„„...
2480 2815 2488 2832 ιι
