2488 3386
445 333 509 366 288
1019 342 1334 365 CHARTULARIUM
1369 342 1558 364 uuivsns.
1599 341 1725 362 PAMS.
2199 327 2303 363 [1380

449 444 587 481 1442.
613 453 738 479 Clemens
759 453 956 487 Vll(.lol1anni
977 453 1012 479 de
1034 453 1145 485 Calore)
1168 453 1342 479 cancellario
1363 455 1469 486 Paris.j
1490 457 1519 478 ut
1545 452 1742 478 Theodericum
1760 451 1795 477 de
1816 451 2018 485 Montigniaco,
2041 451 2106 476 ord.
2129 453 2165 485 fr,
2184 452 2300 478 Eremit.

532 504 557 528 S.
577 503 659 536 Augu,
678 502 808 528 lectorem
831 502 924 527 Paris.
943 502 1004 537 (qui
1021 502 1086 527 olim
1100 511 1152 538 per
1171 503 1265 528 decem
1287 511 1377 528 annos
1401 506 1427 527 et
1448 502 1524 527 ultra
1547 503 1575 526 in
1599 501 1718 526 diversis
1738 500 1924 534 generalibus
1943 500 2048 525 studiis
2070 499 2158 525 lector
2177 500 2303 526 existens

530 550 617 576 libros
633 552 755 576 Sentent.
771 551 881 586 pluries
897 550 964 584 legit
980 555 1007 576 et
1020 551 1197 586 postmodum
1211 560 1264 586 per
1277 551 1412 585 generale
1430 550 1591 586 Capitulum
1609 549 1706 575 ultime
1720 548 1910 574 celebratum·
1929 548 1969 574 ad
1985 548 2122 574 lecturam.
2140 549 2302 574 Sententia—

531 609 591 624 rum
607 603 633 625 et
648 599 752 625 deinde
765 599 804 624 ad
817 600 1012 633 magisterium
1027 599 1240 635 suscipiendum
1255 600 1282 624 in
1298 600 1393 625 studio
1413 599 1567 625 Oxoniensi
1583 599 1610 624 fn
1624 607 1708 632 regno
1720 597 1844 631 Angliae
1857 598 1914 631 fuit
1929 598 2102 631 nominatus,
2120 597 2196 632 quod
2209 601 2302 624 tamen

531 648 688 683 adimplere
704 657 758 673 non
771 649 865 684 potuit
885 657 975 683 neque
993 652 1087 683 potest
1107 649 1278 684 praesertim
1300 648 1449 674 occasione
1472 656 1641 682 guerrarum
1665 648 1739 672 inter
1765 646 1897 672 Carolum
1922 647 2062 672 Franciae
2084 650 2110 672 et
2134 646 2302 672 Eduardum

530 696 652 730 Angliae
668 697 769 730 reges),
787 696 827 722 ad
842 696 976 730 tegendos
992 696 1077 722 libros
1094 697 1303 722 Sententiarum
1323 697 1351 722 in
1371 696 1466 721 studio
1487 696 1581 722 Paris.
1601 696 1628 721 in
1645 699 1758 720 aestate
1771 695 1902 731 proxime
1917 696 2019 729 fictura
2035 698 2160 730 tempore
2176 696 2303 722 vacatio-

530 754 605 774 num,
627 744 756 780 alioquin
772 746 1003 780 quotiescumque
1024 745 1081 771 sibi
1099 745 1251 781 placuerit,
1269 745 1414 779 admittat,
1431 746 1513 780 eique
1533 744 1614 770 libris
1627 743 1788 780 praedictis
1806 743 1942 779 perlectis
1961 744 1990 769 in
2004 746 2062 778 fine
2078 744 2202 769 aestatis
2219 744 2260 770 vel
2275 744 2302 770 in

529 794 629 829 primis
650 794 879 829 expeditionibus
900 794 1059 828 magisterii
1078 794 1209 819 honorem
1232 798 1259 819 et
1278 794 1399 819 docendi
1424 794 1567 819 licentiam
1594 794 1622 818 in
1647 793 1712 829 ipsa
1732 792 1875 826 facultate
1900 793 2045 819 concedat.
2071 794 2135 819 Dat.
2163 793 2304 821 Avinione

530 842 569 875 iiij
587 850 655 868 non.
673 843 812 871 Januarii.
829 851 906 869 anno
922 844 1057 869 secundo.
1077 854 1088 865 ι(
1107 843 1163 868 Viri
1177 851 1253 868 sacre
1270 855 1293 868 η.

1630 878 1704 907 1380,
1719 878 1838 904 danum-ii
1847 879 1872 907 2.
1887 878 2017 904 avenione.

535 931 596 960 Reg.
614 931 670 954 Vnt.
688 931 766 954 Aven.
780 930 920 953 Clementis
935 932 988 958 VII,
1005 932 1056 954 vol.
1070 932 1157 959 XVIII,
1177 932 1219 954 fol.
1238 932 1308 955 563b.

535 1015 556 1037 1.
577 1014 703 1037 Ultimum
721 1014 872 1045 Capitulum
890 1015 1012 1046 generale
1028 1016 1110 1040 totius
1126 1015 1232 1039 Ordinis
1249 1024 1290 1038 un.
1308 1016 1367 1038 1377
1384 1016 1499 1038 Veronae
1517 1015 1710 1038 celebrabatur.

447 1175 584 1212 1443.
611 1185 735 1210 Clemens
757 1186 808 1211 Vll
819 1185 942 1216 Iohanni
957 1185 992 1211 de
1010 1187 1110 1219 Caron,
1124 1186 1261 1211 canonico
1274 1186 1445 1211 Moraviensi
1461 1186 1487 1210 in
1501 1188 1619 1220 utroque
1629 1185 1696 1220 jure
1710 1185 1867 1215 licentiato,
1882 1186 1931 1220 qui
1946 1185 2032 1211 etiam
2049 1186 2077 1210 in
2093 1188 2147 1210 art.
2165 1185 2305 1219 magister

528 1234 634 1267 existit,
654 1233 680 1259 in
696 1233 901 1259 Aurelianensi
918 1235 945 1259 in
962 1234 1044 1268 civili,
1062 1238 1088 1260 et
1104 1235 1132 1260 in
1151 1235 1313 1260 ParisIensi
1326 1234 1432 1259 studiis
1449 1235 1476 1259 in
1490 1234 1626 1259 canonico
1636 1233 1750 1267 juribus
1765 1234 1931 1260 licentiatus
1946 1234 2003 1268 fuit
2018 1243 2052 1259 ac
2068 1234 2103 1260 de
2116 1233 2303 1260 observandis

526 1282 644 1307 statutis
664 1286 692 1307 et
710 1282 963 1308 consuetudinibus
986 1283 1145 1308 studiorum
1161 1283 1285 1319 ipsorurn
1295 1285 1462 1318 juramenta
1483 1282 1672 1319 corporaliter
1686 1283 1844 1318 praestitit,
1863 1283 1999 1312 concedit,
2019 1287 2048 1308 ut
2064 1283 2093 1308 in
2108 1282 2300 1309 Avenionensi

528 1330 568 1356 vel
581 1330 639 1356 alio
658 1339 832 1365 quocumque
848 1331 982 1357 maluerit
995 1331 1091 1357 studio
1106 1332 1236 1366 generali
1255 1332 1420 1357 doctor-atus
1436 1332 1562 1366 insignia
1578 1332 1606 1357 in
1620 1331 1780 1367 praedictis
1795 1331 1911 1366 juribus
1932 1332 2058 1367 recipere
2077 1331 2172 1357 valeat
2193 1331 2303 1365 illaque

528 1379 654 1411 elargiri.
672 1380 736 1405 Dat.
754 1380 893 1406 Avinione
906 1381 931 1414 vj
948 1381 985 1406 id.
1004 1381 1143 1410 Januarii,
1160 1389 1238 1407 anno
1253 1381 1388 1411 secundo.
1406 1392 1418 1404 «
1436 1381 1611 1407 Litterarum
1627 1381 1744 1407 scientia
1762 1392 1785 1406 υ.

530 1498 591 1528 aeg.
608 1498 664 1521 vat.
679 1499 759 1521 Aven.
774 1498 914 1522 eumenus
931 1499 985 1527 vn,
1003 1499 1052 1522 vol.
1070 1500 1159 1528 xvm,
1177 1500 1221 1523 [οι.
1240 1500 1312 1522 36211.
1623 1466 1697 1494 '38⁰'
1714 1466 1830 1491 „lanum-u
1843 1466 1869 1493 θ’
1884 1466 2015 1491 ammone.

444 1657 582 1694 1444.
609 1667 733 1693 Clemens
754 1669 803 1694 VII
816 1669 856 1694 ad
871 1669 942 1703 (Jolz.
960 1669 995 1695 de
1011 1670 1122 1701 Calore)
1139 1671 1343 1696 cancellarium
1356 1672 1462 1704 Paris„
1482 1675 1511 1696 ut
1525 1671 1674 1697 Nicolaum
1691 1671 1726 1697 de
1747 1672 1890 1706 Lingonis,
1916 1671 1982 1697 Ord.
2000 1670 2116 1705 Praed.‚
2139 1671 2188 1706 qui
2207 1671 2299 1696 Aure-

526 1715 684 1751 lianisjam
696 1716 909 1752 philosophiam
925 1722 953 1743 et
965 1718 1067 1744 librum
1082 1721 1204 1745 Sentent.
1223 1719 1299 1753 legit,
1318 1729 1364 1745 an.
1384 1721 1451 1746 1381
1464 1720 1504 1746 vel
1522 1721 1596 1752 1382,
1617 1724 1740 1756 tempore
1755 1720 1862 1746 aestivo
1879 1720 1907 1745 in
1924 1720 2117 1752 interioribus,
2136 1723 2163 1745 et
2182 1719 2301 1745 hiemali

525 1765 553 1789 in
565 1765 753 1791 exterioribus
764 1765 869 1791 scholis
884 1766 983 1792 domus
997 1769 1066 1801 frat.
1085 1768 1188 1794 Praed.
1206 1769 1301 1795 Paris.
1319 1769 1358 1793 ud
1371 1768 1518 1803 legendum
1531 1769 1633 1795 librum
1650 1771 1773 1796 Sentent.
1792 1769 1937 1800 admittat,
1953 1769 1995 1795 ita
2007 1772 2036 1794 ut
2049 1768 2179 1803 gaudeat
2193 1767 2299 1794 eisdem

527 1812 717 1848 libertatibus,
734 1814 836 1849 quibus
852 1815 957 1841 ibidem
973 1816 1120 1842 ordinarie
1135 1817 1267 1851 legentes.
1283 1818 1346 1843 Dat.
1364 1818 1503 1844 Avinione
1517 1827 1532 1843 v
1545 1819 1601 1845 kal.
1619 1819 1725 1849 Marcii.
1742 1827 1787 1845 an.
1806 1818 1942 1844 secundo.
1962 1828 1975 1843 «
1991 1818 2050 1844 Viri
2064 1826 2141 1845 sacre
2156 1827 2181 1843 »-

1587 1904 1661 1932 7380,
1677 1903 1810 1929 Februarii
1820 1904 1866 1936 26,
1884 1903 2014 1929 avenione.

530 1980 591 2011 Reg.
609 1981 664 2004 vat.
688 1982 766 2006 Aven.
785 1982 924 2006 Clementis
947 1984 1001 2011 vn,
1023 1985 1072 2007 vol.
1099 1985 1148 2013 XX,
1168 1985 1212 2008 fol.
1227 1986 1282 2008 421.
1305 1999 1335 2003 —
1356 1986 1402 2008 An.
1420 1986 1489 2013 1384,
1507 1987 1567 2009 Maii
1589 1988 1609 2015 7,
1631 1987 1779 2010 Sententins
1797 1987 1852 2018 jam
1871 1987 1944 2018 legit.
1961 1990 1986 2010 et
2001 1987 2120 2010 Clemens
2140 1986 2298 2010 cancellario

437 2024 558 2052 (Johanni
576 2025 726 2055 Blnnchnrt)
742 2027 857 2054 mandat,
874 2031 902 2050 ut
917 2036 975 2050 eum
991 2029 1023 2051 ad
1040 2029 1159 2052 licentiae
1175 2030 1285 2058 gradum
1304 2033 1329 2052 et
1344 2030 1489 2061 magisterii
1505 2031 1629 2054 honorem
1643 2035 1798 2062 promovent
1809 2031 1893 2060 (ibid..
1912 2031 1961 2054 vol.
1979 2031 2077 2059 xxxlt,
2092 2032 2107 2054 f.
2126 2031 2198 2055 4295.
2214 2041 2227 2053 a
2243 2031 2298 2055 Viri

437 2076 510 2091 sucre
521 2070 552 2098 »).
564 2069 613 2092 An.
629 2069 688 2092 1386
704 2070 782 2100 (1387)
794 2070 942 2094 licentiatus
953 2076 992 2095 est
1004 2081 1017 2095 e
1034 2074 1122 2097 Catal.
1138 2074 1230 2097 licent.
1248 2074 1323 2100 (Bibl.
1345 2077 1397 2097 nat.
1414 2075 1496 2098 Puris.
1514 2083 1577 2099 mss.
1594 2076 1638 2098 lnt.
1651 2077 1711 2098 5657
1720 2080 1740 2105 Α,
1758 2076 1852 2105 12850).
1870 2077 1915 2099 An.
1934 2076 2002 2102 1392,
2015 2075 2091 2098 Febr.
2108 2076 2145 2104 19,
2160 2077 2243 2099 tuctus
2258 2078 2298 2099 est

437 2111 518 2142 episc.
535 2112 680 2142 Argoliens.
699 2114 769 2144 meg,
786 2115 842 2138 Vnt.
859 2115 939 2139 Clem.
956 2117 1009 2143 VII.
1026 2121 1054 2139 n⁰
1070 2118 1123 2144 303,
1137 2118 1152 2140 f.
1173 2118 1221 2147 14).

442 2229 582 2267 1445.
608 2239 733 2266 Clemens
753 2241 935 2267 VJJJohanni
948 2242 983 2268 de
1002 2242 1110 2278 Calore,
1129 2244 1303 2270 cancellario
1322 2246 1428 2279 Paris„
1448 2246 1579 2281 injungit,
1597 2250 1626 2271 ut
1645 2246 1838 2272 Christianum
1854 2246 1890 2272 de
1907 2246 2072 2282 Altarippa,
2093 2245 2158 2271 Ord.
2176 2246 2293 2272 Eremit.

528 2289 553 2314 S.
573 2291 654 2323 Aug„
672 2289 712 2314 ad
727 2289 863 2324 legendas
878 2292 1039 2317 Sententias
1054 2296 1081 2318 et
1095 2292 1135 2318 ad
1150 2294 1346 2328 magisterium
1361 2294 1506 2320 admittat.

1640 2332 1714 2361 7380.
1730 2331 1819 2357 Martii
1829 2332 1867 2360 17,
1881 2331 2011 2357 Ammona.

527 2398 665 2431 Dilecto
686 2399 759 2431 filio
781 2400 994 2434 cancellario
1014 2402 1167 2435 ecclesie
1189 2404 1405 2437 Parisiensis
1427 2405 1592 2445 salutem,
1611 2413 1677 2438 etc.
1696 2406 1773 2439 Viri
1795 2418 1896 2438 sacre
1917 2405 2097 2441 lectionis,
2116 2412 2182 2438 etc.
2205 2405 2295 2439 Cum

438 2463 557 2508 itaque
578 2464 672 2497 sicut
691 2466 895 2511 accepimus
916 2467 1070 2501 dilectus
1092 2469 1188 2502 filius
1209 2470 1413 2503 Cristianus
1435 2471 1479 2504 de
1501 2472 1698 2517 Aharippa,
1721 2472 1808 2505 Ord.
1837 2472 2008 2505 Heremit.
2039 2472 2073 2505 S.
2100 2471 2296 2516 Augustini

439 2530 638 2574 professor,
660 2532 720 2575 qui
745 2558 809 2564 .....
833 2533 892 2565 diu
915 2534 1007 2567 circa
1028 2535 1229 2568 facultatem
1253 2549 1353 2570 sacre
1379 2537 1563 2583 theologie
1584 2539 1620 2571 in
1642 2539 1798 2572 (liversis
1821 2538 2055 2584 generalibus
2081 2538 2212 2571 studiis
2232 2549 2297 2583 per

438 2595 546 2641 longa
567 2603 725 2641 tempora
747 2598 971 2632 insudaverit
992 2601 1172 2634 studendo
1196 2603 1298 2635 etiam
1325 2610 1358 2636 et
1383 2603 1553 2648 legendo,
1576 2617 1615 2637 ac
1637 2605 1769 2637 deinde
1791 2605 1951 2638 Parisius
1968 2604 2124 2650 gradum
2151 2604 2297 2638 lector-ie

439 2661 475 2694 in
495 2662 572 2706 ipsa
589 2662 771 2708 theologie
788 2665 953 2698 facultate
975 2666 1125 2711 adeptus
1146 2668 1266 2709 fuerit,
1286 2676 1321 2701 et
1341 2670 1569 2714 postmodum
1592 2671 1628 2703 in
1650 2671 1792 2704 civitate
1814 2671 2096 2716 Rothomagensi
2117 2671 2153 2703 in
2174 2670 2295 2703 studio

438 2728 599 2772 generali
627 2729 713 2762 dicti
741 2731 886 2763 fratrum
916 2732 1064 2765 Ordinis
1096 2734 1298 2767 sententias
1326 2735 1468 2780 legerit,
1492 2743 1526 2769 et
1556 2737 1696 2770 tandem
1727 2750 1790 2782 per
1811 2738 1927 2783 ipsius
1948 2738 2097 2771 Ordinis
2124 2736 2294 2782 generale

437 2794 639 2839 Capitulum
736 2796 779 2828 ad
800 2797 994 2842 legendum
1017 2799 1168 2832 Bibliam
1197 2801 1377 2834 ordinarie
1404 2803 1440 2834 iu
1462 2803 1702 2836 Universitate
1732 2805 1927 2837 parisiensi
1957 2804 2066 2837 fuerit
2092 2804 2292 2844 ordinatus,

437 2872 540 2904 quam
574 2862 717 2905 quidem
750 2862 919 2896 lecturam
951 2864 1045 2897 idem
1072 2866 1274 2899 Cristianus
1306 2868 1500 2913 complevit
1531 2869 1678 2902 biennio
1701 2871 1771 2914 jain
1809 2871 1945 2915 elapso,
1978 2877 2013 2903 et
2040 2870 2173 2903 multos
2202 2869 2293 2903 alios
