2488 3386
423 324 486 356 400
998 329 1313 352 casarum-aium
1348 327 1533 349 UN1vEns.
1571 326 1698 347 PARIS.
2188 311 2287 347 [1385

424 406 529 449 Quod
551 417 592 438 ex
622 405 689 437 hoc
711 405 797 438 satis
820 405 1049 450 perspicuum
1080 410 1147 443 est,
1177 403 1257 447 quia
1287 400 1571 434 declaracionem
1599 411 1664 432 seu
1685 398 1922 431 adhesionem
1945 409 2044 430 suam
2074 404 2232 430 sanctam
2254 404 2289 429 et

419 472 571 517 justam¹
603 483 666 516 per
692 471 854 503 diversas
882 470 1006 503 mundi
1037 476 1156 514 partes
1184 468 1380 513 publicavit
1410 474 1456 507 et,
1483 466 1581 510 quod
1610 465 1647 497 in
1676 465 1813 498 recenti
1843 465 2016 497 memoria
2042 472 2109 504 est,
2133 464 2288 497 nuncios

425 539 533 571 eciam
557 538 724 582 proprios
744 544 778 570 et
805 538 995 581 deputatos
1024 536 1232 580 solempnes
1254 534 1297 567 ad
1325 533 1555 566 sedacionem
1583 531 1762 565 scismatis
1784 532 1819 564 in
1847 531 2049 564 Flandriam
2071 530 2286 576 delegavit².

427 605 495 638 Sed
524 604 620 649 quod
650 604 720 636 hiis
749 603 917 636 omnibus
940 604 1053 647 majus
1081 609 1136 635 est
1163 609 1196 634 et
1224 601 1267 633 ad
1296 606 1505 645 perpetuam
1533 599 1646 632 vestri
1672 598 1830 631 nominis
1857 598 2079 638 memoriam,
2103 609 2198 630 nunc
2221 597 2289 630 sub

425 678 544 704 vestre
565 670 762 703 sanctitatis
789 670 998 702 auctoritate
1029 668 1247 713 generaliter
1268 667 1304 699 in
1326 665 1496 699 omnibus
1524 665 1600 698 suis
1631 664 1835 710 privilegiis
1863 672 1898 697 et
1930 665 2073 697 statutis
2102 664 2290 697 reformari

427 737 621 777 desiderat,
640 744 673 769 et
693 737 736 769 ad
757 736 824 769 hoc
846 736 930 768 totis
951 735 1090 768 viribus
1110 734 1294 766 humiliter
1315 745 1353 765 se
1375 732 1548 777 disponit.
1567 733 1640 764 Hec
1661 738 1779 765 autem
1801 731 1884 764 ideo
1902 731 2066 772 dixerim,
2086 738 2186 776 pater
2207 731 2291 764 bea-

427 804 578 844 tissime,
602 803 769 848 quoniam
800 802 1029 835 adversarius
1058 801 1130 833 filie
1152 807 1272 833 vestre
1301 806 1334 832 et
1361 799 1478 843 ipsius
1506 798 1716 843 complices,
1746 798 1829 843 quia
1854 810 1997 831 causam
2020 810 2119 831 suam
2141 798 2291 831 veritate

427 876 613 914 nequeunt
639 869 861 909 deffendere,
888 868 952 900 hac
980 867 1104 900 saltem
1139 866 1292 899 falsitate
1323 878 1397 898 eam
1430 871 1623 910 protegere
1652 871 1687 897 et
1718 865 1811 897 tueri
1841 865 2018 905 nituntur,
2048 871 2087 897 ut
2113 871 2290 905 asserant,

428 936 600 981 quosdam
625 936 668 968 de
689 935 932 968 Universitate
960 934 1119 979 predicta
1141 934 1194 966 eis
1215 933 1406 966 occasione
1431 932 1611 965 scismatis
1640 931 1794 964 latenter
1815 931 1999 964 adversari
2028 938 2062 964 et
2090 930 2181 964 hanc
2209 931 2291 964 ideo

428 1002 725 1047 persecucionem
753 1001 902 1041 inferre,
925 1001 1021 1045 quod
1048 1000 1137 1033 adeo
1165 1000 1307 1032 notorie
1333 999 1462 1031 falsum
1490 1005 1557 1039 est,
1579 1005 1618 1031 ut
1638 997 1788 1031 cachino
1811 1005 1844 1031 et
1865 998 2036 1031 irrisione
2059 998 2207 1042 dignum
2232 998 2290 1038 sit,

429 1069 522 1102 sicut
543 1067 768 1113 experiencia
790 1067 1040 1100 declarabit....
1064 1068 1110 1099 Ut
1130 1073 1247 1099 autem
1269 1065 1482 1098 immortalis
1509 1071 1564 1098 est
1590 1065 1736 1105 veritas,
1765 1065 1817 1098 sic
1847 1071 1940 1097 teste
1970 1064 2163 1097 Francisco
2189 1070 2293 1109 poeta

428 1135 586 1167 laureato
610 1134 822 1175 [Petrarcha]
853 1148 869 1165 «
894 1133 990 1166 fictio
1013 1140 1048 1166 et
1074 1133 1301 1166 mendacium
1324 1144 1396 1165 non
1424 1132 1565 1173 durant,
1594 1131 1760 1164 simulata
1781 1131 1879 1164 illico
1901 1137 2108 1176 patescunt;
2136 1137 2171 1163 et
2202 1131 2296 1164 sicut

429 1213 558 1246 magno
576 1201 695 1233 studio
712 1207 852 1245 compta
873 1200 1031 1233 cesaries
1051 1206 1159 1233 vento
1180 1199 1346 1232 turbatur
1367 1199 1514 1243 exiguo,
1532 1199 1583 1231 sic
1605 1205 1771 1243 argutum
1794 1209 1939 1242 quoque
1959 1197 2186 1230 mendacium
2208 1209 2295 1230 vero

429 1268 524 1300 cedit
542 1281 614 1300 ))....

518 1334 740 1367 Secundo...
760 1336 806 1367 Ut
825 1334 937 1379 igitur
953 1334 1023 1366 vim
1041 1346 1143 1378 quam
1166 1333 1238 1365 filia
1254 1339 1374 1365 vestra
1395 1344 1500 1377 passa
1517 1338 1572 1365 est
1591 1338 1626 1364 et
1647 1331 1791 1376 patitur,
1809 1331 1928 1371 vobis,
1951 1338 2052 1376 pater
2072 1331 2294 1372 beatissime,

428 1401 563 1434 valeam
586 1401 780 1442 declarare,
803 1400 918 1433 habeo
940 1412 983 1433 ex
1003 1407 1102 1445 parte
1124 1401 1203 1444 ejus
1224 1406 1259 1432 et
1278 1400 1394 1444 ipsius
1416 1399 1562 1431 nomine
1587 1399 1608 1432 8
1628 1398 1802 1431 articulos
1822 1405 1943 1431 vestre
1965 1398 2144 1431 sanctitati
2165 1410 2297 1443 propo-

430 1479 528 1508 nere,
547 1467 584 1499 in
605 1467 736 1511 quibus
758 1467 926 1500 consistit
940 1467 1157 1511 justificacio
1179 1478 1285 1499 cause
1308 1478 1385 1507 sue,
1405 1472 1439 1498 et
1459 1466 1640 1510 injusticia
1663 1465 1774 1510 partis
1795 1465 1960 1498 adverse.

518 1535 668 1567 Primus
687 1534 864 1567 articulus
885 1541 952 1575 est,
975 1534 1073 1578 quod
1093 1534 1183 1566 fama
1205 1533 1348 1578 publica
1370 1532 1547 1565 laboravit
1567 1539 1602 1565 et
1621 1532 1737 1565 adhuc
1758 1532 1898 1565 laborat
1918 1533 2079 1566 Parisius
2101 1539 2135 1565 et
2155 1532 2241 1565 alibi
2261 1533 2298 1565 in

433 1601 588 1633 diversis
609 1601 731 1633 mondi
752 1600 926 1645 partibus,
947 1601 1043 1645 quod
1061 1601 1179 1633 dictus
1200 1599 1438 1633 cancellarius
1461 1611 1530 1632 una
1550 1611 1630 1632 cum
1653 1599 1869 1644 quibusdam
1894 1599 2077 1632 officiariis
2098 1605 2134 1632 et
2153 1599 2299 1644 compli-

434 1666 536 1699 cibus
558 1667 634 1699 suis
656 1667 778 1711 plures
800 1679 929 1712 graves
951 1678 1122 1700 excessus
1149 1673 1183 1699 et
1209 1666 1473 1699 intollerabiles
1495 1665 1630 1699 abusus
1652 1666 1845 1707 commisit,
1872 1666 2065 1711 exigendo,
2089 1666 2299 1711 recipiendo

436 1740 470 1765 et
494 1733 742 1777 extorquendo
769 1734 962 1778 peccunias
990 1746 1008 1766 a
1037 1733 1274 1766 licenciandis
1304 1733 1341 1765 in
1371 1733 1527 1766 diversis
1554 1733 1797 1773 facultatibus,
1827 1745 1866 1766 ac
1896 1733 2007 1766 eciam
2038 1745 2056 1765 a
2086 1732 2300 1766 bachalariis

436 1799 667 1832 admittendis
687 1800 731 1832 ad
751 1800 1022 1832 Sentenciarum
1043 1799 1233 1839 lecturam,
1257 1799 1398 1844 aliquos
1419 1800 1570 1844 insuper
1590 1799 1796 1832 licenciavit
1816 1800 1895 1832 sine
1917 1799 2078 1832 examine
2100 1806 2135 1832 et
2155 1799 2301 1845 deposi-

436 1866 540 1898 cione
561 1866 828 1910 magistrorum,
857 1866 1062 1911 specialiter
1082 1867 1119 1898 in
1146 1866 1350 1911 theologica
1372 1866 1551 1907 facultate,
1575 1866 1749 1911 indignos
1769 1866 1980 1911 acceptavit,
2003 1866 2136 1911 dignos
2157 1865 2299 1911 abjecit,

437 1932 556 1965 minus
578 1932 709 1977 dignos
732 1932 961 1976 dignioribus
983 1933 1182 1978 preposuit.
1203 1934 1280 1974 Que
1302 1933 1421 1966 omnia
1443 1940 1528 1966 sunt
1547 1945 1621 1966 non
1642 1933 1760 1966 solum
1782 1940 1905 1966 contra
1922 1934 2004 1978 jura
2026 1933 2147 1966 divina
2168 1933 2303 1978 pariter

438 2005 472 2031 et
498 1998 663 2037 humana,
692 1999 755 2032 sed
784 1999 893 2032 eciam
924 2006 1048 2032 contra
1073 1999 1271 2040 libertates,
1301 2000 1492 2045 privilegia
1520 2006 1555 2032 et
1587 2007 1716 2033 statuta
1745 2000 2001 2033 Universitatis
2027 1999 2203 2045 predicte,
2232 2011 2302 2044 que

438 2071 553 2097 tamen
575 2065 692 2098 dictus
717 2066 953 2099 cancellarius
980 2067 1116 2110 juravit
1142 2066 1401 2099 inviolabiliter
1422 2066 1675 2100 observare...
1705 2068 1816 2100 Prout
1841 2067 1995 2112 quodam
2025 2066 2105 2099 loco
2127 2066 2300 2111 scriptum

437 2131 523 2176 legi,
546 2138 629 2164 tunc
651 2132 826 2165 adventus
851 2132 1066 2166 Antichristi
1096 2133 1323 2178 propinquus
1345 2134 1424 2174 erit,
1452 2146 1532 2166 cum
1555 2134 1705 2167 Romani
1726 2134 1869 2178 imperii
1891 2133 2098 2174 destitucio,
2122 2132 2302 2166 scismatis

439 2198 683 2231 ecclesiastice
716 2199 898 2232 desolacio
927 2206 962 2232 et
990 2200 1207 2232 Parisiensis
1240 2200 1350 2233 studii
1379 2200 1577 2233 destructio
1608 2201 1892 2245 precesseri[n]t,
1922 2201 2004 2245 quia
2039 2199 2238 2245 spiritualis
2269 2206 2304 2232 et

439 2264 647 2308 temporalis
668 2265 752 2298 fidei
774 2266 950 2298 deffensio
972 2266 1123 2299 maxime
1145 2273 1229 2299 tunc
1251 2267 1423 2300 deerit....

528 2330 703 2364 Secundus
719 2332 895 2365 articulus
911 2339 967 2365 est
987 2333 1031 2365 de
1053 2333 1325 2374 informacione,
1349 2340 1431 2374 etc.,
1456 2334 1499 2366 de
1521 2334 1783 2379 appellacione,
1807 2341 1875 2367 etc.
1898 2334 1928 2367 O
1949 2345 2054 2378 quam
2071 2333 2199 2366 frivola
2221 2344 2304 2377 pro-

440 2396 592 2428 vocandi
613 2398 724 2430 racio!
756 2398 785 2431 O
811 2410 915 2442 quam
942 2399 1206 2432 irracionabilis
1231 2400 1437 2445 appellandi
1463 2401 1627 2433 occasio!
1653 2401 1756 2442 Sane,
1780 2407 1881 2446 pater
1906 2400 2128 2440 beatissime,
2153 2400 2214 2444 qui
2238 2399 2304 2432 hac

442 2463 632 2495 occasione
655 2471 823 2508 provocat
844 2471 879 2497 et
904 2465 1071 2510 appellat,
1095 2466 1255 2499 ostendit
1282 2467 1386 2511 plane
1408 2467 1506 2511 quod
1533 2479 1606 2500 non
1627 2467 1822 2512 refugium,
1849 2467 1914 2500 sed
1941 2467 2131 2512 diffugium
2155 2466 2304 2511 justicie

442 2535 622 2572 querat....

537 2595 684 2628 Tercius
703 2597 879 2630 articulus
896 2598 938 2630 de
960 2605 1108 2631 tractatu
1126 2599 1394 2643 deputatorum,
1416 2606 1499 2639 etc.,
1523 2607 1558 2633 et
1577 2601 1621 2633 de
1644 2601 1866 2633 refutacione
1888 2606 2059 2633 tractatus
2081 2611 2145 2645 per
2166 2599 2306 2632 cancel-

443 2660 582 2693 larium.
606 2661 725 2702 Certe,
753 2669 853 2707 pater
880 2663 1100 2705 beatissime,
1133 2665 1193 2709 qui
1221 2672 1406 2698 tractatum
1439 2667 1538 2710 pacis
1566 2674 1600 2699 et
1630 2667 1826 2700 concordie
1856 2673 1926 2699 tam
1956 2666 2180 2699 amicabilem
2210 2672 2245 2698 et
2274 2666 2306 2698 ei

444 2727 675 2759 favorabilem
698 2735 767 2760 tam
788 2730 1049 2762 contumaciter
1069 2731 1247 2771 refutavit,
1271 2743 1309 2764 se
1326 2732 1434 2764 nimis
1457 2744 1539 2765 esse
1559 2733 1761 2778 litigiosum
1783 2734 1973 2766 manifeste
1995 2733 2216 2778 probavit....

534 2794 694 2838 Quartus
722 2796 898 2829 articulus
929 2796 972 2828 de
1003 2797 1217 2837 statuendis,
1256 2805 1337 2838 etc.,
1375 2798 1485 2831 salvis
1514 2799 1551 2831 in
1581 2799 1751 2832 omnibus
1779 2800 1983 2845 privilegiis
2015 2806 2049 2832 et
2078 2798 2308 2832 libertatibus

446 2859 598 2892 ecclesie
616 2867 649 2892 et
665 2861 870 2894 cancellarii
892 2863 1144 2904 Parisiensis³,
1163 2870 1229 2896 etc.
1249 2865 1321 2896 Hec
1342 2871 1473 2902 autem,
1493 2872 1592 2909 pater
1613 2865 1835 2907 beatissime,
1854 2878 1923 2911 que
1941 2866 2167 2900 Universitas
2186 2866 2310 2898 statuit
