2488 3386
223 327 318 364 1385]
645 340 691 361 AB
726 339 831 361 ANNO
867 339 997 361 mcch
1031 339 1162 367 USQUE
1197 340 1244 361 An
1280 340 1543 361 BENEDlCTUM
1570 341 1658 361 x111.
2019 331 2081 364 361

219 414 390 447 videlicet
409 414 446 446 in
467 413 662 454 communi,
690 420 725 446 et
752 413 796 445 de
823 412 903 445 aliis
931 412 968 444 in
997 412 1194 457 'singulari3
1218 413 1361 457 ipsique
1383 412 1586 445 baccallarii
1613 425 1711 445 suam
1734 414 1965 446 vexacionem
1989 415 2082 447 redi-

219 487 358 513 mentes
380 480 608 513 tradiderunt
634 486 670 512 et
695 485 980 512 numeraverunt
1007 490 1070 523 per
1097 482 1159 519 [se]
1180 478 1237 511 vel
1263 479 1367 519 aliOS,
1390 479 1477 511 alias
1504 491 1575 511 non
1603 479 1780 515 tradituri,
1804 481 1886 524 qnia
1908 493 1973 513 nec
1995 481 2080 513 alias

219 547 431 580 collocaturi
453 553 488 579 et
507 546 745 587 licenciaturi,
769 546 936 590 interque
962 557 1001 578 se
1028 545 1129 589 ipsos
1159 551 1270 589 pacta,
1298 545 1581 585 convenciones,
1605 545 1864 589 stipulaciones
1887 554 1921 579 et
1945 547 2084 592 obliga-

219 613 345 646 ciones
373 625 452 646 cum
484 611 823 650 renunciationibus
852 618 886 644 et
908 611 1124 656 juramentis
1145 611 1474 644 intervenientibus
1495 612 1671 651 fecerunt,
1695 619 1728 644 et
1753 613 1886 645 fecerat
1905 626 1983 645 eum
2011 613 2084 645 illis

220 679 458 720 baccallariis,
481 679 542 723 qui
564 678 675 711 nichil
696 679 732 710 in
755 684 924 723 prumptu
945 677 1127 710 habebant
1147 678 1190 710 ad
1213 678 1382 710 dandum.
1407 679 1558 722 Propter
1579 690 1648 722 que
1670 678 1776 719 dona,
1800 691 1960 719 munera,
1984 692 2085 712 exac-

220 746 338 779 tiones
367 752 401 778 et
427 745 683 790 corruptiones
711 744 878 777 nonnulli
909 744 1052 788 indigni
1080 744 1123 777 ad
1154 744 1306 777 liceneie
1336 744 1487 789 gradum
1517 744 1666 777 admissi
1695 745 1854 785 suerunt,
1877 746 1978 790 digni
2000 758 2084 778 vero

220 823 399 857 pauperes
428 818 463 844 et
491 811 552 844 alii
582 811 750 844 nolentes
778 811 916 856 aliquid
944 811 1029 843 dare
1057 811 1202 855 penitus
1232 811 1375 843 refutati
1404 810 1461 843 vel
1494 810 1619 843 saltem
1648 811 1842 855 postpositi
1878 812 2085 849 extiterunt,

220 885 345 912 contra
375 880 502 919 Deum,
529 879 591 923 jus
619 885 654 911 et
678 878 862 922 justiciam
891 890 930 911 ac
957 877 1118 922 predicta
1139 877 1342 923 privilegia,
1365 878 1660 917 constitutiones,
1683 884 1826 917 statuta,
1847 877 2033 911 libertates
2055 886 2089 911 et

221 945 507 978 consuetudines
528 944 730 978 laudabiles
751 945 1008 978 Universitatis
1030 945 1191 989 predicte
1213 944 1403 977 temerarie
1424 944 1619 985 veniendo,
1642 956 1680 976 ac
1701 944 1837 977 crimen
1859 945 2085 986 ambicioniS,

221 1012 391 1053 avaricie,
421 1012 667 1056 corruptionis
698 1018 733 1044 et
762 1011 897 1044 abusus
928 1024 967 1044 ac
998 1011 1211 1044 sententiam
1245 1011 1630 1044 excommunieationis
1661 1011 1938 1056 dampnabiliter
1967 1012 2088 1044 incur-

222 1078 349 1112 rendo.

312 1146 392 1178 59⁰³.
420 1146 508 1177 Item
530 1145 715 1189 predictus
737 1145 1061 1186 subcancellarius,
1080 1145 1141 1189 qui
1162 1152 1324 1189 tempore
1347 1156 1417 1189 quo
1439 1151 1648 1189 assumptus
1670 1145 1734 1177 suit
1752 1145 1794 1177 ad
1817 1145 1913 1178 istud
1936 1146 2090 1178 officium

218 1211 569 1244 subcancellariatus
591 1218 667 1244 erat
688 1211 940 1256 pauperrimus
962 1211 1070 1244 homo
1093 1218 1127 1244 et
1147 1211 1237 1244 male
1259 1211 1438 1251 induttus,
1461 1223 1556 1243 nunc
1587 1223 1649 1255 per
1677 1211 1744 1243 hoc
1770 1212 1925 1244 officium
1955 1212 2089 1245 scaleto

223 1278 443 1323 capuciatus,
466 1278 608 1322 grossis
630 1278 739 1311 variis
762 1284 796 1310 et
816 1278 939 1323 griseo
961 1278 1159 1317 soderatus,
1186 1278 1268 1310 licet
1290 1278 1427 1310 nullum
1455 1277 1672 1310 beneficium
1695 1277 1822 1310 habeat
1843 1278 1899 1311 vel
1922 1279 2091 1323 patrimo-

223 1345 321 1377 nium
344 1344 388 1377 de
405 1356 476 1389 quo
499 1344 566 1377 hoc
588 1345 704 1389 possit
722 1345 854 1385 facere,
876 1356 949 1377 non
971 1344 1117 1377 erubuit
1142 1345 1177 1377 in
1200 1345 1305 1389 plena
1326 1345 1618 1389 congregacione
1640 1357 1704 1377 sue
1730 1345 1892 1377 nacionis
1915 1345 2089 1390 profiteri,

223 1423 262 1444 se
283 1411 395 1444 multa
416 1423 564 1443 munera
587 1411 772 1455 recepisse
798 1423 815 1443 a
838 1411 944 1444 dictis
975 1411 1190 1452 licenciatis,
1218 1411 1380 1456 allegans
1407 1411 1504 1455 quod
1536 1412 1633 1443 Deus
1664 1423 1729 1444 nec
1761 1411 1936 1456 dyabolus
1968 1419 2091 1456 posset

221 1478 353 1518 facere,
372 1478 459 1522 quin
481 1477 662 1522 reciperet
682 1477 776 1510 dona
796 1490 876 1510 cum
900 1477 969 1510 sibi
992 1478 1222 1511 offerrentur.

312 1545 392 1578 60³⁵.
420 1545 506 1577 Item
531 1550 565 1576 et
586 1544 683 1588 quod
705 1544 823 1576 dictus
846 1544 1156 1577 subcancellarius
1177 1557 1195 1577 a
1217 1545 1329 1589 prima
1350 1544 1542 1577 audicione
1564 1544 1669 1589 primi
1695 1545 1777 1576 anni
1804 1545 1890 1577 dicti
1916 1545 2091 1578 cancella-

224 1611 335 1644 riatus
356 1610 481 1643 habuit
500 1623 517 1643 a
540 1610 764 1643 baccallariis
785 1611 948 1655 ejusdem
972 1611 1176 1644 audicionis
1197 1623 1260 1644 sex
1281 1612 1440 1650 srancos3
1465 1611 1627 1643 secundo
1649 1624 1666 1643 a
1688 1611 1911 1644 baccallariis
1933 1612 2093 1644 secunde

223 1678 427 1710 audicionis
450 1678 601 1710 secundi
623 1678 707 1710 anni
729 1678 814 1710 dicti
836 1677 1042 1710 cancellarii
1060 1678 1220 1722 quinque
1238 1679 1397 1715 francos;
1422 1678 1527 1710 tertio
1549 1691 1566 1710 a
1587 1678 1835 1718 baccallarii[s]
1853 1686 1977 1723 quarte
1999 1679 2094 1711 audi-

224 1744 340 1777 cionis
358 1744 444 1777 dicti
466 1744 617 1776 secundi
639 1744 722 1776 anni
739 1744 900 1788 quinque
921 1745 1082 1785 francos3
1103 1751 1229 1789 quarto
1251 1757 1267 1777 a
1290 1744 1513 1777 baccallariis
1537 1744 1649 1788 prime
1667 1745 1870 1777 audicionis
1887 1746 1969 1777 anni
1993 1746 2094 1778 tercii

224 1818 379 1855 quatuor
404 1811 565 1851 francos,
595 1811 720 1855 quinto
751 1823 768 1843 a
797 1811 1023 1844 baccallariis
1054 1811 1214 1844 secunde
1245 1811 1448 1844 audicionis
1479 1811 1689 1855 hujusmodi
1720 1811 1804 1844 anni
1837 1812 1939 1844 tercii
1970 1812 2093 1845 decem

223 1878 384 1917 sranc0s3
404 1883 505 1910 sexto
527 1890 544 1910 a
565 1878 675 1910 tercia
696 1878 888 1910 audicione
910 1877 1018 1922 hujus
1039 1878 1123 1910 anni
1144 1878 1246 1910 tercii
1267 1878 1328 1922 viij
1350 1879 1507 1910 frances.

314 1945 395 1977 61¹¹⁵.
423 1945 511 1976 Item
533 1951 568 1977 et
588 1944 685 1989 quod
713 1944 832 1977 dictus
862 1944 1173 1977 subcancellarius
1195 1957 1212 1977 a
1242 1945 1429 1977 nonnullis
1451 1944 1676 1977 baccallariis
1702 1946 1935 1990 temptandis,
1962 1947 2094 1978 exami-

224 2011 354 2043 nandis
375 2017 410 2043 et
434 2011 672 2043 licenciandis
693 2011 845 2043 extorsit
874 2011 998 2055 plures
1027 2023 1185 2044 summas
1216 2012 1390 2056 peccunie
1421 2018 1453 2044 et
1485 2011 1609 2044 habuit
1637 2011 1798 2044 indebite
1828 2019 1861 2044 et
1888 2013 2034 2057 injuste,
2059 2019 2093 2045 et

224 2077 341 2122 primo
371 2090 389 2109 a
420 2077 583 2109 Rolando
615 2077 757 2110 Ramier
788 2084 942 2121 quatuor
971 2078 1127 2119 francos,
1160 2091 1177 2110 a
1208 2078 1344 2110 Thema
1374 2078 1407 2110 le
1440 2079 1568 2122 Mauge
1598 2078 1719 2110 decem
1753 2078 1892 2111 solidos
1921 2079 2043 2123 paris,
2073 2092 2091 2112 a

224 2143 382 2176 Roberto
410 2144 454 2176 de
476 2144 597 2176 Barris
620 2150 773 2188 quatuor
798 2145 955 2184 francos,
976 2156 994 2176 a
1021 2144 1156 2176 decano
1186 2144 1229 2177 de
1252 2145 1512 2189 Longuione²⁵,
1533 2151 1570 2177 ut
1590 2144 1737 2176 haberet
1759 2146 2090 2178 recommendatum

224 2211 402 2255 quendam
426 2210 578 2242 amicum
600 2222 704 2243 suum
728 2222 792 2255 pro
814 2210 964 2243 licencia
985 2211 1021 2242 in
1043 2210 1194 2252 artibus,
1217 2218 1371 2255 quatuor
1391 2212 1546 2250 francos,
1569 2223 1586 2243 a
1609 2212 1712 2243 Petro
1731 2211 1774 2243 de
1797 2212 2005 2256 Burgondia
2028 2225 2091 2257 per

224 2289 366 2309 manum
388 2277 552 2321 ejusdem
574 2276 697 2309 Jacobi
720 2276 764 2309 de
788 2276 922 2310 Celatis
949 2277 1072 2309 decem
1096 2278 1252 2317 francos,
1278 2290 1295 2309 a
1324 2278 1478 2309 Ilenrico
1505 2278 1549 2309 de
1576 2277 1693 2309 Palma
1715 2285 1868 2321 quatuor
1894 2279 2050 2319 francos,
2072 2292 2090 2311 a

222 2343 385 2376 Johanne
412 2343 456 2376 de
484 2343 669 2376 Novavilla
699 2350 853 2387 quatuor
882 2344 1038 2384 francos,
1068 2356 1085 2376 a
1113 2344 1281 2376 Thierico
1314 2344 1426 2376 Mileti
1457 2350 1625 2388 sperante
1656 2344 1833 2376 licentiari
1864 2345 1899 2376 in
1928 2346 2090 2378 examine

223 2411 353 2442 Nostre
375 2410 528 2442 Domine
546 2416 699 2454 quatuor
715 2410 858 2442 francos
875 2410 948 2454 (qui
970 2409 1040 2442 sibi
1062 2410 1172 2442 nichil
1194 2411 1438 2454 profecerunt,
1458 2411 1539 2454 quia
1560 2410 1771 2443 licenciatus
1788 2411 1854 2443 suit
1876 2411 1910 2443 in
1928 2412 2089 2444 examine

225 2477 352 2509 Sancte
374 2477 585 2519 Genovese),
608 2489 625 2508 a
647 2476 794 2509 Nicolao
818 2476 957 2509 ltobaut
978 2477 1142 2509 nacionis
1164 2477 1325 2509 l'icardie
1347 2489 1367 2509 x
1388 2477 1543 2509 francos.

312 2544 392 2575 62⁸⁸&
421 2544 508 2575 Item
531 2549 566 2575 et
587 2543 683 2587 quod
706 2543 879 2587 magister
899 2542 1083 2575 Johannes
1105 2543 1283 2576 Treuillet
1303 2544 1477 2587 magister
1497 2544 1533 2575 in
1553 2542 1691 2575 artibus
1711 2542 1886 2588 obligavit
1910 2556 1948 2577 se
1970 2557 2086 2577 coram

223 2609 397 2654 magistro
420 2609 577 2642 Roberto
600 2609 743 2650 Felicis,
767 2609 961 2642 tabellione
983 2610 1082 2642 curie
1104 2610 1372 2642 conservatoris
1394 2617 1428 2642 et
1450 2609 1604 2642 testibus
1627 2609 1871 2653 presentibus,
1891 2611 1985 2643 dicto
2008 2611 2088 2643 sub-

224 2676 438 2708 cancellario
461 2688 525 2721 pro
552 2683 587 2709 et
610 2677 756 2709 nomine
779 2676 916 2708 Thome
938 2677 982 2708 de
1004 2677 1212 2717 Borvilla'ffl‘,
1234 2677 1375 2717 Claudi,
1400 2676 1604 2709 baccallarii
1631 2677 1841 2720 temptandi,
1863 2678 2088 2710 examinandi

226 2749 260 2774 et
285 2742 501 2774 licenciandi
522 2743 559 2775 in
579 2742 731 2784 artibus,
754 2749 792 2775 ut
820 2750 1030 2787 procuraret
1058 2745 1136 2787 ejus
1165 2743 1365 2782 licenciam,
1389 2743 1425 2775 in
1453 2755 1590 2775 summa
1618 2755 1661 2774 xx
1687 2744 1889 2775 francorum
1912 2745 2000 2783 auri,
2024 2756 2087 2788 pro

225 2820 296 2853 quo
318 2809 436 2841 dictus
453 2808 609 2842 Thomas
627 2809 744 2841 eidem
767 2809 940 2854 magistro
961 2809 1116 2843 Johanni
1138 2810 1315 2842 Trouillct
1336 2810 1483 2842 tradidit
1499 2816 1617 2842 certos
1639 2809 1753 2841 libros
1770 2809 1805 2840 in
1824 2810 1956 2853 pignus
1974 2822 2088 2854 usque

215 2875 268 2907 vad.
286 2875 446 2907 'valorem
465 2875 642 2909 dictorum
664 2876 728 2908 xxti
745 2876 964 2917 francorum,
983 2888 1051 2920 qua
1075 2876 1297 2921 obligatione
1319 2876 1498 2909 mediante
1521 2876 1638 2908 dictus
1660 2874 1814 2907 Thomas
1836 2876 1901 2907 snit
1922 2876 2088 2908 licencia-

348 2936 396 2952 Η*
415 2934 507 2957 Chart.
530 2933 607 2957 Univ.
626 2934 721 2957 Paris.
740 2934 786 2956 111.
1934 2935 1964 2956 46
