2488 3386
183 352 279 389 1363]
601 364 648 386 ΑΒ
683 364 789 386 Anno
822 363 954 386 mecm,
988 364 1118 392 USQUE
1150 364 1199 386 An
1236 365 1503 388 nisan-merom
1532 367 1623 389 x111.
1984 359 2046 392 105

180 439 221 462 ed.
237 439 266 462 P.
284 438 369 467 Paris,
381 438 423 466 vl,
437 438 491 461 144.
507 451 538 455 —
552 437 575 461 2.
594 437 630 460 De
645 445 696 468 quo
709 437 849 466 Char-tul„
863 437 895 465 11,
910 437 1019 467 n01090,
1037 441 1090 462 not.
1105 438 1127 466 2,
1143 441 1169 461 et
1182 446 1209 469 p.
1226 438 1282 462 720.
1298 439 1345 462 An.
1360 438 1426 468 1369,
1442 439 1513 462 Junii
1527 441 1566 469 27,
1580 443 1640 470 post
1652 440 1752 463 obitum
1766 441 1879 464 Simonis
1893 442 1924 465 de
1940 442 2045 472 Brossa,

181 484 266 506 sactus
282 485 322 506 est
334 482 417 505 abbas
433 481 551 505 Cluniac.
569 482 641 512 (Reg.
660 482 741 505 Aven.
759 481 824 505 Urb.
842 481 872 509 V,
888 481 940 504 vol.
956 481 1021 510 XXI,
1038 482 1056 505 f.
1072 482 1135 512 166).
1153 495 1182 499 -
1197 483 1219 505 3.
1236 482 1272 505 De
1289 482 1389 512 Marna,
1408 483 1585 507 Ma1·1a.²01·d.
1604 484 1705 512 Prned.,
1722 485 1753 507 de
1768 494 1819 516 quo
1835 494 1915 516 supra
1928 490 1956 509 n⁰
1971 487 2049 510 1224?

182 540 210 544 —
225 527 249 551 la.
266 527 294 549 In
309 526 422 558 epistola
432 525 550 557 episcopi
564 529 673 548 vocatur
688 525 845 549 Guillelmus
858 525 988 556 Bouquin.
1006 539 1033 543 —
1045 527 1068 549 5.
1085 525 1180 556 Utique
1196 525 1241 549 ille
1257 527 1390 549 Amandus
1406 526 1437 549 de
1452 527 1631 556 Valenticinis,
1651 528 1725 559 cujus
1740 529 1892 559 opinionum
1908 530 2004 553 mentio
2020 531 2050 554 fit

181 570 208 594 in
224 570 292 595 Bibl.
308 573 362 594 nat.
385 570 469 594 Paris.
491 578 540 593 ms.
561 570 607 593 lat.
629 570 714 598 16408,
737 570 782 592 fol.
807 570 851 592 168
874 578 932 601 sqq.
954 569 1018 601 (vid.
1041 569 1207 600 D’Argentre,
1234 570 1301 594 coll.
1316 571 1393 600 jud„
1420 571 1439 599 1,
1464 572 1530 600 369).
1551 572 1579 594 1η
1597 572 1661 602 Reg.
1680 573 1737 595 Vat.
1756 573 1899 596 Innocentii
1918 574 1960 602 VI,
1984 575 2048 600 2442.

182 619 211 638 n⁰
228 615 275 638 426
295 616 346 646 (ep.
362 614 441 645 Greg.
458 614 499 642 XI,
519 622 560 637 an.
583 614 651 641 1373.
677 614 736 637 Jan.
755 627 786 631 -—
805 613 859 638 vid.
883 614 991 642 Secret„
1008 618 1038 636 n⁰
1057 615 1112 643 269,
1134 614 1179 638 sol.
1198 615 1229 643 3),
1250 617 1359 637 vocatur
1380 615 1528 638 Armandus
1549 615 1579 638 dc
1601 616 1721 645 Francia,
1741 616 1855 639 vicarius
1877 618 2047 648 aquilonaris,

181 659 200 683 i.
218 667 240 682 e.
256 658 370 682 vicarius
387 658 523 682 Tartariae
542 658 715 689 aquilonaris.
731 671 760 676 —
773 659 796 681 6.
816 658 852 681 De
867 666 918 689 quo
936 658 992 689 jam
1009 666 1091 689 supra
1110 662 1140 681 12⁰
1160 658 1230 682 1262.
1253 672 1285 676 -
1302 659 1324 682 7.
1342 658 1391 686 Qui
1412 667 1494 690 supra
1512 663 1540 682 n⁰
1559 660 1620 682 1262
1635 670 1648 682 <t
1664 660 1748 683 Guido
1764 661 1795 684 de
1810 661 1912 684 Nivella
1928 670 1950 685 ».
1971 663 2051 685 intel-

182 702 234 734 lige
251 711 256 725 z
277 711 289 725 (ι
311 702 455 726 monachus
474 703 507 726 de
531 703 557 726 S.
578 702 680 725 Andrea
698 702 730 725 de
750 702 882 726 Gouserno
900 710 922 725 i).
943 715 974 720 —
994 703 1017 726 8.
1040 703 1069 725 In
1093 702 1206 733 epistola
1231 702 1349 734 episcopi
1368 703 1519 726 nominatur
1539 703 1617 726 etiam
1638 704 1752 727 Jacohns
1773 705 1804 727 de
1826 706 1965 728 Arent-iaco
1988 706 2051 730 Ord.

182 746 299 774 Eremit..
316 746 342 770 in
362 747 441 771 theol.
463 755 534 777 mag.
552 760 579 764 —
602 747 625 770 9.
643 746 794 777 Sequuntur
811 747 921 770 Rutulus
940 746 1098 777 petitionum
1118 746 1236 778 plurium
1263 750 1288 770 et
1312 747 1425 778 epistola
1450 755 1495 770 seu
1516 748 1604 778 potius
1624 748 1836 774 instrumentum.
1852 758 1902 780 quo
1919 750 2052 774 „Iohannes

182 790 263 822 episc.
285 791 369 815 Paris.
393 799 404 814 «
427 790 596 814 consratriam
618 800 630 812 η
649 790 758 814 fundare
781 790 911 822 permittit
934 798 976 813 an.
1003 791 1063 813 1362
1087 790 1176 821 (1363),
1199 791 1276 814 Febr.
1301 791 1340 819 17,
1365 799 1432 822 quae
1454 791 1487 814 ad
1513 792 1718 815 Universitatem
1743 794 1925 816 tantummodo
1944 798 2053 825 propter

183 834 325 866 magistros
341 834 503 858 Parisienses
522 834 558 857 ibi
576 838 740 865 nuncupatos
756 834 898 866 pertinent.
917 835 946 857 In
961 834 1038 858 Arch.
1055 837 1108 858 nnt-
1120 835 1258 858 Paris.JJ.
1273 836 1311 862 92,
1328 835 1373 858 sol.
1389 835 1445 862 45¹³,
1462 839 1491 857 ΠΟ
1506 836 1559 864 191,
1577 839 1661 859 cxstnt
1673 836 1743 867 regis
1756 837 1920 860 confirmatio
1933 838 2052 862 licentiae

183 878 359 902 constituendi
374 879 453 902 istam
468 879 640 903 confratriam
653 887 664 902 t(
680 879 802 910 pluribus
819 878 955 910 magistris
967 878 992 901 in
1004 879 1084 903 theol.
1096 882 1121 902 et
1136 879 1315 910 burgensibus
1331 879 1398 902 dicte
1412 879 1474 902 ville
1485 879 1588 909 (Paris.)
1603 882 1680 909 facta,
1692 889 1734 904 un.
1750 881 1811 904 1362
1826 882 1915 912 (1363),
1932 882 2018 905 Martii
2032 891 2053 906 ».

190 1031 330 1068 1280.
357 1041 507 1067 Ordinatio
532 1041 659 1078 Capituli
680 1040 827 1076 generalis
853 1040 919 1067 ord.
942 1041 1047 1067 Praed.
1071 1041 1125 1067 sub
1147 1050 1220 1075 mag.
1242 1050 1305 1076 gen.
1331 1041 1444 1067 Simone
1465 1041 1501 1067 de
1516 1041 1652 1076 Lingonis
1668 1042 1806 1068 celebrati
1821 1042 1855 1068 de
1874 1043 2054 1070 studentibus

274 1089 388 1120 Paris„-
401 1090 615 1125 assignationes
632 1089 866 1116 baccalareorum
882 1089 923 1115 ad
934 1093 1057 1116 convent.
1074 1090 1169 1116 Paris.

1269 1153 1342 1182 1363,
1358 1153 1419 1179 Maii
1429 1153 1462 1179 21
1476 1153 1584 1182 circiter,
1600 1153 1769 1186 Maqdeburqi.

277 1227 547 1260 Denunciamus
577 1227 775 1272 provinciis
806 1227 989 1261 universis
1019 1227 1135 1260 nostri
1163 1227 1313 1260 Ordinis
1348 1227 1446 1272 quod
1473 1228 1709 1269 intendimus,
1739 1229 1836 1273 quod
1866 1229 2055 1263 studentes

187 1293 374 1326 mittantur
389 1293 558 1338 Parysius
579 1305 644 1338 pro
666 1293 787 1326 studio
809 1305 908 1326 more
931 1293 1052 1334 solito,
1071 1305 1163 1338 quos
1179 1293 1348 1326 volumus
1370 1293 1504 1326 ibidem
1525 1294 1568 1326 ad
1590 1294 1710 1327 minus
1732 1306 1795 1339 per
1816 1307 1948 1327 annum
1970 1296 2057 1328 inte-

188 1371 292 1404 grum
315 1360 548 1404 permanere¹
578 1359 759 1400 duntaxat,
792 1371 830 1392 ac
857 1359 954 1404 quod
981 1360 1054 1392 sint
1082 1359 1132 1391 ibi
1157 1372 1175 1392 a
1205 1360 1385 1404 principio
1414 1360 1538 1400 studii,
1569 1372 1619 1393 sc.
1653 1361 1789 1393 mensis
1819 1361 2056 1406 Septembris,

188 1437 304 1470 usque
338 1425 382 1458 ad
417 1425 523 1458 finem
555 1425 765 1458 lectionum.
797 1426 1008 1458 Adicientes
1041 1426 1138 1470 quod
1173 1432 1322 1471 propter
1351 1426 1605 1459 necessitatem
1636 1427 1722 1459 dicti
1757 1434 1958 1461 conventus
1988 1429 2058 1473 ipsi

189 1503 312 1525 secum
339 1492 456 1524 serant
479 1492 666 1537 pecuniam
694 1492 932 1525 sufficientem
962 1504 1027 1537 pro
1050 1492 1269 1525 necessariis
1296 1493 1331 1525 in
1353 1493 1449 1526 victu
1471 1505 1535 1537 pro
1561 1505 1655 1525 anno
1681 1493 1757 1534 illo,
1781 1505 1884 1538 quam
1912 1494 2056 1538 quidem

190 1558 378 1603 pecuniam
395 1558 564 1591 volumus
585 1558 677 1591 tradi
698 1558 872 1604 magistro
894 1559 1026 1591 minori
1050 1559 1205 1603 regenti,
1228 1559 1289 1603 qui
1310 1559 1484 1603 magister
1506 1571 1582 1592 eam
1606 1559 1723 1592 tradat
1743 1559 1886 1593 duobus
1915 1560 2060 1593 studen-

190 1623 300 1665 tibus,
332 1624 394 1657 uni
426 1624 625 1666 intraneo²,
657 1625 759 1658 alteri
793 1631 976 1666 extraneo,
1009 1637 1101 1670 quos
1133 1625 1287 1670 predicti
1320 1625 1509 1658 studentes
1545 1625 1736 1670 elegerint,
1769 1632 1804 1658 et
1835 1627 2059 1671 procuratori

190 1697 404 1732 conventus,
428 1691 490 1735 qui
510 1697 584 1724 tres
605 1691 714 1724 simul
735 1691 779 1724 de
801 1692 1019 1725 necessariis
1041 1704 1106 1736 pro
1128 1691 1225 1725 victu
1251 1698 1413 1736 tempore
1434 1692 1577 1737 ydoneo
1598 1692 1843 1737 providebunt
1863 1700 1896 1726 et
1918 1693 2060 1738 dispen-

192 1756 336 1790 sabunt.

279 1823 522 1869 Assignamus
543 1824 588 1857 ad
612 1824 809 1869 legendum
832 1825 1037 1858 Sententias
1058 1825 1228 1870 Par-ysius
1249 1837 1314 1869 pro
1335 1837 1429 1858 anno
1451 1825 1613 1870 presenti
1633 1826 1778 1858 fratrem
1806 1826 1996 1871 Symonem
2017 1827 2061 1859 de

193 1890 324 1922 Puteo³
342 1890 385 1923 de
402 1897 582 1924 conventu
600 1891 895 1924 Parlomentano*
913 1891 1100 1936 provincie
1117 1891 1221 1936 regni
1238 1891 1380 1933 Cicilie,
1397 1904 1462 1936 pro
1480 1904 1573 1924 anno
1590 1904 1676 1925 vero
1694 1893 1875 1937 sequenti,
1891 1900 2061 1938 quantum

193 1962 316 1989 nostra
337 1956 502 1999 interest,
524 1957 603 1990 frat.
633 1957 819 1990 Nicolaum
848 1958 892 1990 de
923 1958 957 1991 S.
982 1958 1197 1991 Saturnino⁵
1224 1957 1268 1990 de
1298 1965 1480 1991 conventu
1507 1959 1714 2003 Parysiensi
1743 1959 1929 2004 provincie
1959 1960 2063 2004 regni

194 2022 357 2055 Francie.

287 2119 357 2144 Bibl.
378 2120 501 2144 Univers.
522 2120 622 2145 Bonon.
645 2129 694 2145 ωε.
719 2122 789 2151 1535,
814 2122 928 2153 Capitul.
955 2122 1071 2153 general.
1089 2121 1151 2145 Ord.
1170 2121 1261 2145 Prued.
1280 2121 1313 2144 ad
1329 2129 1372 2145 an.
1394 2122 1454 2145 1365
1471 2122 1568 2146 contin.
1586 2136 1617 2140 --
1634 2123 1689 2146 Non
1709 2123 1852 2154 repetimus
1873 2123 2063 2146 ordinationem

193 2163 258 2195 Cup.
276 2164 392 2195 general.
411 2172 454 2188 an.
470 2165 539 2194 1365,
556 2174 588 2188 ne
604 2167 698 2189 fratres
714 2166 799 2190 Paris.
815 2166 902 2190 studio
920 2167 1039 2198 deputati
1056 2175 1103 2198 per
1121 2174 1219 2189 annum
1238 2168 1297 2188 ante
1312 2173 1447 2189 accessum
1463 2167 1495 2190 nd
1517 2167 1604 2198 ipsum
1623 2167 1739 2190 studium
1753 2167 1778 2190 in
1794 2168 1895 2199 priores
1908 2168 2064 2191 confirmen-

193 2211 245 2237 tur,
262 2212 321 2237 etc„
335 2211 360 2231 et
374 2216 406 2231 ne
420 2212 513 2240 postea
528 2210 616 2233 subito
632 2210 658 2233 in
673 2210 776 2241 priores
793 2211 935 2242 eliguntur.
950 2211 1007 2234 Vid.
1024 2211 1162 2239 chartul.,
1180 2210 1213 2239 11,
1228 2214 1257 2232 n⁰
1270 2210 1324 2233 795.

287 2293 309 2316 1.
325 2292 424 2316 Similis
441 2294 571 2317 ordinatio
587 2302 630 2317 an.
652 2295 712 2318 1357
730 2294 756 2317 in
778 2295 842 2326 Cap.
866 2303 955 2326 gener.
970 2296 1140 2326 promulgata
1162 2298 1210 2319 est.
1233 2309 1263 2312 —
1283 2296 1306 2319 2.
1323 2296 1343 2319 Ι.
1359 2303 1381 2318 e.
1403 2295 1556 2326 provinciae
1579 2295 1716 2323 Franciae;
1733 2299 1865 2324 extraneo,
1886 2296 1902 2320 i.
1917 2304 1938 2319 e.
1955 2296 1986 2318 de
2006 2296 2065 2319 aliis

193 2336 347 2368 provinciis.
362 2352 394 2355 —-
408 2339 429 2361 3.
449 2338 495 2362 An.
513 2339 581 2367 1362,
599 2339 720 2362 Decemb.
738 2340 775 2369 17,
794 2339 827 2362 ab
845 2340 954 2363 Urbano
966 2340 987 2363 V
1003 2340 1125 2369 obtinuit,
1137 2343 1173 2368 ut,
1190 2348 1250 2363 cum
1265 2340 1330 2371 ipse,
1347 2340 1429 2363 lector
1441 2340 1581 2371 Neapolit.,
1596 2348 1644 2371 per
1659 2341 1780 2371 generale
1796 2340 1881 2371 Capit.
1893 2341 1925 2363 ad
1941 2340 2065 2371 legendas

195 2381 342 2404 Sententias
360 2382 469 2405 Parisiis
493 2382 586 2406 fuisset
608 2383 756 2412 ordinatus,
777 2383 853 2415 gravi
876 2384 1028 2407 infirmitate
1050 2384 1169 2407 detentus
1192 2384 1308 2407 Parisios
1333 2384 1456 2407 accedere
1481 2392 1532 2407 non
1552 2384 1691 2415 potuisset,
1716 2384 1749 2407 ab
1771 2384 1904 2415 aliquibus
1931 2384 2066 2415 magistris

194 2425 388 2449 examinaretur
402 2430 428 2449 et
443 2429 535 2458 postea
553 2427 756 2458 magistraretur
773 2428 877 2459 (Suppl.
895 2428 996 2452 Urbani
1010 2429 1039 2458 V,
1055 2436 1097 2451 un.
1114 2428 1137 2457 1,
1151 2437 1176 2459 p.
1195 2429 1216 2456 1,
1234 2429 1279 2452 sol.
1296 2429 1359 2458 133).
1377 2428 1469 2451 Comes
1486 2428 1577 2457 Mileti,
1596 2429 1757 2451 senescallus
1772 2429 1932 2459 provinciae,
1951 2437 2010 2452 eum
2034 2429 2067 2451 ad

196 2469 269 2493 Rom.
286 2470 387 2493 curiam
404 2479 493 2494 secum
515 2471 599 2495 duxit.
617 2472 668 2495 Sed
690 2475 832 2504 postquam
852 2472 983 2496 Avenione
1001 2481 1016 2495 a
1034 2481 1104 2504 mag.
1121 2473 1239 2504 generali
1260 2473 1324 2496 Ord.
1348 2481 1408 2495 cum
1426 2481 1519 2496 novem
1544 2473 1681 2504 magistris
1705 2473 1867 2496 examinatus
1887 2476 1912 2496 et
1934 2473 2067 2496 sufficiens

195 2517 315 2545 repertus
332 2514 433 2545 suisset,
448 2523 518 2546 mag,
534 2516 667 2546 generalis
683 2516 706 2539 ei
719 2517 853 2541 consuluit
865 2520 890 2540 et
902 2517 1037 2540 mandavit
1052 2520 1079 2540 ut
1094 2517 1210 2540 Parisios
1227 2517 1362 2540 accederet
1377 2517 1410 2540 nd
1426 2517 1551 2548 legendas
1569 2517 1728 2546 Sententias,
1743 2517 1813 2548 quod
1828 2521 1853 2540 et
1863 2526 1905 2540 an.
1923 2517 1983 2540 1363
1994 2517 2067 2544 secit;

197 2557 273 2588 Hugo
290 2566 351 2581 vero
369 2558 400 2582 de
425 2559 451 2582 S.
470 2559 593 2588 Martiali,
616 2561 688 2583 card.
713 2561 740 2584 S.
755 2561 853 2584 Mariae
870 2561 897 2584 in
915 2561 1019 2584 Porticu
1043 2563 1077 2591 (v.
1095 2565 1124 2584 n⁰
1142 2562 1220 2591 1350),
1240 2561 1347 2585 Urbano
1363 2562 1384 2584 V
1399 2561 1570 2592 supplicavit,
1587 2564 1615 2584 ut
1638 2561 1795 2584 cancellario
1818 2561 1900 2584 Paris.
1922 2561 2069 2592 injungeret

198 2601 297 2625 Simoni
311 2602 387 2626 lectis
406 2604 547 2627 Sententiis
567 2604 751 2636 magisterium
767 2606 885 2628 conferre
903 2606 975 2637 (Reg.
1000 2606 1094 2637 Suppl.
1112 2605 1178 2629 Urb.
1194 2606 1223 2634 V,
1240 2614 1283 2629 an.
1299 2606 1321 2634 1,
1335 2614 1362 2636 p.
1378 2606 1402 2633 3,
1419 2606 1464 2629 fol.
1484 2605 1554 2634 162¹),
1569 2606 1602 2628 ad
1617 2613 1660 2629 an.
1676 2605 1744 2635 1363,
1762 2605 1844 2636 April.
1862 2606 1899 2628 20.
1917 2605 2068 2628 Mandatum

198 2649 283 2677 apost.
302 2647 335 2669 ad
355 2648 466 2672 cancell.
483 2648 567 2672 Paris.
583 2649 673 2672 eadem
691 2649 733 2672 die
748 2649 774 2672 in
790 2650 853 2681 Reg.
870 2650 949 2673 Aven.
966 2650 1030 2673 Urb.
1048 2650 1077 2678 V,
1092 2650 1143 2673 vol.
1159 2650 1189 2678 V,
1206 2651 1223 2673 f.
1242 2651 1308 2680 637).
1325 2649 1368 2673 Sic
1384 2649 1493 2672 Parisiis
1512 2657 1580 2672 anno
1599 2649 1703 2672 circiter
1719 2650 1778 2672 1364
1795 2649 1944 2672 licentiatus
1962 2652 2009 2672 est.
2029 2649 2068 2672 Cf.

198 2690 276 2713 etiam
290 2691 500 2720 Quetis-Ecbard,
520 2693 540 2722 Ι,
560 2694 613 2716 707.
630 2694 678 2717 An.
694 2694 763 2723 1378,
782 2694 904 2718 Decemb.
921 2694 960 2724 17,
975 2694 1008 2717 ab
1026 2694 1134 2717 Urbano
1149 2694 1182 2717 Vl
1200 2694 1350 2717 nominatus
1366 2697 1406 2717 est
1420 2693 1501 2725 episc.
1519 2693 1668 2717 Cntaniens.
1686 2694 1711 2716 in
1726 2693 1823 2722 Sicilia,
1841 2693 1885 2716 ubi
1903 2693 1936 2716 nb
1951 2701 1993 2717 an.
2010 2693 2070 2716 1376

198 2733 269 2757 Elias
291 2735 433 2765 residebat,
450 2736 494 2768 qui
516 2740 603 2761 tamen
621 2745 663 2761 an.
680 2738 740 2761 1378
758 2741 847 2769 partes
868 2738 1009 2762 Clementis
1024 2739 1069 2762 VII
1085 2741 1190 2761 secutus
1206 2741 1254 2761 est.
1273 2752 1304 2755 —
1325 2739 1349 2761 l«.
1368 2739 1386 2761 I.
1401 2746 1425 2762 e.
1443 2737 1639 2761 Panormitano.
1654 2751 1684 2755 —-
1701 2740 1723 2761 5.
1740 2737 1777 2760 Ab
1791 2746 1833 2761 nn.
1852 2738 1911 2760 1375
1927 2737 1976 2760 suit
1997 2744 2067 2767 mag.

199 2786 220 2801 s.
236 2779 329 2809 palatii
344 2780 457 2811 apostol.
475 2781 533 2810 (sub
551 2781 683 2805 Clemente
700 2782 746 2805 Vll
762 2782 858 2813 etiam),
876 2791 918 2806 an.
936 2783 1005 2812 1378,
1022 2782 1144 2806 Decemb.
1161 2783 1190 2805 16
1207 2782 1292 2812 (Arch,
1312 2783 1369 2805 Vat.
1386 2782 1474 2812 Oblig.
1491 2786 1520 2804 n⁰
1534 2783 1573 2810 43,
1593 2783 1610 2805 f.
1624 2781 1683 2810 52¹³;
1703 2782 1748 2805 sed
1767 2782 1793 2804 in
1809 2782 1867 2805 Vita
1882 2781 1988 2805 IClem.
2005 2781 2067 2803 VII:

199 2821 259 2845 Dec.
279 2823 318 2856 18,
333 2823 375 2847 die
394 2825 506 2855 veneris,
525 2834 591 2856 quae
614 2829 702 2849 tamen
724 2826 751 2849 17
773 2827 833 2850 Dec.
852 2827 914 2855 luit;
933 2827 1038 2855 Balnze,
1059 2827 1111 2851 Vit.
1125 2833 1194 2857 pap.
1214 2828 1311 2855 Auen„
1328 2827 1347 2855 Ι,
1363 2827 1430 2856 l191),
1445 2829 1548 2849 creatus
1571 2826 1653 2855 card.,
1677 2834 1720 2849 an.
1745 2826 1812 2854 1379,
1828 2825 1900 2848 Junii
1916 2826 1953 2854 10,
1970 2824 2072 2855 accepit

198 2865 239 2889 tit.
258 2867 283 2890 S.
300 2867 407 2891 Martini
424 2869 450 2892 in
468 2870 548 2893 Mont.
567 2870 655 2899 (Arcb.
670 2870 728 2894 Vnt.
742 2870 840 2902 Oblig.,
855 2875 884 2894 n0
898 2871 937 2900 43,
955 2872 972 2894 s.
986 2872 1035 2901 56).
1053 2871 1118 2894 Eum
1133 2874 1225 2902 postea
1241 2870 1426 2893 cancellariam
1444 2869 1529 2893 Puris.
1540 2877 1588 2900 per
1603 2870 1682 2892 breve
1701 2873 1804 2900 tempus
1820 2869 1942 2897 tenuisse,
1960 2868 2068 2891 inferius

200 2909 358 2937 videbimus,
372 2913 419 2935 An.
437 2914 506 2942 1382,
521 2914 580 2938 Jan.
595 2915 633 2943 23,
652 2914 717 2937 obiit
731 2914 892 2944 (Contelori).

324 2959 372 2975 Η*
391 2957 487 2982 Ghart.
511 2958 587 2982 Univ.
605 2958 699 2982 Paris.
718 2959 765 2983 111.
1913 2957 1942 2979 14
