2488 3386
444 328 508 360 440
1016 333 1334 358 CHARTULARHJM
1368 331 1558 354 UNtvnns.
1594 330 1724 352 rmus,
2205 318 2304 355 [1386

438 411 635 456 vnegocium
666 417 791 443 nostro
820 410 966 442 nomine
993 414 1228 454 promovente
1259 413 1293 439 et
1321 411 1580 451 prosequente,
1610 403 1852 449 procedentes
1880 403 2017 448 pluries
2046 410 2081 437 et
2107 404 2151 437 ad
2179 404 2303 450 plures

443 483 561 510 certos
583 483 617 509 et
637 482 884 521 competentes
908 476 986 508 dies
1012 482 1117 519 atque
1142 474 1331 514 terminos,
1358 484 1437 504 cum
1466 470 1599 503 debitis
1624 477 1659 502 et
1684 470 1976 515 competentibus
1997 470 2240 505 dilacionibus
2263 483 2303 505 30

443 543 581 576 dierum
610 542 822 583 intervallis,
855 549 889 575 et
920 542 1044 575 ultimo
1070 541 1114 574 ad
1144 541 1238 573 diem
1268 539 1347 572 date
1378 537 1621 583 presencium,
1654 548 1773 569 coram
1803 536 1910 570 nobis
1943 537 1980 570 in
2010 538 2302 583 congregacione

443 616 565 642 nostra
586 609 748 654 generali
768 609 863 653 apud
890 609 1055 641 Sanctum
1083 607 1302 639 Maturinum
1331 604 1504 645 Parisius,
1537 603 1728 636 convocari
1754 610 1788 637 et
1815 604 1930 645 citari,
1959 616 2024 637 seu
2054 604 2098 637 ad
2122 604 2301 649 judicium

443 676 597 716 evocari,
624 687 688 720 per
708 682 845 708 certum
871 681 1034 707 nostrum
1061 673 1257 710 bedellum,
1282 683 1380 704 more
1409 670 1525 703 nostri
1547 670 1668 711 solito,
1690 670 1843 703 fecimus
1864 671 2076 716 magistrum
2099 671 2300 704 Johannem

443 742 643 783 Blancardi,
661 743 819 786 juratum
840 748 1016 781 nostrum,
1034 751 1150 785 nuper
1170 738 1423 772 cancellarium
1446 737 1600 770 ecclesie
1622 737 1851 779 Parisiensis,
1873 737 1979 771 nobis
2001 750 2045 771 ex
2065 738 2161 771 dicto
2183 738 2300 771 officio

441 815 579 849 nostro,
603 815 637 841 et
657 808 752 841 dicto
774 807 971 853 promotori
993 819 1057 840 seu
1079 805 1303 851 procuratori
1325 811 1463 844 nostrO,
1487 816 1558 849 quo
1581 815 1689 849 supra
1710 804 1869 846 nomine,
1893 804 1961 838 sub
1982 817 2073 850 pena
2095 805 2245 850 perjurii
2267 812 2302 838 et

441 875 659 920 privacionis
680 887 698 907 a
719 875 857 919 gremio
887 874 980 906 dicte
1007 872 1262 906 Universitatis
1290 878 1396 916 atque
1417 870 1693 916 privilegiorum
1717 871 1895 915 ejusdem,
1917 871 1961 904 ad
1986 871 2176 905 obicienda
2203 872 2300 917 quod

435 942 574 985 justum
596 948 694 974 esset
714 952 989 985 responsurum,
1011 952 1090 972 cum
1108 939 1340 971 intimacione
1362 938 1460 983 quod
1481 938 1551 970 nisi
1573 938 1616 970 ad
1638 938 1755 970 dictos
1776 938 1855 971 dies
1871 945 1931 971 aut
1946 938 2101 983 aliquam
2119 940 2192 983 (sic)
2209 939 2299 984 ipsa-

441 1019 518 1040 rum
541 1020 656 1040 eoram
676 1007 782 1040 nobis
803 1006 924 1039 debite
945 1012 1182 1051 compareret,
1207 1017 1273 1038 nos
1291 1005 1410 1050 ipsum
1427 1017 1445 1037 a
1462 1004 1568 1037 nobis
1586 1011 1621 1037 et
1637 1004 1730 1037 dicta
1747 1005 1991 1038 Universitate
2008 1005 2247 1050 privaremus,
2265 1012 2301 1039 et

441 1074 592 1106 ulterius
609 1080 731 1106 contra
747 1074 863 1118 ipsum
882 1072 1163 1118 procederemus
1185 1078 1219 1104 et
1240 1071 1521 1104 decerneremus
1543 1071 1640 1116 quod
1661 1077 1696 1104 et
1716 1078 1823 1116 prout
1838 1072 1900 1116 jus
1922 1078 1957 1104 et
1976 1072 2072 1104 racio
2090 1072 2297 1106 suaderent.

440 1141 529 1174 Cum
551 1140 662 1185 igitur
682 1140 775 1172 idem
799 1139 971 1184 magister
991 1138 1174 1172 Johannes
1195 1138 1239 1171 ad
1256 1138 1372 1171 dictos
1389 1138 1468 1171 dies
1485 1149 1549 1170 seu
1568 1138 1743 1171 terminos
1760 1137 1831 1171 sibi
1847 1139 2090 1184 peremptorie
2107 1145 2142 1172 et
2157 1139 2299 1184 precise

438 1219 556 1239 coram
580 1206 686 1238 nobis
707 1206 750 1239 ad
772 1206 1053 1251 comparendum
1075 1205 1281 1250 assignatos
1303 1212 1338 1238 et
1358 1204 1530 1250 prefixos,
1553 1211 1612 1238 aut
1632 1204 1676 1237 ad
1697 1204 1852 1250 aliquam
1874 1205 1946 1248 (sic)
1968 1205 2128 1250 ipsarum
2152 1205 2299 1239 minime

439 1273 691 1317 comparuerit,
715 1285 780 1305 nec
802 1285 867 1317 pro
889 1284 927 1305 se
949 1272 1104 1317 aliquem
1127 1272 1278 1313 miserit,
1302 1272 1367 1304 sed
1388 1284 1427 1305 se
1448 1271 1708 1305 contumaciter
1728 1271 1985 1314 absentaverit,
2002 1272 2088 1305 licet
2102 1285 2120 1305 a
2137 1272 2244 1306 nobis
2265 1279 2302 1320 et

438 1340 533 1372 dicto
555 1346 775 1384 promotore,
797 1351 862 1372 seu
884 1345 1118 1384 procuratore
1139 1346 1266 1372 nostro
1292 1339 1328 1371 in
1355 1338 1520 1384 quolibet
1548 1339 1704 1372 termino
1732 1338 1876 1372 diucius
1903 1339 2013 1372 suerit
2035 1345 2244 1384 expectatus
2265 1346 2301 1373 et

438 1413 628 1439 contumax
652 1406 695 1439 ad
726 1418 852 1439 omnes
882 1406 973 1439 fines
1001 1412 1181 1451 pretactos
1208 1413 1243 1439 et
1270 1404 1413 1438 debitos
1435 1417 1499 1451 per
1526 1417 1594 1439 nos
1615 1406 1745 1439 merito
1767 1412 1954 1451 reputatus
1976 1417 1983 1439 :
2005 1405 2090 1439 hinc
2111 1413 2178 1448 est,
2201 1406 2300 1452 quod

436 1472 540 1506 vobis
569 1472 737 1506 omnibus
766 1479 800 1506 et
825 1473 982 1518 singulis
1007 1480 1167 1506 vestrum
1194 1473 1231 1505 in
1251 1473 1286 1506 vi
1309 1473 1449 1517 prestiti
1465 1473 1663 1517 juramenti
1684 1473 1897 1506 mandamus
1919 1479 1954 1506 et
1973 1473 2244 1515 committimus,
2268 1473 2299 1507 si

439 1540 485 1572 sit
506 1551 610 1584 opus,
633 1546 810 1584 quatenus
831 1539 920 1572 alter
941 1539 1091 1572 alterum
1114 1552 1187 1572 non
1216 1546 1425 1584 expectans,
1447 1540 1565 1584 ipsum
1597 1540 1725 1572 iterato
1753 1546 1789 1572 et
1815 1551 1858 1572 ex
1887 1538 2124 1582 habundanti,
2145 1540 2189 1573 ad
2219 1541 2298 1585 ejus

438 1605 612 1638 maliciam
634 1606 929 1647 convincendam,
952 1606 1070 1639 citetis
1098 1606 1215 1651 ipsum
1238 1606 1481 1651 peremptorie
1503 1613 1538 1639 et
1558 1606 1812 1651 personaliter,
1835 1618 1874 1639 ac
1901 1618 1973 1639 uno
1994 1606 2113 1640 edicto
2135 1618 2300 1652 peremp-

438 1672 530 1705 torio
561 1684 625 1717 pro
656 1672 825 1705 omnibus
857 1679 891 1705 et
925 1685 989 1717 pro
1020 1673 1118 1706 omni
1146 1673 1324 1706 dilacione
1357 1679 1392 1706 et
1426 1673 1672 1718 peremptorio
1713 1673 1881 1715 termino,
1913 1685 2033 1706 coram
2064 1672 2173 1707 nobis
2203 1672 2298 1719 apud

438 1739 606 1772 Sanctum
630 1739 846 1772 Maturinum
869 1740 1042 1781 Parisius,
1059 1740 1104 1772 ad
1125 1740 1220 1772 diem
1241 1740 1449 1773 vicesimam
1472 1747 1555 1785 post
1575 1740 1781 1773 citationem
1803 1739 2027 1785 hujusmodi,
2050 1752 2115 1774 seu
2136 1740 2299 1774 notifica-

438 1805 577 1838 cionem
609 1806 836 1850 presencium
867 1806 937 1839 sibi
966 1806 1179 1848 faciendam,
1203 1807 1458 1851 computando,
1488 1807 1651 1840 visurum
1678 1818 1718 1840 se
1744 1813 1912 1852 tanquam
1943 1806 2143 1852 perjurum,
2165 1819 2184 1840 a
2206 1807 2300 1855 dicta

438 1872 680 1905 Universitate
702 1879 736 1905 et
764 1872 979 1918 privilegiis,
1001 1873 1209 1906 sranchisiis
1231 1880 1265 1906 et
1284 1873 1514 1907 libertatibus
1536 1874 1700 1919 ejusdem
1724 1873 1858 1919 privari
1879 1880 1914 1907 et
1935 1874 2105 1915 resecari,
2127 1873 2300 1907 ulterius-

437 1937 507 1983 que
534 1938 639 1971 statui
661 1945 695 1971 et
721 1939 881 1981 decerni,
904 1939 1001 1984 quod
1022 1941 1082 1984 jus
1104 1946 1138 1973 et
1163 1940 1252 1973 ratio
1282 1940 1503 1981 suadebunt,
1532 1953 1611 1973 cum
1636 1940 1882 1982 intimacione,
1904 1940 2001 1986 quod
2022 1940 2093 1974 nisi
2121 1940 2214 1974 dicta
2240 1940 2299 1975 die

438 2016 555 2037 coram
589 2004 696 2038 nobis
727 2005 847 2038 debite
878 2007 1120 2051 comparuerit
1150 2013 1184 2039 et
1211 2019 1249 2040 se
1279 2007 1501 2040 sufficienter
1530 2008 1767 2049 excusaverit,
1793 2019 1860 2040 nos
1887 2007 2021 2052 ipsum,
2044 2013 2082 2040 ut
2102 2008 2295 2052 prefertur,

438 2071 657 2115 privabimus
680 2078 714 2104 et
734 2071 979 2105 resecabimus
1001 2073 1250 2118 privatumque
1272 2080 1306 2106 et
1326 2080 1527 2107 resecatum
1549 2086 1565 2106 a
1587 2074 1680 2107 dicta
1702 2074 1944 2108 Universitate
1966 2073 2242 2119 privilegiisque
2263 2080 2300 2108 et

437 2137 642 2170 franchisiis
663 2138 840 2182 ejusdem,
862 2145 1028 2184 tanquam
1050 2141 1235 2184 perjurum
1253 2147 1287 2173 et
1303 2153 1405 2174 ovem
1423 2140 1637 2182 morbidam,
1657 2141 1897 2174 decernemus
1919 2147 1953 2174 et
1974 2140 2238 2174 declarabimus
2259 2152 2298 2174 ac

438 2204 686 2237 mandabimus
707 2204 842 2250 ubique
864 2212 1038 2238 terrarum
1061 2219 1125 2251 per
1146 2206 1314 2240 subditos
1336 2214 1483 2241 nostros
1511 2207 1626 2253 palam
1649 2214 1683 2240 et
1704 2207 1849 2253 publice
1870 2207 2048 2249 nunciari,
2071 2208 2150 2252 ejus
2170 2206 2301 2240 absen-

439 2271 504 2311 cia,
536 2283 639 2315 quam
668 2271 784 2316 replet
809 2272 875 2304 Dei
906 2273 1101 2317 presentia,
1131 2286 1203 2306 non
1233 2274 1412 2315 obstante,
1442 2287 1522 2307 cum
1549 2274 1711 2319 qualibet
1737 2274 1805 2307 alia
1832 2274 2077 2316 intimacione,
2100 2274 2137 2307 in
2165 2273 2297 2307 talibus

440 2338 641 2369 neccssaria
672 2344 706 2370 et
731 2338 915 2382 requisita.
948 2340 999 2372 De
1030 2341 1250 2373 execucione
1277 2353 1363 2374 vero
1392 2341 1637 2386 presencium,
1664 2348 1700 2374 et
1719 2341 1763 2374 de
1789 2340 1860 2374 hiis
1888 2352 1958 2386 que
1984 2340 2143 2374 feceritis
2163 2340 2200 2373 in
2221 2352 2297 2386 pre-

440 2402 561 2435 missis
591 2415 657 2436 nos
686 2405 883 2437 certificare
913 2406 1060 2439 curetis.
1092 2408 1219 2440 Datum
1250 2408 1344 2452 apud
1377 2409 1544 2441 Sanctum
1572 2408 1791 2440 Maturinum
1818 2408 1855 2440 in
1882 2407 1975 2440 dicta
2005 2408 2297 2452 congregacione

440 2475 561 2501 nostra
590 2470 763 2513 generali,
793 2471 850 2503 die
884 2473 939 2515 xvj
971 2473 1108 2505 mensis
1137 2474 1363 2515 Decembris,
1392 2486 1486 2507 anno
1517 2474 1661 2507 Domini
1692 2473 1886 2507 millesimo
1915 2474 2171 2507 trecentesimo
2199 2480 2298 2507 octo-

441 2535 579 2579 gesimo
601 2537 734 2568 sext0.

532 2619 665 2650 Originalc
681 2619 706 2642 in
722 2620 799 2643 Arch.
818 2621 939 2645 L'nivers.
955 2622 1047 2651 Paris
1066 2623 1139 2646 theca
1155 2625 1183 2652 V,
1202 2625 1231 2648 B.
1248 2625 1268 2648 2.
1286 2625 1311 2648 d.
1329 2626 1419 2648 Exstat
1434 2626 1553 2657 sigillum
1571 2626 1684 2649 taeniolo
1700 2634 1856 2657 appensum.
1914 2625 1983 2649 Bibl.
2000 2626 2027 2649 S.
2044 2625 2190 2649 Genovefae
2202 2625 2296 2654 Puris

440 2664 483 2686 577
500 2663 571 2692 (Cod.
588 2664 619 2687 H.
634 2663 651 2686 l.
669 2665 717 2693 25).

532 2746 554 2770 1.
570 2746 629 2769 Fuit
644 2755 713 2778 mag.
733 2751 782 2771 nrt.
798 2752 823 2771 et
839 2750 903 2772 scol.
918 2750 943 2772 in
961 2751 1057 2775 decret.
1077 2752 1135 2775 Vid.
1159 2761 1240 2783 supra
1262 2761 1287 2784 p.
1305 2754 1349 2775 202
1367 2757 1391 2776 et
1408 2754 1478 2777 infra
1494 2758 1522 2777 n
1540 2755 1609 2779 1541.
1676 2756 1701 2779 2.
1718 2755 1851 2778 Johannes
1867 2754 1991 2782 Mornine,
2011 2763 2025 2777 a
2040 2754 2161 2777 Decemb.
2181 2754 2296 2782 16-1387,

440 2790 525 2813 Martii
541 2791 578 2813 24.
595 2791 652 2814 Vid.
669 2800 750 2822 supra
765 2801 790 2823 p.
812 2793 868 2823 162,
884 2797 946 2822 not
970 2798 994 2817 et
1014 2795 1081 2819 Bibl.
1103 2799 1156 2819 nat.
1177 2797 1271 2825 Paris
1290 2806 1338 2820 ms.
1360 2798 1406 2821 lat.
1423 2798 1515 2828 16219,
1542 2800 1559 2822 f.
1577 2800 1631 2825 234,
1691 2800 1713 2822 3.
1733 2799 1880 2822 Matthaeus
1896 2798 2006 2822 Doliarii
2027 2801 2119 2830 postea
2137 2798 2253 2830 exponit,
2269 2806 2296 2822 se

440 2834 608 2858 Cameracum
620 2836 761 2859 accessisse
775 2837 829 2865 (ubi
840 2837 899 2861 Joh.
910 2838 1052 2862 Blanchart
1062 2848 1154 2863 canon.
1168 2841 1228 2869 suit
1240 2841 1292 2864 vid.
1309 2850 1390 2873 supra
1403 2847 1432 2864 n0
1447 2843 1516 2870 1521,
1533 2847 1586 2867 not.
1603 2844 1652 2873 14),
1667 2847 1691 2867 et
1702 2843 1820 2867 Johunne
1836 2843 1979 2867 Blanchart
1994 2846 2131 2874 praesente
2144 2842 2297 2865 mandatum

440 2886 515 2901 suum
533 2882 681 2902 exsecutum
697 2888 761 2903 esse.
812 2882 903 2904 Actum
922 2881 947 2904 in
965 2884 1068 2913 prefata
1084 2884 1265 2907 Cameracensi
1280 2886 1390 2909 ccclesia
1405 2889 1430 2909 et
1444 2886 1501 2909 loco
1521 2887 1649 2918 predicto,
1666 2895 1733 2910 nnno
1749 2887 1852 2911 Domini
1868 2887 2008 2910 millesimo
2030 2886 2212 2910 trecentesimo
2228 2889 2298 2910 octo-
