2488 3386
437 340 501 372 520
1014 345 1333 368 CHARTULAMUM
1370 344 1559 366 UNivsns.
1597 343 1725 365 PAnts.
2204 328 2302 365 [1387

437 423 480 456 de
505 422 710 456 Talevende
736 421 930 454 Normanie
952 433 990 453 ac
1012 419 1176 454 Gerardo
1198 419 1242 452 de
1265 419 1464 452 Lederdam
1488 418 1567 451 loco
1589 417 1792 462 Anglicane
1814 416 1999 449 nationum
2028 421 2301 460 procuratorum

436 490 473 522 in
500 489 626 522 artium
656 488 822 521 facultate
853 488 1108 533 magistrorum
1141 486 1454 531 plurimorumque
1482 484 1633 517 aliorum
1657 484 1845 517 doctorum
1875 489 1910 515 et
1938 482 2195 527 magistrorum
2217 493 2304 526 qua-

437 563 518 589 tuor
538 555 766 588 facultatum⁹
788 554 1029 599 predictarum
1123 552 1306 597 presentia
1398 551 1572 596 magister
1591 550 1775 584 Johannes
1796 549 1933 582 Thome
1949 548 2109 582 Jacohita
2131 548 2304 593 magister

436 623 472 655 in
497 621 680 666 theologia
713 633 785 653 non
811 621 844 653 vi
873 627 933 653 aut
962 626 1058 652 metu
1089 619 1132 652 ad
1162 618 1228 651 hec
1258 618 1429 651 inductus
1458 629 1524 650 nec
1551 616 1850 650 incarcerationis
1883 622 1943 649 aut
1971 616 2125 660 alicujus
2154 614 2304 648 alterius

437 688 703 733 compulsionis
724 688 852 720 timore
881 687 923 719 ad
952 686 1018 719 hec
1039 692 1185 719 coactus
1214 685 1278 718 sed
1309 697 1372 718 sua
1401 691 1599 729 spontanea
1620 690 1726 729 atque
1747 683 1861 716 libera
1882 682 2066 716 voluntate
2088 681 2198 715 corde
2219 693 2305 714 con-

437 756 521 788 trito
621 754 863 787 revocationis
885 753 1057 793 rotulum,
1080 764 1184 797 quem
1210 752 1369 796 prefatus
1391 751 1565 795 magister
1591 750 1774 783 Johannes
1802 749 1940 783 Thome
1970 761 2034 794 per
2062 749 2177 794 prius,
2206 748 2306 782 vide-

438 822 520 854 licet
543 822 600 854 die
622 821 802 853 dominica
823 821 897 864 xxja
918 820 975 852 die
997 819 1135 851 mensis
1157 818 1275 850 Martii
1296 817 1436 862 legerat
1457 817 1617 850 Parisius
1638 823 1720 849 ante
1741 816 1879 862 portale
1901 815 2125 849 occidentale
2151 815 2306 848 ecclesie

439 889 472 922 S.
493 888 663 922 Germani
685 886 886 920 Autissiod.
907 892 1014 931 prout
1035 885 1204 930 superius
1222 890 1277 917 est
1298 895 1509 929 expressum
1605 883 1695 928 legit
1716 890 1750 916 et
1767 883 1886 916 omnia
1903 889 1936 916 et
1958 882 2102 928 singula
2123 883 2160 915 in
2177 882 2304 915 eodem

438 955 557 988 rotulo
578 961 746 987 contenta
767 965 829 986 ore
847 953 995 998 proprio
1017 951 1362 997 pronunciavit¹⁰....
1387 951 1474 983 Acta
1494 951 1642 983 fuerunt
1663 949 1728 983 hec
1749 950 1901 983 multum
1923 949 2125 983 solenniter
2145 949 2306 982 Parisius

439 1022 484 1054 de
506 1033 609 1054 mane
630 1020 717 1053 hora
739 1020 840 1064 quasi
869 1031 963 1051 nona
984 1018 1041 1051 vel
1069 1018 1214 1050 circiter
1241 1018 1278 1050 in
1308 1017 1466 1062 parvisio
1496 1016 1651 1049 ecclesie
1680 1016 1792 1049 Paris.
1825 1023 1907 1061 post
1936 1027 2141 1049 sermonem
2170 1015 2305 1049 ibidem

438 1089 570 1121 sactum
592 1087 635 1120 ad
665 1086 837 1131 populum
867 1097 932 1130 per
962 1084 1201 1118 reverendum
1234 1084 1270 1117 in
1291 1083 1438 1118 Christo
1460 1090 1596 1128 patrem
1624 1090 1659 1116 et
1686 1083 1870 1116 dominum
1899 1083 2083 1116 Ferricum
2106 1083 2172 1116 Dei
2193 1083 2306 1128 gratia

437 1153 751 1187 Autissiodorens.
782 1152 992 1197 episcopum
1023 1163 1130 1192 anno,
1160 1150 1372 1191 indictione7
1397 1162 1534 1190 mense,
1565 1150 1622 1182 die
1649 1156 1684 1182 et
1710 1149 1919 1195 pontificatu
1946 1149 2133 1194 predictis,
2156 1161 2307 1194 presen-

436 1220 534 1254 tibus
565 1219 766 1252 reverendo
794 1219 831 1251 in
859 1218 1007 1252 Christo
1029 1224 1129 1263 patre
1150 1230 1189 1250 ac
1212 1217 1360 1250 domino
1381 1216 1579 1250 Johanne¹¹
1605 1216 1670 1249 Dei
1700 1217 1813 1262 gratia
1842 1216 2044 1249 Morinensi
2072 1216 2246 1261 episcopo
2267 1228 2306 1249 ac

436 1285 708 1320 venerabilibus
730 1292 765 1318 et
785 1284 1061 1329 circumspectis
1084 1284 1170 1317 viris
1192 1284 1350 1317 dominis
1374 1283 1576 1328 Reginaldo
1598 1283 1642 1316 de
1663 1283 1808 1328 Capella
1831 1283 2039 1316 consiliario
2062 1283 2216 1328 regis...

527 1355 570 1386 Et
590 1364 658 1397 ego
678 1351 862 1385 Johannes
885 1351 1044 1392 Sumere,
1072 1352 1225 1384 Tornac.
1248 1351 1359 1395 dioc..
1381 1362 1474 1395 mag.
1500 1350 1536 1382 in
1557 1357 1638 1391 art„
1661 1349 1760 1395 publ.
1783 1356 1898 1395 apost.
1922 1356 1956 1383 et
1982 1349 2160 1395 imperiali
2185 1356 2308 1383 aucto-

438 1421 542 1453 ritate
563 1419 737 1459 notarius,
760 1423 823 1452 etc.

531 1517 598 1541 Bibl.
617 1517 674 1539 Vnt.
693 1516 750 1539 cod.
767 1516 812 1539 lut.
833 1516 896 1547 Reg.
912 1517 966 1544 870,
986 1515 1030 1538 sol.
1046 1515 1102 1538 141‘.
1115 1529 1146 1532 —
1160 1514 1326 1546 D'Argentre,
1343 1514 1408 1539 Coll.
1420 1515 1495 1544 jud„
1511 1515 1543 1543 1²,
1556 1523 1582 1546 p.
1598 1515 1650 1545 131⁴⁷
1667 1523 1679 1538 e
1692 1514 1786 1545 primo
1797 1515 1911 1545 reqistro
1927 1521 2127 1543 censurarum,
2145 1514 2189 1537 ubi
2203 1514 2308 1538 nomina

436 1570 514 1593 saepe
536 1562 692 1584 adulterata.
710 1561 738 1583 In
753 1560 822 1583 Bibl.
845 1564 897 1583 nat.
919 1559 1002 1583 Paris.
1019 1568 1068 1583 ms.
1089 1560 1134 1583 lat.
1157 1559 1242 1587 15107,
1267 1559 1311 1582 sol.
1335 1559 1406 1587 200¹»,
1424 1563 1548 1582 narratur
1567 1559 1636 1590 quod
1658 1559 1821 1582 Dominicani
1842 1559 1989 1583 Johannem
2004 1559 2119 1583 Thomae
2135 1567 2147 1582 (ι
2166 1559 2198 1582 ad
2220 1559 2308 1583 sidera

438 1615 519 1638 usque
534 1606 690 1629 attollunt».
708 1604 766 1628 Vid.
782 1604 860 1627 etiam
878 1613 958 1636 supra
974 1604 1086 1628 n⁰1355.

532 1706 553 1728 1.
570 1705 617 1728 Ms.
635 1713 640 1727 ·.
657 1714 668 1727 α
685 1704 836 1735 Galenghar
851 1712 872 1727 ι).
888 1704 946 1734 Ipse
959 1702 1052 1726 scribit
1063 1702 1088 1725 in
1099 1702 1177 1728 Arch.
1189 1706 1243 1728 nat.
1257 1703 1281 1726 J.
1294 1703 1348 1732 517,
1361 1707 1389 1725 n0
1401 1703 1454 1730 221,
1470 1706 1499 1725 ut.
1513 1710 1604 1734 supra.
1616 1703 1678 1726 -2,
1695 1703 1742 1725 Ms.
1755 1702 1796 1725 hic
1812 1706 1838 1725 et
1850 1702 1919 1726 infra
1933 1710 1938 1726 ε
1953 1711 1964 1725 t<
1980 1702 2100 1733 Vaignon
2112 1710 2133 1725 ».
2150 1702 2310 1734 Designatur

438 1749 571 1773 ,lohannes
588 1749 716 1780 Voignon‚
733 1749 777 1780 qui
795 1757 836 1771 an.
861 1749 921 1771 1392
942 1748 1009 1770 inter
1024 1747 1164 1770 canonicos
1181 1747 1266 1770 Paris.
1287 1747 1428 1774 invenitur,
1446 1749 1475 1770 ut
1490 1750 1601 1778 apparet
1618 1755 1631 1770 e
1651 1746 1700 1770 LL.
1719 1747 1791 1776 108⁵,
1812 1746 1889 1770 Arch.
1910 1750 1974 1776 nat.y
1993 1746 2038 1770 ubi
2061 1754 2165 1778 semper
2179 1746 2308 1778 Voignon‚

439 1794 576 1825 Woignon.
598 1794 632 1816 De
649 1793 708 1824 ipso
724 1801 802 1824 saepe
822 1801 912 1824 supra.
931 1806 957 1810 -
973 1793 997 1815 3.
1016 1792 1090 1819 Quod
1113 1791 1178 1814 bene
1194 1792 1338 1815 notandum
1354 1794 1402 1820 est,
1419 1799 1478 1814 cum
1501 1791 1608 1814 minime
1628 1794 1718 1814 notum
1732 1794 1811 1821 essct,
1826 1791 1972 1814 Johannem
1994 1791 2109 1814 Thomas
2124 1791 2192 1814 inter
2206 1791 2312 1814 traduoe

438 1842 508 1862 tores
524 1838 608 1869 partis
624 1838 752 1869 vulgatae
768 1837 793 1860 in
811 1838 929 1868 linguam
950 1836 1074 1868 gallicam
1094 1836 1287 1859 numerandum
1307 1844 1375 1859 esse.
1395 1836 1424 1859 111
1438 1835 1596 1867 quibusdam
1612 1836 1692 1858 msstls
1707 1835 1882 1859 revocationis
1899 1835 1986 1859 Martii
2001 1837 2030 1858 25
2047 1835 2112 1866 (vid.
2127 1835 2206 1866 infra)
2226 1835 2310 1859 eonti-

439 1886 515 1907 netur
538 1891 549 1905 «
565 1883 596 1905 de
612 1882 628 1913 ij
645 1882 760 1913 capitulo
781 1890 864 1913 usque
880 1881 912 1904 ad
928 1882 958 1904 30
978 1889 1000 1905 ».
1023 1881 1080 1904 Vid.
1098 1881 1166 1903 infra
1182 1889 1208 1911 p.
1225 1881 1278 1903 527.
1295 1881 1360 1904 Cum
1376 1881 1447 1911 apud
1464 1881 1631 1912 D’Argentre,
1648 1881 1666 1908 Ι,
1687 1881 1708 1908 2,
1726 1889 1752 1911 p.
1771 1881 1823 1908 133,
1841 1880 1937 1903 editum
1955 1880 2009 1903 sit:
2029 1888 2040 1903 (t
2054 1880 2080 1911 je
2094 1880 2222 1903 translate
2286 1880 2310 1903 le

440 1930 507 1951 texte
523 1927 554 1950 de
573 1927 716 1957 Theoloqie
777 1927 811 1949 du
830 1927 869 1949 172
885 1926 1003 1957 chapitre
1020 1934 1052 1948 au
1069 1926 1109 1948 30e
1127 1934 1149 1954 »,
1166 1925 1232 1948 nihil
1248 1925 1308 1948 inde
1323 1925 1526 1956 intelligendum
1542 1925 1599 1948 suit.
1619 1925 1722 1948 Scimus
1738 1928 1825 1948 autem
1839 1925 1987 1948 Johannem
2002 1925 2033 1948 de
2050 1924 2125 1948 Siaco
2142 1925 2195 1956 (Sy)
2209 1924 2236 1948 in
2251 1924 2310 1956 gal-

450 1972 519 1995 icum
538 1971 648 1994 vertisse
671 1971 784 1994 Bibliam
800 1979 883 2002 usque
898 1971 931 1993 ad
950 1970 1079 1993 Jeremiae
1097 1978 1156 2001 cap.
1177 1970 1205 1992 18
1226 1970 1267 2000 (cf.
1285 1970 1391 1992 Samuel
1409 1970 1518 2000 Berger,
1535 1970 1576 1993 La
1593 1970 1670 1993 Bible
1686 1970 1840 1999 srancaise,
1859 1977 1885 2000 p.
1903 1970 1971 1999 242ss
1986 1969 2165 1992 verisimiliter
2177 1968 2310 1992 Johannes
2342 1994 2346 1997 ¹

441 2016 556 2039 ‘rhomae
571 2024 613 2038 an.
631 2016 733 2039 1373-87
747 2024 855 2046 operam
869 2015 997 2038 Johannis
1011 2014 1042 2037 de
1056 2015 1091 2045 Sy
1103 2014 1226 2045 persequi
1242 2017 1351 2037 conatus
1367 2017 1432 2037 erat.
1450 2027 1477 2031 —
1493 2015 1516 2037 4.
1534 2014 1561 2037 In
1574 2014 1656 2037 latino
1668 2022 1673 2037 :
1688 2023 1699 2037 «
1712 2013 1778 2041 dico,
1794 2014 1864 2045 quod
1880 2017 1964 2037 mater
1977 2022 2034 2037 mea
2047 2013 2212 2037 Universitas
2225 2013 2310 2037 Paris.

443 2069 576 2092 nunquam
592 2060 691 2083 erravit
705 2060 731 2083 in
746 2060 797 2083 fide
813 2068 859 2083 nec
881 2063 972 2082 contra
988 2059 1070 2082 bonos
1087 2067 1182 2087 mores,
1203 2067 1249 2081 nec
1269 2066 1386 2089 unquam
1402 2058 1573 2086 revocaverit,
1593 2058 1638 2081 sed
1657 2067 1761 2089 semper
1777 2058 1826 2082 suit
1840 2058 1970 2081 luminare
1988 2062 2013 2081 et
2027 2058 2189 2082 defensatrix
2209 2058 2270 2081 fidei
2287 2066 2310 2082 n.

442 2105 499 2128 Vid.
517 2113 599 2136 supra
614 2109 642 2127 11⁰
656 2105 723 2128 1557.
744 2118 771 2122 —
788 2107 810 2128 5.
829 2105 850 2127 Ι.
863 2112 886 2128 e.
904 2104 997 2127 Jacobi
1013 2104 1044 2127 de
1062 2104 1176 2134 Moreyo,
1193 2103 1224 2126 de
1240 2111 1290 2134 quo
1309 2111 1397 2134 saepe.
1410 2116 1442 2120 —
1458 2104 1480 2126 6.
1495 2103 1543 2126 Ms.
1562 2111 1566 2126 :
1584 2111 1593 2126 α
1611 2103 1781 2134 injustement
1799 2112 1821 2126 ι).
1839 2117 1870 2120 -
1885 2104 1908 2127 7.
1925 2103 1975 2131 Qui
1990 2103 2077 2126 Martii
2094 2104 2124 2126 24
2138 2103 2165 2126 in
2182 2106 2311 2126 rectorem

441 2150 539 2173 electus
553 2152 600 2172 est.
618 2164 645 2167 —
660 2150 681 2172 8.
699 2150 747 2172 Ms.
763 2152 788 2172 et
798 2149 956 2179 D'Argentre
970 2156 975 2171 z
994 2157 1005 2171 «
1019 2149 1050 2171 de
1066 2148 1170 2171 Gaillon
1187 2156 1208 2171 ».
1221 2148 1380 2178 Designatur
1396 2155 1466 2178 mag.
1482 2151 1559 2171 notus
1571 2147 1633 2172 Ord.
1651 2148 1762 2171 Carmel.
1776 2161 1802 2165 —
1819 2149 1842 2171 9.
1862 2148 1910 2171 Ms.
1927 2156 1932 2171 z
1949 2156 1959 2171 α
1973 2148 2096 2171 facultate
2110 2155 2132 2171 ».
2145 2161 2176 2165 —
2191 2147 2228 2170 10.
2243 2147 2312 2171 Haec

442 2194 573 2217 revocatio
589 2194 675 2217 Martii
695 2194 724 2216 ‘25
739 2193 832 2216 iisdem
848 2193 936 2216 verbis
953 2196 1030 2224 atque
1046 2192 1092 2215 illa
1113 2192 1200 2215 Martii
1216 2192 1243 2215 21
1258 2195 1384 2223 concepta
1399 2195 1463 2220 erat,
1476 2195 1505 2215 ut
1521 2200 1603 2223 supra
1619 2191 1723 2215 dicitur.
1742 2192 1791 2215 Sed
1808 2192 1938 2223 Georgius
1954 2192 1985 2215 de
2001 2192 2065 2215 Rain
2082 2194 2173 2223 (supra
2193 2195 2222 2215 n⁰
2242 2192 2310 2221 1570)

443 2246 500 2261 eam
520 2238 593 2261 misit
609 2238 790 2261 Vindobonam
815 2238 840 2260 in
866 2239 951 2260 forma
973 2237 1088 2260 breviori
1104 2240 1129 2260 et
1144 2236 1170 2259 in
1187 2237 1280 2267 lingua
1299 2237 1382 2259 latina
1397 2237 1420 2265 («
1442 2237 1497 2268 Ego
1514 2245 1583 2268 mag.
1600 2237 1732 2260 Johnnnes
1751 2237 1890 2260 Thome....
1907 2240 1966 2260 ante
1983 2237 2037 2268 xiiij
2053 2244 2135 2260 annos
2151 2244 2174 2266 »,
2187 2240 2236 2261 etc.
2253 2236 2310 2260 vid.

444 2282 530 2310 DeniS,
550 2283 631 2306 codd.
647 2289 711 2307 mss.
731 2282 812 2306 theol.
836 2282 958 2310 Vindob„
970 2282 990 2310 1,
1007 2282 1030 2310 1,
1041 2290 1068 2312 p.
1085 2282 1164 2311 1778),
1182 2284 1206 2304 et
1222 2281 1259 2304 sic
1273 2281 1351 2304 etiam
1369 2281 1504 2304 invenitur
1519 2281 1545 2304 in
1562 2281 1630 2304 Bibl.
1647 2281 1769 2312 Amplon.
1785 2281 1816 2309 Q.
1832 2281 1886 2310 151,
1904 2281 1947 2304 sol.
1963 2280 2021 2307 23¹2:
2038 2281 2106 2305 Bibl.
2122 2281 2197 2305 Caes.
2214 2280 2311 2304 Vindo-

444 2326 552 2350 bonens.
569 2335 619 2349 ms.
635 2327 680 2350 lat.
697 2327 765 2354 (1948,
782 2327 826 2349 sol.
844 2326 916 2349 149¹).
932 2340 961 2343 —
974 2326 1012 2349 11.
1029 2326 1148 2349 Johanne
1163 2325 1290 2355 (Tabari),
1307 2325 1450 2348 archidiac.
1469 2326 1500 2348 de
1518 2326 1627 2349 Pontivo
1645 2326 1670 2348 in
1685 2326 1747 2349 eccl.
1763 2325 1894 2351 Ambian..
1911 2333 1953 2349 an.
1970 2326 2039 2350 1384.
2055 2325 2114 2348 Jan.
2131 2326 2167 2354 19,
2186 2325 2215 2348 fit
2230 2325 2311 2357 episc.

445 2371 537 2394 Morin.
552 2371 625 2401 (Reg.
640 2372 686 2393 Av.
704 2371 784 2394 Clem.
802 2371 856 2399 Vll,
873 2371 925 2394 vol.
940 2370 1054 2395 XXXIII.
1070 2372 1086 2394 f.
1103 2371 1167 2399 399).

454 2567 593 2603 1573.
617 2578 718 2602 Petrus
738 2577 773 2602 de
802 2578 909 2611 Tureio,
933 2578 1013 2603 card.
1033 2580 1059 2604 S.
1079 2579 1229 2604 Susannae
1250 2582 1277 2604 et
1293 2578 1406 2612 legatus
1428 2578 1456 2603 in
1479 2578 1610 2611 Francia,
1634 2577 1735 2602 Martii
1760 2578 1801 2611 95,
1824 2577 1974 2611 Rotomagi
1994 2585 2179 2611 commorans,
2198 2577 2313 2603 cuidam

539 2625 713 2651 decretorum
729 2625 837 2650 doctori
850 2627 1002 2661 praecipit,
1022 2630 1051 2651 ιιί
1068 2631 1166 2652 contra
1183 2627 1367 2662 Radulpham
1384 2626 1498 2652 Morem
1513 2630 1540 2652 el
1555 2626 1731 2652 Richardum
1748 2626 1869 2659 Mariae,
1893 2625 1958 2652 Ord.
1976 2625 2080 2651 Praed.
2099 2627 2310 2661 Rotomagens„

537 2674 585 2709 qui
599 2674 673 2699 male
688 2674 722 2699 de
739 2674 762 2700 b.
781 2675 875 2699 Maria
898 2676 1008 2709 Virgine
1021 2676 1272 2711 praedicaverant,
1287 2675 1438 2711 procedat.
1456 2675 1619 2700 Ricliardus
1633 2675 1754 2708 Mariae,
1773 2684 1788 2700 4<
1804 2674 1946 2700 adherens
1962 2674 2086 2700 Johanni
2099 2674 2134 2701 de
2148 2676 2312 2701 Montesouo

537 2723 659 2748 heretico
676 2732 701 2752 »,
718 2723 766 2757 qui
781 2723 853 2748 inter·
868 2723 929 2748 alia
946 2723 1030 2754 dizit,
1053 2725 1268 2750 Universitatem
1294 2724 1463 2750 Tolosanum
1486 2724 1666 2759 approbasse
1689 2723 1884 2749 conclusiones
1903 2724 2016 2758 positas
2033 2732 2087 2759 per
2104 2723 2259 2750 Johannem
2277 2723 2313 2750 de

539 2773 712 2804 Montes-ono,
731 2772 882 2805 Rotomagi
897 2772 969 2797 Maii
983 2773 1016 2799 10
1031 2782 1101 2798 suas
1117 2773 1292 2799 assertiones
1306 2776 1426 2799 revocat.

1522 2835 1598 2864 1389,
1614 2835 1701 2861 Martii
1712 2836 1820 2861 25—Mali
1837 2836 1873 2865 10,
1890 2836 2027 2868 Rotomagi.

542 2882 706 2912 D'Argentre,
724 2881 789 2905 Coll.
803 2883 876 2911 jud.y
898 2883 929 2910 12,
947 2891 972 2913 p.
987 2883 1102 2907 135-138.
