2488 3386
183 328 279 365 1390]
600 342 646 363 ΑΒ
681 341 785 363 ANNO
821 341 951 362 MCCCL
981 341 1114 370 USQUE
1150 343 1197 363 An
1234 343 1497 364 acuentem-um
1533 344 1622 365 xiii.
1978 335 2039 367 537

183 414 483 460 proclamatorum
507 426 571 459 pro
593 414 653 447 illa
670 414 741 455 die,
765 421 799 447 et
816 414 933 447 scolas
955 414 1143 447 doctorum
1167 415 1203 447 in
1225 415 1357 459 quibus
1379 423 1462 448 sunt
1485 416 1704 460 proclamati,
1725 418 1758 449 in
1782 418 1926 462 scriptis
1948 418 2043 450 dicto

183 481 320 514 decano
339 481 436 522 dare,
461 487 498 514 ut
516 482 614 514 fraus
641 481 813 521 evitetur,
837 487 869 513 et
892 481 1109 513 contrarium
1132 482 1268 514 faciens
1291 482 1450 526 graviter
1472 483 1642 526 punietur
1663 484 1705 515 ad
1727 484 1912 516 arbitrium
1937 484 2046 517 facul-

184 548 278 588 tatis,
301 548 459 592 antiquis
476 548 618 580 statutis
641 547 759 592 quoad
779 547 946 591 legentes
967 547 1011 579 de
1034 559 1135 579 mane
1154 548 1188 579 in
1206 559 1272 580 suo
1291 548 1421 581 robore
1439 548 1633 581 duraturis.
1658 550 1757 582 Dicte
1779 557 1894 583 autem
1917 551 2045 583 cedule

184 615 297 647 forma
319 615 387 647 erit
414 614 481 647 ista
505 626 511 646 2
536 628 551 644 «
575 613 672 646 Talis
700 613 927 647 bachalarius
955 614 990 645 in
1014 615 1097 658 jure
1129 615 1302 646 canonico
1334 615 1493 647 Parisius
1529 615 1677 659 incipiet
1706 616 1827 656 hodie,
1860 617 1917 649 tali
1945 617 2045 658 hora,

185 680 289 714 talem
313 680 444 713 librum
467 680 722 720 Decretalium,
746 692 810 724 pro
829 680 888 712 tali
909 692 1002 712 anno
1025 692 1088 713 seu
1111 680 1205 713 libro
1227 692 1291 713 sue
1310 681 1460 720 lecture,
1478 681 1513 713 in
1531 681 1642 714 scolis
1661 682 1739 714 talis
1757 682 1928 723 doctoris,
1948 691 2014 716 etc.
2031 698 2045 713 n

275 748 363 779 ltem
398 747 589 780 statuimus
616 753 647 779 et
671 747 895 787 ordinamus,
919 747 1016 791 quod
1039 747 1081 787 si,
1113 747 1223 779 scolis
1250 747 1497 780 doctoralibus
1520 748 1683 792 repletis,
1710 748 1863 792 aliquem
1887 749 2050 782 bachala-

187 814 278 846 rium
301 813 337 845 in
358 813 469 846 scolis
491 825 563 846 non
585 813 834 846 doctoralibus
856 813 979 858 legere
1001 814 1199 858 contingat,
1223 826 1266 846 ex
1287 814 1566 858 dispensacione
1588 814 1779 855 facultatis,
1802 827 1905 859 qnam
1929 823 2050 860 petere

187 880 371 914 tenebitur
396 880 432 912 in
461 880 629 912 facultate
658 880 899 925 collegialiter
921 887 952 912 et
976 879 1154 921 obtinere,
1182 887 1371 925 antequam
1396 881 1431 912 in
1458 881 1548 925 ipsis
1570 881 1692 925 legere
1714 881 1827 914 valeat
1856 888 1889 914 et
1911 889 2052 926 tempus

188 947 364 992 acquirat,
388 946 468 979 talis
490 946 717 979 bachalarius
739 946 903 991 quolibet
923 959 1016 979 anno
1039 953 1202 979 teneatur
1217 946 1350 979 habere
1367 947 1543 988 cedulam,
1563 947 1685 992 sigillo
1702 948 1828 980 decani
1846 948 2050 993 sigillatam,

189 1026 307 1059 quam,
340 1020 528 1058 antequam
571 1013 826 1058 proclametur,
862 1013 1007 1045 bedello
1042 1013 1205 1058 generali
1239 1013 1417 1046 facultatis
1452 1013 1641 1058 aportabit,
1675 1021 1711 1046 ut
1741 1015 1938 1058 prefertur,
1967 1015 2053 1048 alias

191 1080 338 1112 minime
360 1080 657 1125 proclamandus:
680 1086 714 1112 et
735 1079 766 1111 si
787 1080 1006 1112 contrarium
1029 1079 1101 1120 fiat,
1120 1079 1200 1112 talis
1221 1080 1322 1112 nullo
1345 1080 1452 1112 modo
1474 1081 1635 1124 acquiret
1656 1087 1810 1125 tempus,
1839 1088 1874 1114 et
1894 1088 1949 1114 est
1968 1082 2055 1115 alias

192 1147 400 1192 puniendus
428 1146 471 1179 ad
502 1146 688 1179 arbitrium
718 1146 910 1178 facultatis.
936 1148 978 1178 Et
1006 1153 1043 1178 ut
1067 1146 1276 1190 hujusmodi
1308 1153 1437 1179 statuta
1470 1146 1769 1191 irrefragabiliter
1800 1147 2054 1189 observentur,

193 1213 329 1246 nemini
346 1220 469 1246 eontra
490 1213 567 1257 ipsa
589 1212 648 1245 fiat
668 1213 787 1257 gracia
809 1224 873 1257 per
888 1214 1147 1257 juramentum.

283 1281 370 1312 Item
394 1286 449 1312 est
469 1286 653 1320 statutum,
678 1286 715 1312 ut
738 1280 857 1312 omnis
877 1280 975 1311 fraus
997 1279 1152 1312 evitetur
1172 1286 1205 1312 et
1233 1279 1388 1312 debitam
1412 1280 1634 1324 diligentiam
1658 1281 1809 1325 quilibet
1831 1281 2056 1314 bachalarius

194 1346 288 1379 circa
310 1358 410 1379 suam
432 1346 605 1378 lecturam
630 1345 810 1386 adhibeat,
834 1346 931 1389 quod
954 1346 1113 1378 decanus
1134 1346 1313 1378 facultatis
1340 1346 1375 1378 in
1398 1346 1560 1390 quolibet
1581 1359 1675 1379 anno
1698 1347 1891 1384 tenebitur,
1915 1349 2058 1392 quando

195 1412 371 1458 sigillabit
402 1412 550 1445 cedulas
579 1412 756 1444 dictorum
791 1412 1092 1452 baehalariorum,
1131 1419 1237 1456 prout
1271 1413 1441 1457 superius
1476 1420 1529 1445 est
1565 1414 1769 1446 ordinatum
1804 1421 1839 1446 et
1873 1421 2057 1455 statutum,

196 1491 331 1525 ponere
353 1479 390 1511 in
410 1478 504 1511 libro
525 1479 582 1511 vel
604 1479 761 1523 registro
782 1478 961 1511 facultatis
983 1479 1160 1519 ordinate,
1184 1479 1303 1511 omnia
1331 1479 1475 1511 nomina
1498 1479 1780 1512 baclialariorum
1804 1481 2000 1525 legentium
2025 1482 2059 1513 in

196 1547 304 1579 nonis
332 1546 431 1578 Beati
456 1545 580 1578 Jacobi
608 1545 651 1577 ad
678 1557 782 1577 unam
810 1552 960 1590 partem,
991 1552 1026 1577 et
1053 1545 1197 1577 nomina
1228 1545 1514 1578 bachalariorum
1547 1545 1744 1590 legentium
1768 1547 1804 1578 in
1826 1548 1932 1579 nonis
1954 1548 2060 1579 Beate

197 1613 309 1646 Marie
330 1612 374 1645 ad
395 1612 497 1644 aliam
522 1618 677 1656 partem3
702 1618 736 1644 et
757 1612 860 1644 etiam
884 1612 920 1644 in
949 1618 1059 1656 quoto
1084 1612 1267 1644 volumine
1290 1612 1366 1644 sive
1388 1612 1424 1644 in
1446 1619 1556 1656 quoto
1578 1624 1671 1644 anno
1694 1624 1757 1644 sue
1780 1613 1915 1645 lecture
1938 1621 2059 1654 erunt,

198 1686 234 1712 et
253 1691 358 1724 quem
382 1679 513 1711 librum
544 1691 608 1723 pro
638 1678 802 1723 quolibet
829 1690 923 1710 anno
949 1678 1123 1723 legerint,
1148 1685 1182 1710 et
1207 1685 1324 1710 utrum
1348 1678 1586 1723 integraliter,
1614 1686 1671 1711 aut
1701 1679 1913 1723 semiplene,
1942 1687 1977 1712 ut
2001 1693 2063 1724 per

198 1746 266 1779 hoc
293 1746 429 1778 domini
456 1746 625 1778 doctores
655 1745 791 1777 certius
821 1745 937 1777 sciant
969 1752 1003 1777 et
1030 1745 1153 1778 verius
1184 1751 1405 1790 cognoscant
1437 1757 1501 1789 per
1533 1752 1703 1789 quantum
1742 1752 1882 1790 tempus
1913 1746 2065 1790 quilibet.

200 1812 427 1846 bachalarius
448 1812 592 1857 legerit,
616 1819 650 1844 et
671 1823 763 1856 quos
785 1811 913 1852 libros,
932 1818 967 1844 et
987 1818 1158 1856 quantum
1178 1812 1221 1843 de
1244 1811 1418 1856 quolibet.

292 1881 392 1919 Item,
416 1879 513 1924 quod
535 1890 662 1911 omnes
683 1878 878 1911 bachalarii
899 1878 1060 1911 Parisius
1082 1878 1206 1923 legere
1227 1878 1393 1911 volentes
1420 1878 1556 1922 injure
1578 1879 1765 1919 canonico,
1788 1879 1949 1923 quolibet
1971 1892 2064 1912 anno

201 1952 391 1979 teneantur
419 1945 590 1978 lecturam
621 1957 721 1978 suam
752 1945 914 1990 incipere
945 1945 981 1977 in
1008 1944 1166 1977 secunda
1198 1945 1256 1977 die
1287 1944 1428 1989 legibili
1457 1945 1661 1977 immediate
1692 1952 1772 1989 post
1806 1946 1936 1977 festum
1972 1945 2066 1978 beati

201 2012 399 2057 Dyonisii¹;
424 2019 459 2045 et
479 2012 613 2044 debent
630 2019 714 2044 tunc
736 2012 952 2056 proclamari
971 2023 1094 2044 eorum
1117 2011 1246 2043 cedule
1264 2023 1328 2056 per
1344 2011 1527 2043 bedellum
1546 2011 1603 2043 vel
1620 2011 1873 2043 subbedellum
1891 2012 2069 2045 facultatis

201 2079 238 2111 in
273 2079 429 2111 lectione
457 2078 676 2119 matutinali3
706 2090 795 2123 quas
823 2078 972 2111 cedulas
1000 2078 1221 2110 tenebuntur
1255 2078 1381 2122 prefati
1413 2077 1606 2110 bachalarii
1634 2085 1755 2122 petere
1786 2085 1820 2110 et
1854 2078 2015 2122 recipere
2050 2091 2067 2111 a

201 2145 360 2186 bedello,v
385 2152 419 2178 et
447 2145 529 2178 illas
557 2157 775 2178 conservare
810 2152 843 2178 et
869 2152 1034 2189 aportare
1063 2157 1142 2177 cum
1171 2145 1251 2177 aliis
1282 2144 1423 2177 cedulis
1451 2145 1487 2176 in
1517 2144 1684 2177 facultate
1713 2151 1794 2176 ante
1825 2156 1971 2177 examen
2003 2157 2067 2189 pro

201 2212 347 2245 licentia
374 2212 583 2257 optinenda.
608 2213 651 2244 Et
672 2212 734 2256 qui
756 2218 840 2244 tunc
862 2224 942 2244 cum
971 2211 1064 2252 aliis,
1086 2218 1124 2244 ut
1149 2212 1341 2256 prefertur,
1366 2223 1437 2243 non
1467 2211 1655 2255 inceperit,
1680 2210 1779 2242 nullo
1801 2211 1907 2242 modo
1930 2212 2069 2255 procla-

203 2286 320 2311 metur
342 2285 481 2323 postea,
505 2279 575 2311 nisi
598 2279 641 2311 de
664 2278 808 2311 licentia
830 2278 1023 2319 facultatis,
1046 2290 1149 2322 quam
1169 2285 1292 2322 petere
1316 2277 1497 2309 tenebitur
1518 2277 1554 2308 in
1574 2277 1759 2316 facultate3
1779 2283 1813 2309 et
1833 2276 1967 2309 ibidem
1986 2284 2069 2310 tunc

204 2357 322 2378 coram
344 2344 557 2378 doctoribus
580 2345 615 2377 in
637 2345 795 2389 collegio
818 2345 861 2377 de
888 2356 995 2377 causa
1023 2344 1078 2377 sui
1105 2344 1354 2389 impedimenti
1386 2343 1490 2375 fidem
1519 2344 1636 2375 facere
1667 2355 1730 2387 per
1760 2343 1944 2387 proprium
1970 2345 2069 2388 jura-

205 2418 378 2452 mentum,
402 2411 459 2444 vel
479 2412 567 2444 alias
590 2418 696 2456 prout
716 2411 899 2444 videbitur
920 2411 1078 2444 facultati
1101 2411 1284 2455 expedire.

299 2509 366 2534 Bibl.
384 2510 475 2532 Arsen.
491 2509 575 2532 Paris.
591 2518 640 2532 ms.
658 2509 727 2537 1123,
746 2509 790 2531 sol.
808 2510 864 2540 4-7,
881 2509 930 2531 sub
946 2508 1053 2531 rubrica
1070 2512 1096 2531 ut
1117 2516 1208 2538 supra.
1228 2509 1255 2530 ln
1271 2516 1318 2530 ms.
1334 2507 1399 2533 1121,
1413 2515 1438 2537 p.
1459 2509 1487 2528 55
1503 2506 1537 2535 (in
1556 2516 1565 2528 a
1588 2508 1690 2529 Statum
1704 2507 1772 2530 (lom.
1791 2507 1865 2529 Alani
1882 2508 2022 2530 cardinalis
2040 2510 2070 2536 v),

205 2554 296 2577 eadem
312 2554 444 2585 leguntur,
470 2554 600 2585 imprimis
618 2562 632 2576 a
650 2562 660 2576 <‹
678 2554 741 2576 Item
759 2554 819 2584 quia
838 2553 962 2584 graduati
978 2553 1003 2575 in
1024 2553 1083 2584 jure
1099 2553 1170 2575 civili
1192 2562 1213 2581 »‚
1236 2561 1317 2583 usque
1338 2562 1347 2573 u
1365 2551 1427 2573 lli-m
1450 2551 1510 2582 quia
1530 2551 1598 2573 circa
1620 2551 1769 2581 hujusmodi
1792 2552 1903 2574 let-turus
1923 2560 1944 2580 n,
1963 2556 1987 2574 et
2007 2561 2072 2582 quae

206 2598 299 2621 deinde
316 2602 469 2629 sequuntur,
485 2598 670 2621 exscribuntur
684 2598 708 2620 in
723 2607 771 2622 ms.
786 2598 856 2626 1121,
873 2607 898 2629 p.
913 2599 942 2620 26
953 2597 1014 2626 (vid.
1033 2598 1101 2620 infra
1117 2597 1142 2619 in
1158 2597 1336 2627 Appendice).
1354 2610 1382 2613 —
1396 2595 1531 2623 Jourdaiu,
1547 2599 1574 2617 110
1589 2596 1642 2618 867.

302 2683 324 2707 1.
343 2683 400 2706 Yid.
418 2691 499 2713 supra
518 2691 543 2713 p.
561 2682 614 2710 1131,
634 2686 686 2705 not.
704 2683 725 2705 1.

339 2938 383 2954 *Η
407 2935 501 2959 Chart.
525 2935 602 2958 Univ.
621 2936 714 2958 Paris.
733 2935 776 2957 111,
1921 2931 1950 2951 ⁴38
