2488 3386
474 372 539 404 636
1053 377 1371 401 CHARTULARIUM
1405 376 1594 399 Umvizns.
1632 376 1759 398 rmus.
2240 363 2339 400 [1394

564 453 815 498 Supplicamus
839 453 883 485 ad
911 459 1147 498 postremum,
1170 458 1271 496 pater
1290 450 1514 491 beatissime,
1537 456 1576 483 ut
1600 461 1711 495 super
1735 450 1867 483 litteris
1892 449 1966 483 illis
1992 461 2208 495 responsum
2230 449 2338 483 nobis

475 521 615 553 mittere
637 520 851 565 dignemini,
874 526 909 552 et
930 526 1085 552 vestram
1112 518 1356 551 intencionem
1382 517 1419 549 in
1447 523 1547 562 parte
1573 516 1638 549 hac
1659 516 1927 565 quodammodo
1955 516 2135 561 apperire,
2157 523 2196 549 ut
2220 516 2338 549 eidem

475 588 715 628 conformare,
733 592 905 631 quantum
922 585 1073 618 facultas
1094 585 1229 625 tulerit,
1248 595 1315 617 nos
1336 583 1535 628 possimus,
1553 583 1591 616 in
1612 583 1751 628 hacque
1767 583 1823 616 via
1837 583 1982 616 Domini
2003 583 2194 615 unanimes
2215 582 2340 616 ambu-

472 653 546 686 lare
567 665 647 686 cum
664 664 859 686 consensu.
881 653 917 685 Si
938 652 1045 685 ullam
1063 652 1169 684 trium
1187 651 1338 691 viarum,
1356 662 1445 695 quas
1467 661 1534 683 nos
1555 650 1854 695 excogitavimus,
1872 649 2128 695 acceptandam
2146 649 2336 691 duxeritis,

475 719 734 765 gaudebimus;
766 719 797 751 si
827 719 863 751 in
892 718 1059 751 manibus
1089 718 1192 750 aliam
1221 717 1314 749 forte
1344 716 1666 761 congruentiorem
1692 728 1758 750 vos
1789 716 1924 749 habere
1953 716 2160 761 contigerit,
2188 716 2338 749 eandem

474 786 581 819 nobis
611 786 744 831 pariter
772 792 807 818 et
833 785 993 818 vicissim
1025 785 1225 829 patefacere
1250 782 1384 816 velitis.
1417 784 1542 828 Neque
1572 783 1668 815 enim
1699 782 1804 816 facile
1833 783 2030 824 credimus,
2056 794 2135 824 vos,
2158 782 2202 816 ad
2232 794 2338 827 quem

475 865 612 886 summa
632 852 697 885 hec
719 863 839 884 rerum
867 858 948 884 ante
977 863 1103 884 omnes
1133 850 1304 883 mortales
1334 849 1503 894 pertinet,
1531 861 1596 895 per
1616 856 1669 883 tot
1692 862 1868 883 annorum
1895 850 2016 895 spacia
2040 849 2178 894 absque
2198 849 2256 882 vie
2276 848 2340 882 ali-

474 921 578 964 cujus
593 918 831 964 cogitacione,
850 917 988 962 absque
1004 917 1215 950 inventione
1237 916 1395 949 stetisse.
1419 916 1685 949 Beatitudinem
1702 922 1858 949 vestram
1876 915 2045 950 Christus
2063 916 2107 949 ad
2123 927 2188 949 sue
2205 926 2340 961 sponse

474 986 582 1031 longa
603 987 676 1030 jam
699 984 906 1030 egritudine
929 984 1148 1028 tabescenti-s
1171 995 1210 1016 ae
1237 989 1427 1016 extenuate
1454 983 1625 1015 unionem
1654 983 1847 1028 inspirare,
1870 994 2085 1028 promovere
2111 989 2146 1016 et
2169 982 2340 1027 adjuvare

474 1052 655 1097 dignetur.
678 1052 805 1084 Amen.
829 1051 1030 1096 Scriptum⁵
1052 1050 1110 1083 die
1131 1051 1189 1083 22³
1209 1049 1447 1095 Septembris.

564 1148 641 1172 Arch.
662 1151 716 1172 nat.
735 1148 818 1172 Paris.
830 1149 853 1171 J.
870 1149 923 1177 518,
942 1148 986 1171 sol.
1002 1148 1038 1176 15,
1053 1156 1065 1171 e
1081 1156 1132 1179 quo
1145 1151 1235 1171 noster
1249 1150 1345 1171 textus.
1361 1147 1430 1171 Bibl.
1444 1150 1499 1170 nat.
1512 1147 1597 1171 Paris.
1611 1155 1676 1170 mss.
1692 1147 1738 1171 lat.
1754 1147 1822 1175 1463,
1838 1147 1883 1171 rol.
1894 1147 1937 1175 99;
1955 1147 2041 1177 14643,
2055 1147 2100 1171 fol.
2115 1147 2153 1176 25,
2169 1146 2219 1170 sub
2234 1146 2342 1171 rubrica

472 1196 500 1216 ut
514 1201 605 1224 supra,
621 1201 634 1216 e
644 1201 694 1224 quo
710 1193 833 1222 Bulaeus,
850 1193 891 1221 1v,
909 1193 963 1221 701,
979 1192 1035 1215 sine
1049 1195 1136 1215 tamen
1150 1192 1268 1220 rubrica;
1286 1192 1349 1215 Cod.
1364 1192 1422 1215 Vat.
1439 1191 1528 1215 Ottob.
1542 1192 1587 1215 lat.
1605 1192 1675 1220 3081,
1689 1192 1734 1215 sol.
1749 1191 1823 1220 184b;
1839 1191 1907 1215 Bibl.
1922 1191 2047 1215 Bernens.
2063 1199 2112 1215 ms.
2129 1191 2187 1220 519;
2203 1191 2340 1223 Rotomag,

471 1238 501 1261 O.
518 1238 555 1266 20,
578 1237 622 1260 sol.
638 1237 704 1260 18212.
721 1238 791 1260 Inter
806 1237 932 1268 epistolas
950 1236 1051 1260 Nicolai
1065 1236 1096 1260 de
1109 1236 1260 1267 Clamengis
1281 1236 1307 1259 in
1325 1236 1441 1268 quinque
1454 1236 1536 1259 mssss⁸
1550 1244 1633 1267 supra
1647 1244 1674 1267 p.
1691 1237 1747 1268 624,
1762 1239 1825 1264 not.,
1843 1236 1942 1265 allatis,
1957 1239 1983 1259 et
1992 1235 2018 1259 in
2031 1236 2095 1260 Cod.
2111 1236 2169 1259 Vat.
2183 1235 2271 1259 ottob.
2285 1236 2340 1265 260,

472 1282 516 1305 fol.
532 1282 584 1305 41¹».

564 1327 618 1349 Hac
635 1326 725 1349 eadem
743 1325 785 1349 die
801 1325 944 1357 (Septemb.
959 1326 998 1356 22)
1014 1325 1120 1348 nuntius
1133 1325 1204 1348 venit
1219 1325 1334 1348 Parisios
1347 1326 1379 1349 de
1391 1329 1475 1349 morte
1491 1325 1632 1349 Clementis
1645 1325 1691 1348 vu
1705 1325 1768 1355 (vid.
1783 1325 1918 1348 rubricam
1930 1328 1956 1348 et
1971 1326 2073 1350 Chron.
2085 1326 2125 1349 du
2136 1325 2188 1349 rel.
2203 1326 2237 1349 de
2248 1324 2343 1350 Saint-

470 1371 572 1401 Denys,
592 1371 623 1400 ll,
639 1371 703 1400 188),
721 1370 854 1401 Septemb.
878 1370 907 1393 16
927 1370 1060 1393 Avenione
1080 1370 1205 1393 defuncti.
1229 1370 1392 1402 Proindeque
1413 1370 1580 1394 Universitas
1595 1370 1736 1401 epistolam
1757 1370 1865 1393 minime
1887 1369 1968 1400 misit,
1990 1370 2036 1393 sed
2057 1370 2140 1393 altera
2157 1369 2198 1393 die
2219 1368 2342 1401 magistri

470 1423 558 1446 regem
577 1415 710 1443 adim-unu
729 1415 837 1446 insuper
855 1415 1035 1438 cardinalibus
1051 1415 1181 1438 Avenione
1196 1414 1374 1438 residentibus
1393 1415 1566 1446 scripserunt,
1584 1423 1653 1438 nunc
1669 1423 1744 1446 spem
1760 1423 1817 1438 esse
1831 1414 1947 1438 schisma
1964 1414 2068 1438 finitum
2084 1414 2131 1443 iri;
2147 1422 2199 1438 non
2215 1414 2342 1438 festinant

471 1468 567 1483 novum
579 1459 730 1490 pontificem
745 1459 851 1490 eligere.
865 1459 923 1482 Vid.
936 1462 999 1484 tom.
1016 1460 1049 1482 IV
1065 1460 1194 1483 Chartul.

564 1545 587 1567 1.
602 1544 688 1575 Supra
709 1548 736 1566 n⁰
758 1545 818 1567 1690
841 1544 934 1567 editas.
950 1557 981 1561 ’-
1001 1544 1024 1567 2.
1041 1545 1078 1567 Ex
1096 1544 1145 1566 hoc
1166 1547 1288 1576 apparet,
1305 1544 1467 1567 Clementem
1480 1544 1531 1567 ista
1547 1543 1637 1575 verba,
1653 1543 1680 1567 in
1702 1544 1805 1569 Chron.
1828 1545 1868 1567 du
1886 1543 1937 1567 rel.
1958 1544 1991 1567 de
2011 1543 2215 1574 Saint-Denys,
2235 1543 2270 1573 11,
2285 1543 2339 1572 184,

471 1588 572 1620 pariter
586 1589 679 1617 relata,
694 1588 801 1611 minime
813 1589 879 1611 lecta
895 1589 1007 1620 epistola
1023 1589 1053 1611 de
1069 1589 1153 1612 tribus
1170 1589 1220 1612 viis
1239 1590 1278 1618 (n0
1293 1589 1363 1618 1683)
1380 1588 1487 1617 dixisse,
1510 1589 1556 1612 sed
1575 1589 1643 1612 lecta
1662 1588 1775 1620 epistola
1788 1592 1816 1611 n⁰
1832 1588 1893 1611 1690
1908 1588 1986 1611 edita.
2003 1588 2036 1611 Et
2054 1587 2092 1611 sic
2106 1587 2186 1611 etiam
2201 1590 2342 1611 annotatur

473 1633 500 1656 in
515 1641 563 1656 ms.
578 1633 661 1656 Paris.
679 1633 764 1663 14643,
782 1633 825 1656 sol.
842 1633 879 1661 24,
898 1636 923 1656 et
935 1633 960 1656 in
977 1633 1064 1656 ottob.
1081 1634 1151 1661 3081,
1166 1634 1210 1657 sol.
1225 1634 1278 1662 183,
1293 1633 1320 1656 in
1340 1634 1391 1656 fine
1407 1633 1536 1665 epistolae
1556 1633 1660 1663 citatae,
1677 1636 1706 1656 ut
1722 1633 1777 1664 jam
1798 1633 1903 1662 Baluze,
1924 1632 1976 1656 Vit.
1992 1639 2059 1663 pap.
2073 1634 2172 1662 Auem,
2188 1632 2207 1661 1,
2225 1632 2286 1655 1396
2300 1639 2340 1664 sq.

473 1679 562 1701 resert.
577 1686 589 1701 «
605 1678 637 1700 Et
651 1678 682 1700 de
695 1681 765 1708 post,
779 1681 808 1700 ut
820 1677 856 1700 ibi
871 1678 1005 1708 sci-ibitur,
1021 1686 1071 1701 non
1088 1678 1200 1701 multum
1213 1678 1341 1709 gaudium
1354 1678 1448 1701 habuit
1457 1681 1483 1701 et
1495 1678 1560 1701 satis
1573 1678 1624 1701 cito
1637 1681 1757 1701 mortuus
1771 1681 1811 1701 est
1821 1685 1842 1701 ».
1859 1677 1917 1701 Vid.
1932 1677 2011 1701 etiam
2025 1678 2129 1702 Chron.
2144 1677 2182 1700 Ad
2197 1676 2341 1707 magistros

473 1722 557 1746 Paris.
572 1722 654 1753 igitur
673 1722 846 1750 referendum,
864 1723 932 1753 quod
948 1722 1045 1753 legitur
1065 1722 1091 1745 in
1113 1723 1190 1746 Arch.
1206 1723 1275 1751 Vnt„
1295 1731 1361 1746 arm.
1385 1724 1423 1751 54,
1446 1727 1476 1746 n0
1491 1724 1530 1752 25,
1550 1723 1595 1746 sol.
1612 1723 1651 1752 20,
1667 1726 1727 1746 ante
1749 1725 1859 1746 mortem
1880 1721 2020 1745 Clementis
2042 1729 2053 1745 α
2076 1729 2157 1744 unum
2173 1729 2185 1744 ι)
2200 1721 2342 1745 mandasse

474 1766 579 1789 domino
595 1766 730 1795 Clementi,
745 1775 756 1789 (‹
773 1767 842 1798 quod
858 1767 951 1790 amodo
970 1768 1009 1790 vel
1025 1767 1139 1798 amplius
1154 1775 1205 1790 non
1221 1770 1326 1798 poterat
1341 1768 1429 1799 ipsum
1445 1767 1585 1791 defendere
1598 1767 1661 1796 (vid.
1678 1775 1760 1799 supra
1772 1771 1801 1790 n⁰
1816 1767 1902 1796 1667„
1920 1766 1983 1790 item
1998 1766 2068 1789 idem
2081 1766 2203 1789 dixerunt
2218 1765 2271 1789 sibi
2285 1765 2340 1795 alii,

474 1814 499 1834 et
513 1819 543 1834 ex
557 1811 615 1833 istis
632 1811 729 1842 recepit
748 1811 815 1834 iram
835 1815 859 1834 et
878 1812 1070 1834 malanconiam
1088 1812 1157 1836 dom.
1179 1812 1299 1835 Clemens
1318 1821 1340 1836 ν.
1361 1812 1538 1835 Nihilominus
1561 1813 1653 1836 Petrus
1676 1812 1766 1843 Regis,
1785 1811 1868 1835 abbas
1892 1812 1917 1835 S.
1932 1810 2077 1840 Michaelis,
2099 1813 2192 1842 postea
2207 1809 2341 1834 asseruit:

477 1855 530 1877 «ad
541 1855 649 1878 eandem
664 1855 733 1877 viam
747 1855 892 1884 (cessionis)
902 1856 1091 1887 acceptandum
1106 1859 1163 1879 erat
1177 1856 1338 1879 deliberatus
1354 1857 1417 1879 dum
1432 1856 1506 1885 obiit,
1521 1859 1550 1879 ut
1560 1856 1650 1879 dicunt
1665 1855 1741 1879 multi
1752 1855 1900 1879 cardinales
1913 1864 1923 1877 ιι
1940 1855 2026 1884 (Arch.
2042 1855 2111 1882 Vat..
2128 1862 2193 1878 arm.
2210 1855 2249 1883 54,
2262 1855 2341 1883 1:⁰27,

476 1900 492 1922 f.
510 1899 572 1930 125).
588 1900 634 1922 An.
655 1899 715 1922 1406
730 1899 819 1922 Simon
837 1900 868 1922 de
890 1900 1038 1923 Cramaudo
1054 1900 1152 1923 similia
1165 1901 1320 1931 pronuntiat
1339 1901 1495 1932 (Bourgeois
1516 1901 1552 1924 du
1571 1900 1721 1929 Chastenet,
1742 1900 1833 1924 Nouv.
1853 1899 1916 1924 hist.
1935 1900 1975 1924 du
1996 1899 2107 1924 Concile
2125 1900 2157 1923 de
2178 1899 2341 1928 Constance,

474 1943 595 1971 Preuves,
612 1951 638 1974 p.
655 1944 710 1974 210)
728 1951 732 1966 ;
750 1952 761 1966 «
778 1943 819 1966 s'il
834 1947 892 1967 eust
907 1952 984 1967 vesca
999 1952 1049 1975 par
1065 1953 1098 1967 un
1112 1953 1145 1967 an
1159 1962 1196 1972 ...,
1206 1945 1231 1976 je
1247 1945 1302 1968 suis
1318 1940 1418 1968 certain
1433 1945 1496 1976 qu'il
1512 1953 1552 1968 me
1568 1945 1725 1976 enchargea,
1737 1947 1763 1968 et
1777 1944 1801 1968 le
1817 1952 1858 1967 me
1870 1944 1952 1967 baille
1967 1951 2017 1975 par
2031 1943 2096 1967 ecrit
2110 1943 2141 1966 de
2154 1942 2211 1967 dire
2226 1944 2241 1967 a
2255 1950 2341 1967 mons.

474 1988 505 2010 de
520 1987 610 2019 Berry,
627 1987 689 2019 qu’il
705 1988 782 2011 estoit
796 1988 831 2011 du
846 1991 902 2011 tout
918 1992 993 2019 prest
1007 1989 1038 2012 de
1054 1989 1210 2012 renunchier
1225 1991 1239 2012 a
1255 1990 1281 2012 la
1293 1991 1409 2021 papante
1426 1998 1447 2013 n.
1463 2003 1494 2007 —
1509 1990 1532 2013 3.
1550 1989 1635 2013 oratio
1651 1989 1713 2021 qua]
1731 1997 1743 2012 (ι
1758 1989 1864 2012 omnino
1878 1988 1940 2020 quia
1957 1996 1978 2012 ι.
1995 1988 2074 2012 Arch.
2090 1990 2144 2011 nat.
2156 2001 2189 2005 —
2201 1988 2226 2011 4.
2239 1987 2317 2011 Arch.
2330 1997 2340 2011 ἐ
2356 1999 2361 2003 ’

475 2040 487 2054 «
498 2031 724 2063 perseveraverint
737 2039 759 2055 ».
776 2046 804 2050 —
820 2035 842 2056 5.
857 2033 997 2064 Sequentia
1011 2042 1063 2056 om.
1079 2033 1154 2056 Arch.

483 2197 622 2234 1694.
648 2207 765 2241 Cognita
783 2207 931 2233 Clementis
960 2209 1011 2234 VII
1023 2213 1119 2243 morte,
1137 2209 1184 2235 die
1199 2210 1332 2235 mercurii
1351 2214 1443 2236 rector
1467 2209 1664 2235 Universitatis
1685 2218 1746 2234 cum
1763 2208 1935 2244 quibusdam
1951 2207 2098 2244 deputatis
2118 2216 2210 2242 regem
2225 2206 2302 2233 adiit
2314 2209 2343 2233 et

567 2255 603 2280 ab
624 2264 655 2281 eo
676 2260 798 2291 quatuor
818 2257 989 2292 requisivit:
1005 2258 1034 2283 1⁰
1055 2261 1085 2283 ut
1104 2258 1270 2284 cardinales
1292 2263 1417 2285 moneret
1439 2258 1603 2284 electionem
1623 2267 1722 2284 novam
1742 2257 1893 2284 retardare
1913 2257 2001 2283 donec
2022 2265 2109 2292 super
2126 2258 2205 2291 facto
2228 2256 2342 2282 unionis

564 2304 677 2339 plenius
693 2305 753 2340 ipse
769 2305 973 2339 deliberasset5
987 2308 1016 2332 2⁰
1033 2310 1063 2331 ut
1074 2307 1225 2342 praelatos
1241 2312 1269 2333 et
1283 2308 1404 2334 barones
1418 2308 1506 2342 regni,
1522 2307 1695 2341 famosiores
1717 2306 1944 2340 Universitatam,
1963 2314 2070 2331 necnon
2085 2304 2200 2341 aliquos
2214 2313 2343 2331 summae

568 2353 749 2378 auctoritatis
771 2354 922 2388 burgenses
939 2359 1122 2389 congregaret
1143 2357 1192 2391 qui
1211 2357 1409 2391 excogitarent
1428 2356 1541 2382 modam
1556 2355 1749 2392 procedendi5
1765 2356 1794 2382 3⁰
1810 2359 1841 2381 ut
1856 2363 1944 2390 super
1959 2354 2023 2380 istis
2037 2354 2174 2380 scriberet
2190 2353 2342 2388 Bonifacio

570 2401 676 2426 intruso
692 2411 725 2427 ac
742 2402 895 2428 baronibus
912 2403 960 2438 qai
973 2407 1085 2439 partem
1100 2405 1159 2439 ejas
1174 2405 1323 2439 fovebant;
1340 2407 1368 2432 4⁰
1385 2409 1415 2431 ut
1426 2414 1480 2441 per
1495 2414 1611 2439 regnum
1626 2404 1766 2430 Franciae
1780 2406 1883 2439 fierent
1898 2403 2042 2429 orationes
2057 2402 2174 2428 devotae
2190 2406 2217 2428 et
2227 2411 2344 2438 proces-

569 2450 662 2475 siones
684 2451 842 2485 sollemnes,
866 2456 892 2477 et
911 2452 1009 2478 liceret
1036 2454 1218 2479 Universitati
1238 2454 1331 2480 Paris.
1355 2454 1457 2480 ceteris
1476 2454 1582 2479 stadiis
1605 2453 1718 2479 litteras
1740 2453 1864 2487 dirigere
1883 2456 1911 2478 et
1929 2451 2066 2478 remissas
2085 2451 2238 2488 recipere⁴,
2265 2451 2342 2486 regio

571 2498 736 2533 inrequisito
749 2509 877 2526 assensu.
891 2501 930 2525 Iis
941 2501 1070 2527 omnibus
1086 2511 1137 2528 rex
1152 2503 1262 2536 annuit,
1272 2503 1455 2539 praecipiens
1469 2507 1499 2528 ut
1508 2502 1742 2539 praedicationes
1757 2501 2002 2536 scholasticosqae
2017 2504 2108 2535 actas,
2123 2504 2202 2526 tanto
2218 2504 2343 2537 tempore

572 2547 754 2582 intermissos,
774 2549 923 2575 reiteraret
941 2551 1123 2577 Ultimi-sitas.
1142 2552 1223 2585 Quod
1238 2561 1273 2578 ea
1287 2561 1318 2578 se
1330 2554 1476 2586 facturam
1490 2552 1590 2578 libenti
1603 2552 1699 2577 animo
1709 2550 1851 2587 promisit.

1625 2640 1699 2670 7394,
1716 2639 1873 2672 Septembris
1887 2640 1929 2669 23,
1945 2640 2058 2666 Periclis.

577 2684 679 2708 Chron.
694 2685 733 2708 du
747 2685 796 2708 rel.
813 2686 846 2708 cle
862 2686 1057 2718 Saint-Denys,
1075 2689 1106 2717 ΙΙ,
1123 2689 1176 2712 192.

576 2768 598 2791 1.
614 2768 672 2791 Vid.
688 2772 717 2790 n⁰
731 2768 800 2791 1691.
