2488 3386
448 355 512 388 666
1093 362 1279 383 ADDENDA
1315 361 1360 382 ET
1395 361 1672 383 coniiiGENnA.

449 439 485 466 ΝΟ
501 438 579 465 1659.
597 438 700 464 Relatio
715 437 864 471 sinyalaris
879 445 949 470 quae
970 436 1103 470 sequitur,
1122 436 1257 462 invenitur
1273 436 1299 461 in
1322 435 1550 462 Continuatione
1572 436 1674 462 chron.
1698 436 1826 465 Martin.,
1848 435 1995 468 composita
2007 443 2060 468 per
2082 435 2266 470 Stephanum
2281 437 2317 463 de

537 487 639 519 Conty.
657 486 704 520 qui
718 494 762 511 an.
784 486 849 514 1613
872 486 947 514 obiit,
965 487 989 511 et
1002 493 1046 511 an.
1068 485 1133 519 1376
1157 485 1184 510 in
1194 485 1330 518 facultate
1344 484 1443 510 decret.
1460 484 1551 510 Paris.
1570 484 1738 511 doctoratam
1753 485 1854 517 recepit
1869 484 1934 516 (vid.
1952 484 2064 514 Defisle,
2082 485 2147 511 Cab.
2171 485 2217 511 des
2239 493 2315 513 mss..

536 536 570 565 ΙΙ,
590 536 659 569 127).
677 536 774 560 Exstat
791 534 817 559 in
833 534 904 559 Bibl.
921 535 980 559 nat.
999 534 1096 562 Paris..
1112 542 1160 559 ms.
1178 534 1223 559 lat.
1245 533 1338 567 11730.
1354 535 1398 559 Ex
1413 533 1464 559 hac
1479 533 1611 559 relatione
1623 533 1656 559 de
1671 533 1713 563 iis,
1730 541 1801 567 quae
1816 533 1971 559 electionem
1986 533 2123 559 Bonitacii
2136 534 2173 559 IX
2184 541 2315 567 praeces-

537 585 640 613 serunt,
655 583 807 612 ediscimus,
821 591 903 617 quam
919 583 989 608 male
1003 583 1114 616 quidam
1129 583 1155 608 in
1170 582 1287 608 Francia
1301 582 1387 607 edocti
1401 583 1489 607 essent
1502 582 1535 607 de
1549 582 1601 612 his,
1616 590 1687 616 quae
1699 584 1801 609 Romae
1814 583 1876 608 tunc
1892 572 2020 615 temporis
2034 582 2196 616 agebantur.

609 632 760 664 Stephanus
776 632 809 657 de
828 633 911 664 Conty
934 633 1040 660 narrat,
1062 630 1214 656 cardinales
1238 632 1339 656 Romae
1357 630 1483 664 degentes
1501 632 1563 663 post
1587 632 1699 657 mortem
1722 630 1825 657 Urbani
1843 632 1875 657 VI
1887 631 1978 664 primo
1993 631 2068 656 card.
2090 630 2260 665 Philippum
2280 631 2317 657 de

538 681 675 713 Alencon.
693 682 754 706 lunc
769 681 796 706 in
818 680 964 706 Germania
980 680 1106 714 leyatum.
1125 680 1151 705 in
1164 687 1266 712 papam
1289 679 1401 713 elegisse
1423 679 1460 705 ad
1478 687 1592 713 eumque
1606 679 1714 706 nuntios
1734 679 1848 705 misisse.
1865 681 1914 706 Ast
1937 679 2007 705 inter
2028 681 2140 705 mortem
2165 680 2268 706 Urbani
2285 681 2319 707 VI

538 730 639 762 (Octob.
658 730 699 763 15)
715 731 739 755 et
752 729 905 755 electionem
925 729 1062 762 Bonisacii
1077 729 1154 761 (Noc.
1173 728 1199 757 2)
1223 737 1251 762 ¹7
1276 729 1380 754 tantum
1395 728 1452 754 dies
1461 728 1620 762 fluxerunt,
1637 728 1685 762 qui
1699 728 1809 754 minime
1820 728 1996 763 sufficiebant
2008 728 2044 754 ad
2052 729 2223 761 praedictum
2243 737 2316 755 nun-

538 779 636 805 tiorum
652 779 703 804 iter
711 779 905 812 peragendum.
921 779 1014 805 Immo.
1030 778 1183 803 cardinales
1198 777 1284 803 solum
1298 787 1311 801 «
1325 777 1368 803 die
1384 777 1455 806 lune.
1470 785 1528 803 πεπυ
1543 777 1587 803 die
1602 778 1701 803 mensis
1717 778 1821 808 Ostob„
1835 778 2005 804 intraverunt
2017 778 2152 807 conclave,
2164 778 2273 812 sactum
2289 778 2316 804 in

539 828 640 861 majori
654 828 757 860 capella
774 829 860 860 apost.
873 827 978 860 palatii,
992 834 1045 859 pro
1061 834 1128 851 novo
1143 834 1247 851 summo
1262 825 1393 860 pontifice
1405 826 1527 860 eligendo
1544 836 1557 849 »
1572 825 1670 860 (Arch.
1687 826 1763 855 val..
1780 826 1840 853 Obl.
1857 831 1891 852 n⁰
1907 826 1951 855 48,
1968 827 1996 860 s.
2013 825 2083 861 891¹).
2101 826 2146 862 8-9
2161 827 2218 853 dies
2233 827 2317 861 igitur

538 877 702 902 solummodo
715 877 893 909 supererant!
905 890 937 894 -—
949 876 1065 908 Accepta
1075 883 1092 900 a
1103 875 1178 900 card.
1187 875 1314 908 Philippo
1326 875 1447 907 repulsa,
1459 875 1623 905 cardinales.
1639 877 1666 901 ut
1676 876 1830 908 Stephanus
1844 875 1877 901 de
1887 877 1971 909 Conty
1981 876 2168 909 prosequitur,
2182 886 2195 899 «
2208 884 2315 909 quem-

537 925 605 951 dam
614 925 809 958 cordigerum,
822 924 1118 950 conanticardinalem
1134 932 1222 949 suum
1238 934 1262 951 ».
1276 923 1293 949 i.
1310 931 1333 949 e.
1349 924 1532 954 coelectorem,
1544 924 1571 949 in
1580 932 1684 957 papam
1695 924 1843 958 ele-aerum,
1858 924 1906 958 qui
1920 924 2001 950 etiam
2021 924 2162 958 refutavit.
2185 925 2238 951 Sed
2246 925 2317 951 inter

541 974 571 999 13
585 974 746 1002 cardinales,
764 974 811 1007 qui
825 974 950 999 conclave
963 973 1131 999 intraverunt
1148 972 1268 1005 (ultimus
1284 973 1376 999 Octob.
1394 973 1438 1007 27)
1454 974 1478 999 el
1493 980 1609 1007 quorum
1625 973 1734 999 nomina
1750 973 1777 999 in
1794 973 1838 999 cit.
1854 973 1980 1006 Obligat.
1997 973 2082 999 Arch.
2098 973 2160 999 Vat.
2178 974 2314 1008 lequntur‚

539 1031 571 1048 ne
587 1031 655 1048 unus
670 1023 775 1056 quidem
793 1022 889 1048 Ordini
903 1022 1037 1048 Minorum
1053 1022 1188 1055 ascriptus
1204 1023 1272 1047 erat.
1290 1036 1325 1040 -—
1339 1022 1479 1048 Nescimus
1492 1022 1583 1051 etiam,
1598 1030 1653 1056 qua
1672 1030 1707 1048 ez·
1722 1030 1804 1048 causa
1820 1022 1974 1055 Stephanus
1986 1022 2019 1048 de
2034 1023 2118 1055 Conty
2133 1022 2315 1049 Bonifacium

539 1082 551 1094 α
568 1071 805 1097 archidiaconum
823 1081 835 1094 n
851 1072 954 1097 tantum
970 1071 1097 1097 nominet.

607 1122 738 1146 Momento
762 1122 850 1146 lamen
866 1128 918 1145 non
935 1122 1007 1146 caret
1028 1120 1100 1153 quod
1123 1120 1149 1145 in
1161 1120 1222 1154 fine
1239 1121 1382 1149 narratur,
1405 1120 1533 1146 Carolum
1551 1127 1641 1154 reyem
1665 1121 1844 1148 Francorum.
1862 1121 1924 1146 tunc
1945 1120 2082 1146 Avenione
2107 1120 2250 1147 Clementis
2270 1121 2317 1146 VII

537 1169 668 1202 hospitem
689 1169 753 1201 (vid.
771 1169 880 1194 Chron.
904 1169 945 1194 du
967 1169 1018 1195 rel.
1035 1169 1071 1194 de
1094 1168 1299 1201 Saint-Denys,
1316 1169 1337 1198 I,
1355 1168 1406 1194 616
1429 1168 1516 1202 sqq),
1535 1178 1548 1192 «
1565 1169 1706 1202 sapientes
1725 1170 1754 1195 et
1775 1169 1902 1195 valentes
1923 1169 2044 1194 nuntios
2063 1178 2077 1193 n
2105 1169 2141 1195 ad
2162 1169 2315 1195 cardinales

537 1220 647 1244 Romam
664 1218 778 1247 misisse.
796 1219 823 1243 ut
839 1218 993 1243 electionem
1009 1218 1180 1250 impedirent,
1197 1226 1244 1243 seu
1255 1218 1347 1250 potius
1363 1219 1390 1243 ut
1408 1217 1562 1244 cardinales
1577 1218 1613 1243 ad
1627 1218 1807 1244 obedientiam
1823 1218 1953 1244 Clementi
1969 1219 2015 1244 VII
2026 1217 2223 1251 praestandam
2239 1217 2314 1244 indu·

536 1268 635 1293 cerent.
655 1267 708 1292 Sed
724 1267 815 1300 ulique
830 1267 957 1292 electione
968 1268 1083 1299 peracta
1098 1268 1210 1293 Romam
1227 1267 1408 1292 intraverunt.

450 1316 515 1349 (Fal.
533 1316 589 1350 89.)
604 1316 689 1341 Anno
714 1316 831 1341 Domini
854 1316 1010 1341 millesimo
1034 1315 1138 1341 CCC¹¹¹⁰
1162 1315 1339 1348 octogesimo
1364 1323 1453 1345 nono.
1477 1315 1589 1342 decima
1605 1315 1729 1351 [quinta]
1744 1315 1791 1342 die
1813 1316 1920 1342 mensis
1939 1315 2071 1342 Octobris
2093 1315 2315 1342 Bartholomeus

536 1365 767 1398 archiepiscopus
784 1365 937 1393 Barrensis,
953 1372 981 1390 se
996 1365 1094 1390 dicens
1110 1365 1262 1390 Urbanum
1278 1366 1393 1390 sextum
1408 1372 1526 1398 papam.
1543 1366 1680 1390 mortuus
1694 1366 1736 1391 est
1751 1365 1853 1395 Rome,
1870 1366 1898 1391 et
1911 1366 1975 1398 post
1990 1364 2080 1398 ipsius
2094 1366 2222 1391 mortem
2235 1364 2314 1391 anti-

536 1414 692 1439 cardinales
710 1414 753 1439 sui
773 1413 858 1447 (quos
875 1412 934 1448 [ms.
951 1412 1051 1448 quod].
1069 1415 1225 1447 postquam
1241 1414 1336 1439 suerat
1355 1421 1406 1447 per
1425 1414 1597 1440 violenciam
1612 1414 1816 1440 vehementem
1832 1413 1979 1447 antipapa.
1995 1413 2056 1447 ipse
2071 1413 2148 1439 solus
2165 1414 2315 1440 curaverat

535 1470 585 1488 seu
595 1462 778 1488 ordinaverat
793 1462 888 1488 taliter
900 1463 1026 1496 qualiter
1040 1463 1131 1488 dictos
1146 1463 1325 1497 cardinales),
1338 1464 1367 1489 et
1382 1465 1454 1489 tunc
1467 1463 1536 1489 dicti
1548 1463 1771 1489 anticardinales
1786 1463 1877 1489 Rome
1887 1463 2038 1496 elegerunt
2053 1463 2172 1496 propter
2186 1463 2314 1489 mortem

535 1511 625 1545 ipsius
650 1511 680 1536 in
708 1511 877 1545 antipapam
904 1519 992 1537 suum
1012 1511 1142 1544 primitus
1166 1511 1296 1537 nobilem
1318 1511 1425 1540 virum,
1447 1519 1481 1537 ex
1500 1513 1627 1545 utroque
1646 1513 1765 1545 parente
1785 1513 1971 1544 procreatum
1990 1511 2026 1537 de
2045 1511 2186 1545 sanguine
2209 1519 2314 1544 regum

537 1561 663 1589 Francic,
680 1560 810 1586 videlicet
830 1560 987 1586 dominum
1006 1560 1175 1594 Philippum
1194 1560 1314 1586 fratrem
1334 1568 1510 1593 germanum
1528 1561 1642 1587 comitis
1656 1560 1692 1586 de
1707 1561 1874 1595 Aleneonio,
1891 1562 1964 1586 tunc
1985 1560 2015 1586 in
2029 1560 2160 1594 partibus
2180 1560 2314 1586 Almanie

538 1611 679 1642 tanquam
694 1609 935 1635 anticardinalem
950 1611 979 1635 et
998 1609 1128 1642 legatum
1148 1609 1183 1635 de
1205 1609 1293 1635 latere
1308 1609 1487 1635 destinatum
1511 1617 1563 1643 per
1583 1610 1696 1635 dictum
1716 1610 1886 1643 antipapam
1902 1609 2144 1635 Bartholomeum
2161 1608 2244 1643 quasi
2262 1616 2314 1643 per

535 1658 608 1683 duos
623 1666 714 1683 annos
729 1659 797 1683 ante
812 1659 938 1684 mortem
954 1658 1075 1691 predicti
1094 1658 1291 1684 Bartholomei
1307 1658 1422 1684 intrusi.
1440 1659 1475 1685 Et
1489 1659 1610 1692 quando
1625 1658 1660 1685 de
1675 1659 1803 1692 predicta
1819 1658 1958 1684 electione
1973 1659 2050 1684 certa
2069 1665 2143 1684 nova
2161 1657 2266 1684 habuit
2282 1657 2314 1683 in

537 1706 611 1732 dicta
636 1706 778 1735 Almania.
798 1708 870 1732 tunc
894 1706 1020 1732 finaliter
1040 1707 1189 1740 respondit
1211 1707 1327 1733 nunciis
1351 1707 1443 1733 missis
1466 1707 1503 1733 ad
1522 1715 1592 1734 eum
1613 1715 1648 1734 ex
1670 1709 1751 1741 parte
1770 1707 1919 1733 dictorum
1941 1706 2209 1736 anticardinalium,
2233 1706 2314 1740 quod

537 1762 595 1780 non
612 1757 772 1788 acceptaret
787 1755 899 1781 dictum
915 1757 1135 1789 antepapatum,
1153 1756 1207 1781 nisi
1222 1756 1257 1782 de
1272 1756 1390 1782 licencia
1405 1758 1434 1783 et
1448 1764 1578 1790 expressa
1593 1756 1743 1782 voluntate
1756 1756 1966 1789 consanguinei
1983 1755 2027 1781 sui
2042 1755 2116 1789 regis
2131 1755 2258 1782 Francie.

447 1804 481 1829 Et
502 1804 636 1836 predictis
652 1804 766 1830 nunciis
781 1805 897 1830 reversis
912 1805 947 1830 ad
962 1805 1184 1831 anticardiuales
1198 1805 1342 1838 predictos
1354 1807 1382 1831 et
1395 1805 1494 1831 audita
1509 1805 1695 1839 responsione
1709 1805 1838 1838 predicta
1852 1805 1999 1831 dictorum
2020 1804 2199 1830 nunciorum
2217 1812 2234 1830 a
2252 1811 2314 1837 pre·

535 1853 618 1878 dictis
641 1853 908 1882 anticardinalihus,
931 1854 1028 1879 statim
1050 1854 1213 1887 ellegerunt
1233 1854 1349 1879 secundo
1373 1854 1534 1887 quemdam
1556 1854 1741 1888 cordigerum
1764 1853 2061 1880 conanticardinalem
2082 1861 2170 1879 suum
2189 1853 2222 1879 in
2241 1852 2314 1879 anti-

534 1909 640 1935 papam
655 1910 753 1931 suum,
771 1902 820 1935 qui
837 1902 928 1928 eciam
943 1902 1079 1928 refutavit
1091 1903 1215 1928 omnino
1230 1903 1339 1929 dictam
1354 1903 1526 1929 electionem
1541 1903 1647 1929 saetam
1662 1903 1698 1929 de
1711 1903 1773 1936 ipso
1788 1903 1819 1928 in
1833 1902 2014 1936 antipapam.

449 1950 540 1975 Tercio
556 1950 705 1983 elegerunt
718 1951 878 1983 quemdam
893 1951 1142 1981 archidiaconum,
1159 1952 1211 1985 qui
1230 1952 1324 1977 suerat
1341 1952 1478 1985 magister
1494 1952 1614 1985 hospicii
1629 1952 1743 1978 domini
1756 1951 1854 1977 Karoli
1865 1951 1902 1977 de
1916 1952 1986 1977 Pace
2001 1953 2133 1984 tempore
2148 1958 2208 1985 quo
2220 1950 2315 1977 dictus

535 1999 657 2024 Karolus
671 2007 807 2032 guerram
819 1999 939 2025 faciebat
951 2001 1050 2025 contra
1066 2008 1192 2033 regnum
1208 2000 1314 2030 Cicilie,
1329 2000 1409 2034 quod
1425 2008 1552 2033 regnum
1565 2000 1678 2026 volebat
1690 2008 1744 2034 pro
1757 2008 1784 2026 se
1799 2001 1827 2026 et
1842 2000 1900 2025 suis
1912 1999 2067 2026 heredibus
2079 2007 2130 2033 per
2143 1999 2315 2025 violenciam
2347 1992 2363 2006 '¹

535 2048 649 2076 habere.
665 2055 717 2074 nec
730 2047 827 2081 potuit
842 2048 872 2073 in
887 2049 947 2074 tota
963 2048 1020 2074 vita
1034 2056 1084 2074 sua
1097 2049 1241 2079 obtinere2
1259 2049 1307 2075 sed
1321 2049 1448 2075 durante
1464 2049 1541 2075 dieta
1555 2057 1660 2083 guerra
1676 2049 1839 2075 miserrime
1854 2050 1882 2075 et
1896 2048 2051 2074 inhoneste
2072 2048 2243 2074 vulneratus
2257 2047 2315 2074 fuit

535 2104 585 2130 per
598 2097 758 2130 quemdam
771 2097 938 2122 servitorem
954 2097 1052 2130 regine
1068 2098 1225 2131 Hunga1ie,
1241 2106 1275 2124 ex
1288 2098 1396 2132 quibus
1408 2099 1578 2124 vulneribus
1591 2098 1688 2124 statim
1702 2099 1799 2132 postea
1814 2098 1895 2124 obiit.

446 2146 518 2171 Item
532 2145 682 2171 sciendum
697 2147 748 2175 est,
763 2146 843 2179 quod
856 2146 951 2171 dictus
963 2146 1181 2173 archidiaconus
1193 2147 1351 2180 acceptavit
1365 2147 1479 2173 dictum
1492 2147 1708 2180 antipapatum,
1723 2148 1751 2173 et
1764 2149 1924 2180 antequam
1937 2146 2007 2172 dicti
2018 2145 2240 2172 anticardinales
2249 2147 2315 2180 post

534 2194 642 2220 dictam
657 2195 886 2227 acceptacionem
903 2195 1063 2228 reciperent
1078 2203 1147 2221 eum
1163 2196 1193 2221 in
1209 2204 1298 2222 suum
1313 2196 1494 2230 antipapam.
1509 2197 1640 2222 fecerunt
1657 2196 1709 2222 sibi
1726 2196 1898 2230 promittere
1910 2197 1938 2222 et
1949 2196 2058 2229 jurare,
2075 2195 2156 2228 quod
2172 2202 2266 2228 usque
2278 2194 2315 2220 ad

534 2243 624 2268 tinem
640 2243 696 2268 vite
711 2251 761 2269 sue
774 2251 827 2276 pro
843 2251 923 2276 posse
935 2246 1036 2270 contra
1055 2252 1158 2271 omnes
1175 2245 1320 2271 obtineret
1340 2245 1454 2271 dictum
1469 2245 1686 2278 antipapatum,
1709 2247 1738 2271 et
1759 2245 1815 2271 hoc
1833 2245 1872 2271 eis
1886 2244 2021 2278 promisit
2035 2245 2064 2270 et
2074 2243 2192 2277 juravit.
2209 2243 2245 2269 Et
2259 2243 2315 2269 hoe

535 2292 610 2317 facto
623 2292 691 2317 dieti
707 2292 928 2318 anticardinales
942 2293 1193 2319 intronisaverunt
1208 2302 1277 2320 eum
1293 2294 1324 2319 in
1339 2294 1510 2328 antipapam
1526 2302 1625 2324 suum,
1642 2296 1671 2320 et
1685 2296 1803 2320 vocatus
1818 2295 1860 2320 est
1872 2294 1908 2319 ab
1923 2294 1963 2319 eis
1978 2292 2141 2319 Bonifacius
2154 2299 2259 2318 nonus.

448 2341 520 2366 item
541 2341 691 2366 sciendum
706 2343 748 2366 est
768 2341 848 2374 quod
864 2341 986 2367 Karolus
998 2342 1114 2375 juvenis
1130 2350 1179 2368 rex
1195 2343 1312 2369 Francie
1327 2345 1388 2369 crat
1405 2345 1477 2369 tunc
1491 2343 1523 2369 in
1542 2343 1684 2369 Avinione
1699 2351 1768 2369 cum
1783 2351 1858 2376 papa
1873 2342 2024 2368 Clemente
2039 2341 2173 2374 septimo,
2194 2340 2315 2374 quando

537 2391 679 2414 venerunt
694 2389 802 2415 ibidem
820 2398 894 2415 nova
917 2392 994 2416 certa
1009 2391 1139 2423 predicta
1159 2391 1195 2417 de
1210 2393 1305 2418 morte
1323 2392 1394 2418 dicti
1414 2392 1612 2418 Bartholomei
1630 2392 1768 2425 antipape
1786 2391 1903 2417 intrusi.
1917 2391 1958 2426 ¹Et
1972 2392 2044 2416 tunc
2058 2389 2153 2415 dictus
2167 2397 2217 2415 rex
2235 2389 2315 2416 misit

536 2438 632 2463 statim
648 2438 738 2463 Rome
750 2439 891 2471 sapientes
906 2441 934 2465 et
949 2440 1074 2466 valentes
1090 2441 1213 2466 nuncios
1227 2441 1263 2466 ad
1278 2449 1381 2467 omnes
1395 2441 1617 2467 anticardinales
1632 2441 1785 2474 predictos,
1800 2441 1836 2466 ad
1852 2441 1906 2466 hoc
1918 2441 1952 2465 ut
1966 2447 2013 2465 eos
2026 2438 2176 2465 reduceret
2189 2438 2225 2464 ad
2237 2438 2314 2465 viam

538 2487 671 2513 veritatis
687 2487 862 2513 dimittendo
878 2488 1001 2514 omnino
1017 2489 1148 2515 scismate
1161 2490 1301 2522 predicto,
1318 2490 1370 2523 qui
1383 2497 1486 2516 omnes
1500 2492 1707 2516 recusaverunt
1720 2490 1775 2516 hoc
1789 2490 1890 2518 facere,
1905 2488 2046 2514 malentes
2058 2487 2094 2513 de
2111 2487 2195 2516 sacto.
2210 2489 2239 2514 et
2253 2495 2314 2514 non

535 2535 569 2560 (le
586 2535 662 2567 jure.
680 2543 857 2568 perseverare
876 2536 906 2561 in
926 2545 978 2562 suo
998 2537 1129 2563 scismate
1144 2546 1235 2571 quam
1250 2539 1353 2565 reverti
1368 2539 1403 2564 ad
1420 2539 1495 2564 viam
1509 2539 1635 2565 veritatis
1650 2540 1678 2565 et
1692 2538 1790 2564 anime
1802 2545 1852 2563 sue
1865 2537 1974 2563 salutis.

607 2637 681 2669 Quae
706 2637 732 2662 in
757 2639 819 2662 nota
841 2637 865 2662 n*
887 2638 951 2672 1659
972 2639 1128 2671 afferuntur
1147 2640 1179 2665 de
1198 2641 1310 2666 consilio
1325 2641 1448 2674 Philippi
1467 2641 1542 2667 ducis
1567 2640 1744 2674 Buryundiae
1762 2639 1869 2665 ltaliam
1889 2647 1948 2665 cum
1970 2639 2092 2665 eaeercitu
2112 2639 2266 2669 invadendi,
2286 2639 2314 2666 ut

537 2685 657 2710 Clemens
676 2687 721 2711 VII
735 2686 848 2718 expulso
864 2686 1006 2719 Bonisacio
1025 2689 1060 2713 IX
1076 2688 1102 2713 in
1122 2689 1219 2714 solium
1235 2691 1386 2716 Romanum
1402 2690 1428 2715 vi
1443 2690 1629 2718 collocaretur,
1644 2690 1845 2721 connectuntur,
1870 2690 1897 2714 ut
1921 2688 2076 2721 opinamur,
2098 2696 2158 2714 cum
2182 2687 2315 2722 legatione

534 2741 616 2767 quam
627 2741 671 2759 an.
688 2734 754 2768 1390
768 2734 889 2760 Clemens
905 2736 948 2760 ΓΙ]
963 2736 998 2760 nd
1013 2737 1169 2770 Philippum
1185 2738 1278 2764 duceni
1291 2739 1470 2773 Buryundiae
1485 2738 1566 2768 misit,
1583 2738 1616 2764 de
1628 2745 1683 2772 qua
1698 2745 1734 2763 eac
1748 2737 1862 2763 Introit.
1878 2739 1906 2763 et
1918 2737 1998 2767 exit„
2013 2742 2046 2763 n⁰
2062 2737 2123 2767 366.
2135 2737 2221 2763 Arch.
2236 2736 2312 2765 Vnt..

539 2783 691 2808 edocemur.

446 2875 514 2908 (Fol.
540 2873 627 2909 12:3¹¹.)
646 2875 698 2901 Die
719 2875 748 2908 iij
766 2875 872 2901 mensis
892 2876 956 2901 Maii
977 2877 1098 2903 suerunt
1116 2879 1202 2904 soluti
1218 2879 1319 2912 Egidio
1339 2880 1473 2913 (Aiscelin
1492 2879 1528 2906 de
1554 2880 1702 2913 Bellemer)
1728 2879 1812 2912 episc.
1839 2879 1988 2908 Vaurensi,
2010 2878 2215 2905 refferendario
2229 2878 2312 2906 dom.

573 2923 612 2945 84.
