2488 3386
199 348 295 386 1379]
617 361 662 382 AB
697 360 802 382 Auno
836 359 967 382 MCCCL
1001 359 1131 387 USQUE
1166 359 1213 381 AD
1249 360 1512 382 BENEDICTUM
1548 361 1636 382 xui.
1997 351 2059 384 237

198 435 305 469 solito
321 436 422 480 juxta
445 441 606 467 tenorem
625 433 901 479 privilegiorum
924 439 959 465 et
979 439 1194 466 statutorum
1217 433 1431 465 electionem
1450 435 1601 466 rectoris
1623 435 1878 468 Universitatis
1900 435 2060 480 predicte

197 501 507 542 concernentium,
530 500 668 533 electus
694 500 760 533 suit
785 499 1016 532 concorditer
1039 505 1075 532 et
1099 511 1163 544 pro
1186 499 1345 532 secunda
1370 500 1468 532 vice²
1490 500 1527 532 in
1548 507 1724 533 rectorem
1752 513 1838 546 sepe
1860 501 1953 534 dicte
1975 501 2061 534 Uni—

196 568 378 602 versitatis
404 567 577 612 magister
596 566 781 600 Johannes
801 566 845 598 de
867 566 964 599 Beke
986 565 1229 599 Brabantinus
1255 566 1429 608 existens,
1456 566 1675 600 intrantibus
1705 568 1888 612 magistris
1912 579 2060 601 venera-

197 634 334 668 bilibus
357 640 392 667 et
412 633 676 678 circunspectis
696 633 786 666 viris
803 631 995 665 Lamberto
1019 632 1063 665 de
1089 632 1259 665 Marchia.
1282 632 1446 665 Johanne
1463 632 1507 665 de
1529 633 1688 674 Wasia³,
1711 633 1918 666 Guilhelmo
1939 634 2061 666 Amel-

198 701 285 735 line⁶
307 707 342 734 et
361 700 528 745 Philippo
554 700 703 744 Pin[g]⁵,
726 698 926 740 Gallicane,
945 698 1121 739 Picardie,
1139 699 1359 731 Normannie
1382 705 1417 731 et
1431 698 1633 743 Anglicane
1650 699 1849 741 nationum,
1872 700 1932 744 qui
1953 712 2060 733 onera

199 767 352 800 rectorie
382 766 580 811 acceptavit
604 765 753 798 multum
775 765 900 798 invite.
926 766 967 797 ln
988 765 1092 809 cujus
1115 765 1269 798 rectoria
1291 777 1359 810 que
1384 771 1469 798 sunt
1498 771 1572 798 acta
1594 765 1826 798 continentur
1848 766 1884 798 in
1906 767 2062 811 registro

197 846 262 868 seu
283 833 409 879 papiro
427 833 604 866 existente
622 833 658 865 in
675 832 811 877 prefate
833 831 987 865 rectorie
1004 832 1181 865 cousreto.

290 932 356 955 Mus.
372 930 491 954 Britann.
509 939 558 954 ms.
574 930 635 953 add.
652 931 737 960 17:304,
755 930 798 953 sol.
817 929 887 952 14412.
902 943 931 946 —
947 929 1070 957 Bulaeus,
1091 929 1131 957 tv,
1149 928 1203 952 578.

289 1016 311 1038 1.
323 1015 381 1039 Nat.
391 1015 505 1046 Anglic.‚
517 1015 548 1038 de
563 1023 614 1046 quo
628 1014 654 1037 in
670 1016 789 1038 Auctar.
803 1013 1011 1044 Chartu1.,1,p.
1024 1014 1079 1043 421,
1093 1014 1131 1043 20,
1144 1016 1203 1042 etc.;
1214 1016 1299 1036 rector
1312 1013 1399 1036 Martii
1415 1014 1533 1037 2l1-Junii
1549 1014 1586 1037 23.
1603 1028 1634 1032 —
1649 1015 1671 1038 2.
1686 1015 1772 1038 Primo
1783 1023 1825 1038 an.
1841 1016 1909 1044 1373,
1926 1015 2011 1038 Martii
2025 1016 2062 1039 24.

195 1060 253 1084 Vid.
268 1068 358 1091 supra.
374 1073 404 1077 —
415 1061 437 1083 3.
453 1060 502 1083 Ms.
518 1062 543 1082 et
558 1059 616 1082 Bul.
631 1067 636 1082 :
654 1068 667 1080 «
680 1058 769 1081 Wusia
785 1068 805 1082 ».
822 1058 895 1082 Corr.
912 1066 925 1081 e
946 1059 1007 1089 ch.
1025 1058 1119 1089 Suppl.
1135 1058 1216 1082 Ctem.
1231 1058 1285 1085 vll,
1303 1066 1344 1081 un.
1367 1058 1388 1086 1,
1404 1066 1430 1089 p.
1445 1059 1468 1088 6,
1484 1059 1528 1081 sol.
1548 1059 1602 1082 241.
1619 1059 1678 1082 Fuit
1693 1059 1774 1082 dioec.
1790 1060 1900 1083 Tornac.
1915 1063 1938 1082 et
1953 1060 2063 1084 Sorbon.

195 1107 273 1136 atque
293 1113 335 1128 an.
355 1105 415 1128 1379
435 1104 535 1127 baccal.
557 1105 685 1127 formatus
706 1103 732 1126 in
754 1103 835 1126 theol.
858 1104 903 1127 An.
926 1103 993 1131 1392,
1012 1103 1066 1134 jam
1086 1102 1245 1131 licentiatus,
1268 1102 1417 1125 intitulatus
1439 1106 1478 1126 est
1500 1102 1526 1125 in
1548 1103 1691 1127 Universit.
1709 1104 1808 1132 colon„
1827 1112 1869 1127 an.
1888 1104 1945 1127 1393
1968 1108 2063 1132 rector,

195 1157 238 1173 an.
257 1150 317 1172 1394
332 1149 435 1180 primus
453 1149 567 1171 decanus
585 1148 674 1171 facult.
692 1148 772 1171 theol.
790 1147 848 1171 Vid.
865 1148 991 1175 Keussen,
1008 1147 1059 1170 Die
1076 1147 1209 1171 Matrikel
1223 1148 1274 1170 der
1292 1147 1460 1171 Universitct't
1476 1147 1559 1176 Kdln,
1578 1148 1596 1176 1,
1616 1156 1642 1179 p.
1659 1149 1696 1177 57,
1718 1152 1770 1172 not.
1790 1149 1821 1171 ad
1838 1153 1887 1172 num
1903 1149 1940 1175 21,
1957 1152 1982 1172 et
1995 1149 2063 1172 Biht.

195 1197 248 1217 nat.
263 1193 346 1217 Paris.
361 1202 411 1217 ms.
423 1193 453 1217 N.
468 1201 490 1216 a.
508 1193 525 1216 l.
542 1193 612 1221 2165,
629 1193 674 1216 fol.
687 1193 709 1215 1.
725 1206 752 1210 --
765 1193 788 1217 4.
806 1192 876 1215 Infra
890 1192 915 1214 in
931 1192 1017 1214 rotulo
1033 1196 1061 1214 n0
1080 1192 1137 1214 1433
1151 1192 1313 1221 (Nor-mann.)
1327 1199 1333 1214 ⁴.
1352 1200 1363 1213 «
1378 1191 1504 1215 Aimelinc
1517 1200 1539 1215 ».
1550 1206 1581 1210 —
1592 1194 1614 1215 5.
1631 1193 1679 1216 Ms.
1695 1196 1720 1216 et.
1731 1193 1788 1216 Bul.
1804 1201 1809 1216 ·.
1824 1202 1835 1216 «
1846 1193 1964 1216 Johanne
1980 1193 2026 1216 Pin
2041 1201 2062 1216 ».

197 1238 248 1261 Sed
265 1237 291 1260 in
307 1237 368 1262 Lib.
380 1244 460 1268 proc.
475 1241 536 1262 nat.
550 1237 633 1268 Anql.
647 1236 787 1268 Philippus
802 1237 834 1260 de
849 1236 916 1267 Ping
933 1239 1035 1259 tantum
1051 1236 1192 1260 invenitur.
1206 1236 1264 1259 Vid.
1281 1237 1400 1260 Auctar.
1415 1236 1555 1264 chartul,
1574 1237 1594 1260 Ι.

200 1408 341 1445 1422.
364 1419 512 1443 Decretum
535 1421 595 1443 nat.
621 1416 750 1447 Picard.‚
777 1425 831 1452 quo
855 1417 1002 1451 magistris
1028 1420 1055 1442 et
1074 1416 1255 1442 scholaribus
1287 1416 1322 1443 de
1348 1417 1488 1442 Maclinia
1518 1416 1647 1442 oriundis
1676 1417 1840 1443 conceditur
1869 1417 1985 1443 licentia
2011 1418 2063 1443 sub

283 1466 380 1500 sigillo
400 1466 527 1492 nationis
539 1469 743 1502 procuratores
761 1465 953 1491 constituendi
975 1465 1015 1491 ad
1034 1465 1242 1502 disponendum
1259 1465 1389 1492 redditus
1410 1465 1559 1501 cujusdam
1582 1466 1765 1501 capellaniae
1787 1466 1890 1492 ibidem
1910 1466 2062 1501 fundatae.

1403 1552 1476 1580 7379,
1491 1551 1598 1584 Augusti
1613 1552 1650 1580 13,
1667 1551 1780 1578 Parisiis.

284 1634 390 1667 Anno
411 1634 556 1667 Domini
575 1634 673 1675 1379,
695 1634 832 1666 mensis
854 1634 1011 1679 Augusti
1034 1634 1091 1666 die
1116 1635 1167 1671 13,
1191 1634 1428 1667 universitate
1450 1635 1705 1679 magistrorum
1730 1635 1889 1668 Parisius
1915 1635 2063 1667 studen-

196 1701 283 1733 tium
306 1707 341 1734 et
362 1701 565 1746 regentium
586 1701 623 1733 in
645 1701 679 1734 S.
703 1701 883 1733 Maturino
907 1700 995 1733 hora
1020 1701 1204 1733 tertiarum
1227 1708 1460 1746 congregata,
1489 1708 1521 1734 et
1544 1701 1752 1734 nationibus
1775 1708 1809 1734 et
1833 1701 2063 1735 facultatibus

195 1768 239 1801 ad
260 1774 396 1813 partem
419 1767 627 1809 subtractis,
648 1774 688 1800 ut
707 1767 819 1801 moris
841 1774 908 1809 est,
927 1767 970 1800 ad
992 1779 1103 1813 super
1124 1768 1323 1813 propositis
1345 1780 1410 1813 per
1432 1774 1607 1800 rectorem
1631 1768 1886 1801 Universitatis
1903 1768 2063 1814 predicte

196 1834 490 1875 deliberandum,
516 1840 551 1867 et
576 1834 722 1867 natione
747 1834 982 1867 Picardorum
1010 1835 1047 1867 in
1073 1846 1139 1867 suo
1166 1834 1247 1868 loco
1277 1842 1454 1867 consueto
1481 1835 1524 1867 ad
1551 1834 1826 1868 deliberandum
1848 1835 2061 1877 substracta,

196 1901 414 1946 supplicavit
432 1900 653 1934 venerabilis
684 1907 719 1933 ct
748 1900 931 1933 discretus
967 1901 1022 1934 vir
1048 1913 1143 1946 mag.
1174 1901 1376 1934 Rumoldus
1406 1902 1564 1937 Weens¹
1594 1901 1630 1933 in
1657 1901 1749 1934 dicta
1773 1902 1917 1934 natione
1944 1914 2007 1946 pro
2029 1909 2063 1935 et

195 1967 342 2000 nomine
371 1967 627 2012 magistrorum
652 1974 687 2000 et
714 1967 907 2000 scolarium
931 1967 1092 2001 Parisius
1119 1967 1343 2001 studentium
1368 1968 1605 2001 oriundorum
1632 1968 1675 2000 dc
1699 1968 1905 2010 Machlinia,
1934 1975 1972 2001 ut
1993 1969 2061 2013 ipsi

195 2034 360 2079 magistri
386 2040 422 2066 et
448 2033 609 2067 scolares
640 2040 792 2079 possent
819 2033 887 2067 sub
918 2033 1042 2079 sigillo
1070 2034 1228 2067 nationis
1257 2034 1419 2079 predicte
1449 2035 1673 2068 constituere
1709 2047 1818 2067 unum
1847 2035 1904 2068 vel
1939 2035 2062 2080 plures

195 2107 315 2134 certos
346 2107 614 2146 procuratores,
638 2101 699 2145 qui
723 2101 920 2145 disponere
941 2100 1118 2134 haberent
1137 2101 1173 2133 in
1198 2100 1390 2134 Machlinia
1412 2101 1551 2134 reditus
1573 2108 1670 2134 certe
1694 2102 1892 2146 capellanie
1916 2102 2061 2134 fundate

195 2168 232 2200 in
257 2167 351 2200 dicta
374 2167 458 2200 villa
483 2166 753 2208 Machliniensi,
779 2168 883 2211 cujus
905 2174 940 2199 et
960 2179 1114 2212 quorum
1136 2167 1180 2200 de
1203 2179 1302 2200 more
1325 2174 1359 2200 et
1383 2168 1649 2201 consuetudine
1672 2168 1777 2213 plena
1804 2168 1996 2213 dispositio
2018 2168 2060 2201 ad

195 2234 312 2267 dictos
333 2234 528 2279 magistros
550 2240 586 2266 et
606 2233 767 2266 scolares
794 2234 838 2266 de
859 2233 1052 2266 Machlinia
1073 2234 1234 2266 Parisius
1252 2234 1442 2267 studentes
1464 2234 1627 2267 noscitur
1650 2235 1844 2279 pertinere.
1865 2236 1905 2267 ΕΙ
1922 2235 1986 2267 suit
2008 2234 2061 2267 illi

197 2301 231 2333 in
256 2301 369 2333 forma
395 2311 612 2333 concessum
636 2300 868 2333 concorditer
888 2306 924 2332 et
950 2299 993 2333 ab
1022 2299 1191 2333 omnibus
1215 2299 1449 2345 presentibus
1478 2301 1662 2346 magistris
1684 2301 1849 2335 Johanne
1878 2301 1921 2334 de
1951 2302 2059 2342 Bekc.

196 2373 336 2400 rectore
359 2366 616 2400 Universitatis
637 2366 800 2411 predicte
822 2378 886 2411 pro
912 2373 1010 2408 tunc,
1032 2366 1167 2400 Jacobo
1186 2367 1351 2408 Juvenis,
1371 2366 1534 2400 Johanne
1557 2367 1600 2400 de
1622 2367 1769 2410 Trelon,
1791 2367 1953 2401 Johanne
1976 2369 2061 2400 Bar-

195 2433 312 2474 doul²,
342 2433 519 2466 Richardo
542 2433 586 2465 de
613 2435 721 2474 Loos,
744 2433 899 2467 Girardo
926 2433 970 2466 de
991 2433 1238 2474 Oesterwiic³,
1261 2433 1418 2467 Roberto
1440 2434 1484 2466 de
1511 2435 1679 2476 Racourt,
1701 2434 1864 2467 Arnoldo
1887 2435 1930 2467 de
1957 2436 2060 2467 Eme-

195 2500 316 2539 lisse‘,
337 2500 504 2536 Waltero
526 2499 648 2532 Belle⁵
671 2507 705 2533 et
722 2500 845 2533 multis
871 2500 963 2532 aliis.

288 2598 410 2626 Bulaeus,
427 2598 469 2627 tv,
483 2599 537 2627 580,
554 2606 567 2621 e
582 2598 639 2622 Lib.
654 2604 732 2628 proc.
750 2601 810 2622 nat.
827 2597 941 2622 Picard.

288 2682 308 2705 1.
329 2682 406 2705 Bul.:
425 2690 436 2704 (ι
454 2682 594 2705 Rameldus
612 2682 714 2705 Ubeens
729 2690 751 2705 ».
768 2682 842 2705 corr.
858 2690 871 2705 e
886 2682 950 2713 Reg.
968 2682 1062 2713 Suppl.
1079 2682 1205 2705 Clement.
1220 2683 1274 2711 Vll,
1290 2690 1332 2706 nn.
1349 2683 1370 2711 1,
1384 2691 1411 2714 p.
1428 2684 1450 2710 6,
1471 2682 1514 2706 sol.
1531 2683 1574 2705 241
1592 2683 1635 2712 (ad
1653 2691 1694 2707 an.
1712 2683 1780 2712 1379)
1802 2683 1826 2705 in
1846 2683 1929 2705 rotulo
1947 2682 2058 2705 Sorbon.

194 2726 337 2750 Rumoldus
355 2726 403 2749 tuit
419 2726 500 2749 dioec.
518 2726 651 2749 Gamerae.
668 2729 693 2749 ct
712 2726 812 2749 baccul.
829 2726 855 2749 in
875 2726 954 2749 theol.
979 2740 1006 2744 —
1028 2727 1050 2750 2.
1067 2727 1113 2750 An.
1131 2726 1200 2755 1371,
1217 2727 1326 2750 Januur.
1347 2727 1386 2757 28,
1401 2726 1456 2758 jam
1474 2735 1521 2758 per
1540 2727 1659 2750 undecim
1676 2735 1758 2750 annos
1775 2727 1840 2749 rexit
1852 2730 1877 2749 ct
1894 2726 1977 2748 adhuc
1994 2726 2057 2756 regit

193 2771 299 2793 domum
315 2770 419 2801 collegii
436 2770 518 2794 schol.
535 2771 597 2794 cler.
616 2770 757 2794 Morincns.
773 2771 804 2793 de
822 2770 934 2797 Becoud.
950 2774 975 2793 ct
990 2779 1037 2801 per
1050 2770 1118 2793 idem
1134 2774 1237 2802 tempus
1251 2771 1372 2794 continue
1388 2771 1489 2794 studuit
1505 2771 1529 2794 in
1545 2771 1623 2795 theol.
1641 2772 1712 2802 (Reg.
1729 2773 1775 2794 Av.
1792 2771 1870 2802 Grcg.
1889 2771 1928 2799 XI,
1945 2770 1993 2793 vol.
2004 2771 2058 2798 VH,

195 2816 212 2838 f.
228 2816 292 2844 374).
304 2815 361 2838 Vid.
380 2814 449 2838 infra
469 2818 519 2838 rot.
537 2815 640 2838 picard.
654 2829 684 2832 —
703 2816 726 2838 3.
745 2815 803 2838 Bul.
823 2823 829 2838 z
855 2824 865 2837 «
883 2815 1015 2838 Restuune
1034 2823 1055 2838 »-
1077 2815 1150 2838 Corr.
1165 2823 1178 2838 e
1194 2816 1256 2846 Reg.
1274 2816 1367 2846 Suppl.
1385 2816 1465 2839 Clem.
1480 2816 1524 2838 V11
1541 2816 1594 2844 cit„
1617 2816 1660 2838 sol.
1678 2815 1747 2843 24212,
1767 2815 1792 2838 in
1811 2818 1859 2838 rot.
1880 2815 2000 2841 Scrbom,
2015 2814 2059 2836 uhi

192 2859 393 2890 cognominatur
408 2869 420 2880 <t
438 2860 533 2882 Mnthie
548 2869 570 2888 n,
589 2860 666 2883 Lcod.
685 2859 778 2888 dioec.y
797 2859 868 2882 bace.
887 2859 979 2882 medic.
1001 2873 1023 2876 —
1048 2861 1071 2883 11.
1088 2861 1134 2883 An.
1151 2860 1211 2883 1375
1226 2860 1467 2883 confraternitatem
1485 2868 1543 2882 cum
1566 2860 1701 2891 magistris
1723 2863 1775 2883 nat.
1797 2859 1896 2891 Anglic.
1918 2859 1983 2881 iniit.
2002 2858 2058 2881 Vid.

193 2905 312 2927 Auctar.
330 2904 469 2928 Chartul..
484 2904 503 2933 l,
518 2912 543 2934 p.
558 2905 613 2932 474,
628 2905 667 2927 43.
681 2917 710 2921 —
723 2906 745 2928 5.
763 2903 916 2932 sorbonico,
930 2903 1004 2927 hacc.
1022 2903 1128 2933 decret..
1145 2907 1173 2927 ut
1188 2907 1300 2935 apparet
1313 2912 1326 2927 e
1341 2907 1389 2927 rot.
1405 2904 1515 2928 Sorbon.
1532 2904 1556 2926 in
1573 2907 1625 2927 not.
1645 2905 1653 2926 l
1671 2904 1759 2926 citato.
