2488 3386
440 308 503 341 108
1014 316 1331 339 CHARTULARIUM
1366 314 1557 337 uuivizns.
1594 314 1723 336 PARIS.
2205 300 2304 337 [1363

442 416 582 452 1287.
611 423 742 450 Urbanus
762 423 943 459 V(Grimerio
959 423 1116 458 Bonifacii)
1129 422 1303 448 cancellario
1319 422 1490 456 Parisiensi,
1507 425 1538 447 ut
1555 420 1734 447 Guittelmum
1750 419 1785 446 de
1800 419 1915 454 Prato⁴‚
1935 418 2000 445 ord.
2019 419 2100 453 Min„
2116 419 2145 445 in
2160 419 2304 454 theologia

525 473 702 508 magistrum,
725 472 824 508 quide
839 472 953 498 civitate
969 473 1063 498 Paris.
1082 472 1174 497 traxit
1189 472 1334 505 originem,
1353 474 1380 496 et
1400 470 1428 496 in
1454 470 1642 496 Universitate
1661 468 1753 494 studii
1771 467 1962 494 0xoniensis2
1981 467 2078 494 multis
2093 468 2178 494 annis
2193 468 2305 494 studuit

525 525 553 548 et
567 521 635 556 legit
650 521 679 547 in
697 521 856 555 theologica
870 520 1023 555 facultate,
1047 524 1074 546 et
1093 520 1205 546 demum
1221 519 1326 545 ibidem
1343 519 1371 544 in
1387 519 1452 554 ipsa
1473 518 1618 553 facultate
1639 517 1762 543 docendi
1781 516 1928 543 licentiam
1950 520 1977 542 et
1998 516 2159 551 magisterii
2177 518 2305 553 suscepit

524 570 665 605 honor-em,
686 569 726 595 ad
740 569 898 604 legendum,
916 568 1171 603 determinandum,
1194 568 1403 604 disputandum
1423 570 1450 593 et
1467 570 1574 593 ceter-os
1597 569 1680 592 actas
1700 564 1886 600 magistrales
1906 564 2095 591 exer-cendum
2115 565 2144 591 in
2158 565 2303 599 facultate

524 622 552 645 et
571 619 758 645 Universitate
772 618 866 644 Paris.
884 618 976 644 studii
990 617 1079 643 libere
1092 617 1229 643 admittat
1245 620 1272 642 et
1286 616 1323 642 ab
1339 615 1408 642 aliis
1423 615 1540 641 admitti
1554 615 1657 649 faciat,
1676 623 1710 640 ac
1722 614 1749 639 si
1765 614 1793 639 in
1809 614 1875 649 ipsa
1896 613 2084 640 Universitate
2098 614 2193 640 Paris.
2209 614 2301 641 stadii

522 668 710 702 magistratus
723 667 836 701 fuisset.
851 667 916 693 Dat.
931 666 1072 693 Avinione
1084 674 1120 692 xv
1131 666 1188 692 kal.
1204 665 1380 695 Decembris,
1396 672 1475 691 anno
1490 664 1627 691 secundo.
1645 674 1659 687 «
1675 663 1832 697 ReligIOnis
1846 662 1923 689 zelus
1940 672 1965 688 ».

1583 748 1654 777 1363.
1668 747 1813 774 Novembris
1827 748 1864 777 17,
1880 747 2013 773 Arsinoae.

526 826 590 856 Reg.
605 827 684 849 Aven.
702 825 802 849 Urbani
812 825 841 853 V,
858 825 909 848 vol.
926 825 979 853 VII,
995 825 1039 848 sol.
1056 825 1109 848 511.
1124 838 1156 842 —
1170 823 1307 854 Wadding,
1324 825 1402 848 Arm.
1418 823 1501 851 Μῖνι,
1517 823 1584 851 VIII,
1601 823 1656 850 500,
1670 830 1683 845 e
1698 830 1749 853 quo
1763 822 1833 854 Bul.,
1847 822 1888 851 lv,
1905 822 1962 845 378.

526 870 594 893 Haec
608 869 742 901 privilegii
762 869 895 892 concessio
910 869 937 892 in
952 869 1130 892 Universitate
1146 868 1255 891 dubium
1271 868 1361 895 movit,
1378 870 1406 890 ut
1423 870 1535 898 apparet
1549 875 1562 890 e
1580 866 1769 890 deliberatione
1789 866 1917 897 ejusdem,
1937 873 1980 890 an.
1997 866 2066 895 1364,
2082 865 2220 890 Februarii
2234 867 2257 896 2,
2273 866 2300 890 in

432 914 514 938 Libro
520 918 668 944 procurat.
683 918 743 938 nat.
759 913 843 943 Anyl.
859 913 922 943 (vid.
940 913 1114 938 Auctarium
1132 913 1260 937 Chartul.
1282 912 1416 940 Univers„
1432 912 1462 941 Ι).

526 997 549 1021 1.
566 998 595 1021 In
618 997 737 1021 Francia.
758 998 805 1020 An.
822 997 892 1026 1370,
915 997 1002 1020 Martii
1024 997 1062 1025 11,
1079 997 1162 1019 factus
1183 998 1222 1019 est
1238 995 1394 1026 archiepisc.
1411 994 1598 1019 Camballiens.
1623 995 1695 1025 (Reg.
1718 995 1797 1018 Aven.
1814 994 1879 1019 Urb.
1903 994 1933 1024 V,
1956 994 2008 1018 vol.
2029 994 2121 1024 XXIII,
2142 995 2159 1018 f.
2177 994 2243 1024 28¹²).
2258 995 2299 1019 Cf.

431 1041 572 1073 Wadding,
587 1042 605 1065 l.
624 1050 658 1073 m,
674 1050 699 1072 p.
714 1041 768 1070 221,
783 1041 836 1065 231.
855 1041 952 1064 Eodem
973 1049 1015 1064 an.
1033 1041 1066 1064 ad
1079 1040 1219 1072 imperium
1236 1040 1328 1063 Cathni
1345 1047 1404 1062 cum
1419 1041 1449 1062 60
1463 1040 1516 1062 fere
1534 1038 1662 1063 fratribus
1676 1038 1773 1062 missus
1789 1042 1829 1062 est
1840 1040 1951 1070 (Chron.
1968 1038 2074 1063 XXIV
2082 1039 2216 1070 yeneral„
2234 1039 2299 1063 Cod.

431 1085 523 1115 Assis„
549 1086 594 1109 fol.
617 1085 691 1113 173b;
714 1085 851 1110 Analecta
868 1085 1022 1114 Francisc„
1043 1085 1075 1114 11,
1096 1085 1159 1114 2011).
1181 1084 1314 1108 Guillelmi
1338 1085 1428 1113 frater,
1447 1084 1531 1107 Adam
1551 1083 1582 1106 de
1598 1083 1837 1112 Domno-Martino,
1854 1083 1903 1106 fuit
1924 1082 2003 1106 etiam
2018 1091 2089 1114 mag.
2113 1083 2192 1107 theol.
2215 1083 2299 1109 Parin.

430 1129 493 1159 (vid.
507 1130 540 1152 ad
553 1138 594 1153 an.
613 1130 684 1158 1375,
698 1130 768 1160 Sept.
789 1129 875 1152 1-Dec.
892 1130 942 1159 31),
958 1137 1000 1153 an.
1017 1129 1086 1157 1384,
1100 1129 1154 1152 Jul.
1168 1129 1207 1157 20,
1223 1129 1307 1152 suctus
1323 1128 1404 1159 episc.
1419 1127 1574 1159 Eugubinus
1587 1128 1660 1159 (Reg.
1674 1129 1754 1151 Aven.
1772 1127 1853 1151 Clem.
1869 1127 1925 1157 VII,
1939 1127 1992 1151 vol.
2005 1128 2094 1158 xxm,
2109 1128 2126 1151 f.
2142 1128 2209 1158 1143).
2223 1128 2299 1152 Pax-i-

431 1174 478 1197 siis
491 1173 517 1196 in
530 1174 607 1197 domo
621 1173 682 1197 Min.
695 1176 723 1196 ut
735 1173 876 1205 episcopus
891 1173 1009 1196 eamdem
1021 1181 1152 1196 cameram
1163 1172 1293 1196 habitavit
1303 1175 1381 1204 atque
1394 1172 1449 1203 ejus
1467 1173 1547 1195 frater
1563 1171 1625 1202 (vid.
1640 1171 1778 1203 Wadffing,
1791 1173 1869 1196 Anu.
1879 1171 1963 1201 Min„
1975 1172 2016 1201 lx,
2030 1172 2098 1203 410).
2110 1186 2141 1190 —
2150 1173 2174 1196 2.
2187 1172 2300 1197 Additur

431 1226 443 1238 a
457 1218 639 1242 cantuariens.
656 1217 724 1241 dioc.
741 1227 763 1246 υ,
777 1218 834 1241 loco
851 1226 862 1240 t(
876 1217 1052 1241 Lincolniens.
1069 1226 1092 1241 ι).

435 1357 576 1394 1288.
598 1366 743 1392 Iohannes
758 1366 793 1392 de
808 1365 908 1392 Calore
922 1366 1065 1402 quasdam
1078 1366 1290 1402 propositiones
1303 1375 1322 1391 a
1335 1374 1366 1391 se
1382 1366 1549 1391 enuntiatas
1565 1364 1701 1401 explicat.

1730 1435 1809 1464 1363.
1824 1435 1938 1461 Parisiis.

520 1519 721 1563 Antequam
743 1518 961 1551 descendam
987 1518 1030 1551 ad
1059 1518 1330 1559 conclusiones,
1361 1517 1476 1551 habeo
1506 1518 1626 1562 aliqua
1654 1518 1790 1551 dicere.
1814 1518 1905 1560 Quia
1935 1518 1973 1551 in
2003 1518 2120 1564 primo
2147 1518 2299 1552 articulo

431 1596 591 1617 mearum
621 1585 868 1630 vesperiarum
898 1585 1005 1629 posui
1035 1584 1124 1617 duas
1154 1584 1438 1629 propositiones,
1468 1596 1573 1617 unam
1605 1584 1758 1626 scilicet,
1789 1584 1885 1629 quod
1917 1596 2081 1619 summus
2111 1585 2300 1631 legislator

432 1652 530 1684 Deus
560 1651 638 1696 ipse
666 1651 800 1696 dignus
830 1658 886 1684 est
919 1651 1070 1684 infinitis
1104 1651 1402 1696 perfectionibus,
1431 1663 1520 1696 quas
1547 1663 1614 1684 nec
1643 1650 1768 1692 habet,
1800 1663 1866 1684 nec
1897 1651 2039 1693 habuit,
2069 1664 2136 1685 nec
2165 1651 2299 1686 habere

432 1723 576 1762 potest:
595 1729 690 1750 nunc
708 1717 788 1750 dico
806 1718 903 1762 quod
925 1718 992 1750 ista
1013 1717 1214 1762 propositio
1236 1717 1328 1750 male
1349 1724 1469 1759 sonat,
1492 1729 1611 1763 ymmo
1633 1725 1762 1766 reputo
1779 1730 1856 1751 eam
1874 1729 1957 1751 esse
1977 1718 2103 1752 falsam
2124 1718 2161 1752 in
2186 1730 2300 1753 sensu

432 1783 663 1828 cathegorico
685 1795 791 1828 quem
812 1784 912 1825 facit,
935 1795 1001 1816 nec
1022 1784 1059 1816 in
1080 1784 1149 1816 isto
1171 1795 1282 1816 sensu
1304 1783 1466 1816 intellexi
1487 1796 1577 1825 eam,
1604 1784 1669 1817 sed
1690 1785 1727 1817 in
1754 1796 1865 1818 sensu
1891 1784 2136 1830 hypothetico,
2159 1785 2301 1819 scilicet

433 1849 531 1893 quod
552 1849 582 1882 si
604 1856 728 1882 essent
747 1849 886 1882 infinite
908 1849 1150 1894 perfectiones
1171 1849 1437 1894 imaginabiles,
1456 1862 1545 1895 quas
1566 1851 1664 1883 Deus
1686 1862 1759 1883 non
1778 1850 1898 1893 habet,
1917 1850 2033 1884 adhuc
2050 1857 2149 1884 esset
2163 1851 2298 1897 dignus

432 1914 506 1948 illis
527 1915 825 1960 perfectionibus.

522 1981 658 2014 Eodem
686 1981 794 2014 modo
823 1982 867 2014 de
897 1982 1056 2015 secunda
1086 1982 1350 2027 propositione,
1383 1982 1523 2016 scilicet
1551 1983 1649 2028 quod
1679 1983 1820 2017 infinite
1849 1984 2093 2029 perfectiones
2123 1984 2232 2018 simul
2260 1984 2298 2018 in

432 2047 654 2092 legislatoris
675 2048 833 2081 essentia
854 2055 939 2081 sunt
958 2049 1135 2093 dignitas¹
1158 2049 1202 2081 ad
1223 2049 1382 2082 infinitas
1403 2049 1505 2082 alias.

523 2115 610 2146 Item
642 2114 725 2159 quia
755 2126 798 2147 ex
831 2115 991 2159 predicta
1021 2116 1134 2160 prima
1169 2116 1419 2160 propositione
1450 2116 1556 2149 intuli
1590 2117 1689 2150 istud
1722 2117 1967 2159 corellarium,
1996 2117 2168 2151 videlicet
2199 2118 2297 2163 quod

432 2180 570 2212 dictus²
597 2180 786 2225 legislator
812 2180 1034 2225 dignificavit
1063 2193 1101 2214 se
1129 2182 1166 2214 in
1193 2194 1300 2215 carne
1326 2182 1370 2215 ad
1401 2194 1500 2215 suam
1527 2183 1813 2229 assumptionem
1839 2183 2111 2229 hypostaticam,
2134 2183 2297 2218 intellexi

434 2260 450 2276 «
468 2246 691 2291 dignificavit
711 2260 741 2287 n,
763 2247 800 2279 id
821 2254 876 2280 est
897 2262 912 2278 α
936 2248 1176 2281 manifestavit
1198 2262 1226 2280 ».

522 2311 616 2344 Illud
637 2319 752 2345 autem
770 2313 868 2358 quod
888 2313 980 2346 ultra
1001 2314 1135 2355 addidi,
1154 2314 1325 2347 videlicet
1345 2315 1443 2359 quod
1465 2316 1495 2348 si
1516 2315 1603 2349 alias
1620 2328 1694 2348 non
1714 2316 1846 2349 fuisset
1865 2323 2074 2362 assumptus
2095 2316 2296 2350 secundum

432 2377 627 2419 hominem,
649 2378 782 2423 dignus
804 2386 903 2412 esset
922 2380 1003 2424 qui³
1025 2387 1285 2422 assumeretur,
1310 2381 1428 2425 quod*
1457 2382 1620 2415 intellexi
1641 2389 1677 2416 et
1696 2382 1832 2428 protuli
1854 2389 2021 2428 tanquam
2042 2382 2263 2428 disputabile
2286 2394 2294 2416 :

432 2455 527 2476 nunc
547 2456 633 2477 vero
655 2445 747 2486 dico,
771 2445 868 2490 quod
888 2453 943 2478 est
962 2446 1104 2488 falsum,
1128 2453 1163 2479 et
1183 2459 1255 2479 non
1276 2454 1332 2480 est
1352 2447 1586 2493 disputabile.

520 2511 607 2543 Item
626 2511 707 2555 quia
728 2512 833 2555 posui
854 2512 891 2544 in
911 2516 1014 2553 [m]ea
1030 2513 1266 2546 conclusione
1284 2513 1386 2546 tercii
1407 2514 1562 2556 articuli,
1580 2515 1678 2560 quod
1699 2514 1878 2548 subducta
1894 2515 2123 2561 prerogativa
2139 2515 2296 2561 disparis

432 2576 653 2621 acceptionis
674 2577 834 2610 veritatis
856 2577 923 2610 sub
949 2578 1103 2611 falsitate
1125 2586 1248 2620 staret,
1271 2586 1310 2612 ut
1328 2591 1438 2613 verus
1465 2580 1583 2613 cultor
1604 2593 1678 2614 non
1707 2581 1877 2626 amplius,
1904 2593 2009 2627 quam
2038 2581 2153 2615 falsus
2183 2593 2297 2615 mere-

430 2649 542 2684 retur,
564 2649 599 2675 et
623 2643 726 2675 istam
752 2643 889 2688 pluries
910 2644 1035 2678 iteravi
1059 2657 1065 2677 :
1089 2645 1169 2678 dico
1198 2646 1295 2690 quod
1324 2646 1415 2679 male
1445 2653 1561 2689 sonat,
1589 2647 1672 2692 quia
1690 2647 1856 2692 procedit
1881 2659 1925 2681 ex
1949 2659 2019 2681 una
2041 2648 2295 2693 suppositione

429 2708 660 2753 impossibili,
683 2720 752 2753 que
773 2709 955 2754 aliquibus
976 2718 1101 2755 posset
1119 2723 1292 2756 apparere
1314 2712 1503 2757 possibilis
1524 2725 1619 2747 esse.

521 2804 589 2828 Bibl.
609 2806 740 2837 Amplon„
756 2805 782 2829 in
804 2806 912 2836 Quarto,
928 2811 957 2830 n⁰
974 2808 1028 2837 151,
1046 2809 1090 2831 fol.
1106 2809 1145 2837 9¹³,
1168 2809 1218 2832 sub
1240 2810 1347 2833 rubrica
1363 2818 1368 2833 ’.
1387 2819 1398 2833 (ι
1415 2810 1555 2835 Revocatio
1576 2819 1647 2842 mag.
1666 2811 1794 2835 johannis
1813 2811 1844 2834 de
1869 2811 1962 2835 Calore
1985 2810 2104 2834 Pan-isius
2128 2818 2171 2834 an.
2190 2809 2294 2834 Domini

428 2848 522 2875 milles.
538 2852 644 2872 trecent.
661 2850 824 2881 sexagesimo
838 2850 936 2883 [tertio]
950 2861 972 2875 n.
989 2866 1020 2869 —
1039 2853 1076 2875 Ad
1089 2853 1187 2876 calcem
1203 2853 1327 2879 Sentent.
1344 2854 1413 2878 Petri
1429 2855 1580 2885 Lomburdi,
1593 2864 1618 2879 v-
1634 2863 1657 2880 e,
1673 2863 1716 2879 an.
1733 2855 1807 2883 1516;
1823 2855 1850 2878 in
1864 2854 1936 2880 Bibl.
1954 2862 2031 2879 mam.
2048 2858 2118 2885 pat„
2136 2855 2222 2883 XXVI,
2238 2855 2294 2884 448,
