2488 3386
171 350 266 386 1379]
587 362 631 383 ΑΒ
666 362 771 383 ANNO
806 361 937 383 MCCCL
967 361 1099 389 USQUE
1134 362 1181 383 An
1218 362 1483 384 RENEnic'rUM
1518 364 1608 385 xm.
1964 356 2025 388 267

256 437 376 463 Ricardo
393 437 428 462 de
442 437 630 470 Fourmigny,
646 436 750 469 presb..
768 444 845 469 mag.
863 436 893 461 in
909 437 974 464 art..
991 436 1133 462 Baiocens.
1151 436 1236 464 dioc„
1254 436 1305 469 qui
1328 444 1378 469 per
1393 437 1526 470 quinque
1541 446 1632 463 annos
1649 438 1762 464 studuit
1779 439 1808 464 in
1825 440 1890 472 jure
1906 448 1967 465 can.
1985 440 2027 474 [de

166 494 228 512 can.
243 486 310 512 eccl.
328 484 516 520 Abrincens.].

255 534 379 560 Roberto
395 534 553 568 Bosqmerii,
571 534 676 567 presb..
693 542 768 566 mag.
786 534 816 559 in
831 535 897 562 art„
915 533 1011 559 licent.
1029 533 1059 558 in
1076 534 1129 566 leg.
1145 535 1173 559 et
1188 533 1248 559 bac.
1264 534 1294 559 in
1309 534 1386 561 decr.
1403 533 1448 568 [de
1463 543 1525 559 ean.
1540 535 1606 560 eccl.
1626 535 1818 570 llossmmagl.

255 584 338 610 Petro
354 584 438 613 Luce,
456 583 561 616 presb..
576 591 653 616 mag.
670 583 701 608 in
719 584 772 608 art.
790 584 818 608 et
839 582 870 607 in
888 584 1014 615 utroque
1031 582 1097 615 jure
1116 582 1210 615 rigore
1225 582 1365 608 examinis
1385 583 1490 608 scilicet
1505 583 1666 609 Aurelianis
1681 584 1711 609 in
1726 585 1790 613 civ..
1812 587 1840 610 et
1862 586 1982 611 Parisius
1997 587 2025 612 in

165 632 241 659 decr.
257 632 353 658 licent.
694 664 700 670 ⁴

254 681 409 714 Radulpho
422 681 538 710 Boutin,
554 681 693 710 subdiac..
710 688 787 713 mag.
804 680 835 705 in
850 681 916 709 art.‚
933 680 1119 712 Rothomag.,
1137 679 1197 705 bac.
1213 680 1244 705 in
1259 680 1313 712 leg.
1333 679 1378 713 [de
1392 688 1455 706 can.
1472 681 1539 706 eccl.
1558 680 1743 715 Lexoviens.].

254 730 381 756 Johanni
397 728 522 759 Dandre.
539 737 616 762 mag.
634 730 663 755 in
679 731 732 755 art.
748 730 776 755 et
791 729 852 755 bac.
867 729 897 754 in
913 729 988 755 decr.

256 779 379 805 Roberto
391 779 427 805 de
442 779 592 812 Espalone,
609 779 714 812 presb,
732 786 809 811 mag.
826 779 857 804 in
872 780 937 807 art.,
952 786 1014 804 can.
1036 778 1129 810 regul.
1146 778 1176 803 in
1192 777 1258 803 eccl.
1281 777 1419 810 Sagiens..
1434 778 1502 804 Ord.
1524 779 1549 803 S.
1571 778 1655 810 Aug..
1672 778 1871 805 elemosinario
1886 780 2025 813 ejusdem.

255 828 338 854 Petro
351 828 450 857 Canal,
465 828 558 861 presb.
573 828 746 861 Rothomag.
763 828 849 857 dioc„
867 835 943 860 mag.
958 827 989 852 in
1004 829 1057 852 art.
1073 826 1117 861 [de
1130 835 1192 852 can.
1209 827 1276 852 eccl.
1292 826 1459 862 Baiocens.].

253 876 373 903 Ricardo
389 876 502 906 Salvast,
519 877 591 902 diac.
609 877 776 902 Abrincens.
794 876 879 906 dioc.‚
896 884 973 908 mag.
991 876 1020 901 in
1036 877 1101 904 art..
1119 876 1215 901 licent.
1237 875 1267 900 in
1289 875 1342 908 leg.
1361 876 1455 908 rigore
1474 876 1614 901 examinis
1635 876 1679 910 [de
1694 884 1756 902 can.
1773 877 1840 903 eccl.
1859 877 1932 903 beati
1953 879 2027 903 Mar-

165 925 218 951 tini
233 925 414 960 Turonens.].

254 974 373 1000 Ricardo
388 974 423 1000 de
436 975 521 1003 Mota,
536 975 602 1000 cler.
620 975 793 1006 Bothomag.
808 974 894 1003 dioc..
911 982 988 1006 mag.
1005 974 1034 999 in
1050 975 1115 1001 art..
1133 974 1193 999 bac.
1211 974 1241 999 in
1253 974 1319 1006 jure
1332 973 1383 999 civ.

253 1023 379 1048 Johanni
395 1023 558 1052 Godesredi,
575 1024 640 1049 cler.
657 1023 801 1049 Baiocens.
817 1023 903 1052 dioe.‚
920 1031 996 1055 mag.
1014 1023 1043 1048 in
1059 1024 1112 1048 art.
1130 1024 1158 1048 et
1173 1022 1233 1048 bac.
1251 1023 1281 1047 in
1294 1022 1370 1048 decr.

253 1072 380 1098 Johanni
395 1072 501 1101 Gareti,
517 1072 582 1097 cler.
600 1073 774 1105 Bothomag.
790 1072 875 1101 dioc..
893 1079 970 1105 mag.
987 1072 1017 1097 in
1031 1073 1096 1100 art..
1114 1071 1164 1104 qui
1181 1079 1231 1104 per
1246 1071 1400 1097 biennium
1414 1071 1575 1097 Aurelianis
1587 1071 1654 1104 jura
1669 1071 1720 1097 ciV.
1738 1072 1857 1098 audivit.

253 1121 407 1154 Radulpho
420 1121 537 1150 Auberi.
553 1121 646 1154 presb.
663 1121 837 1153 Rothomag.
853 1121 938 1150 dioc.‚
956 1128 1033 1153 mag.
1048 1121 1078 1145 in
1094 1122 1146 1145 art.

252 1169 380 1195 Johanni
393 1170 428 1195 de
444 1170 566 1198 Fossato.
582 1170 648 1195 cler.
666 1170 809 1195 Baiocens.
825 1170 911 1198 dioe.,
927 1177 1003 1202 mag.
1018 1169 1049 1194 in
1065 1171 1130 1198 art..
1145 1169 1196 1202 qui
1211 1169 1295 1194 annis
1309 1169 1443 1201 pluribus
1459 1169 1572 1194 studuit
1587 1168 1616 1194 in
1632 1169 1707 1195 med.

254 1218 415 1244 Guillermo
428 1219 563 1248 chemin,
580 1219 646 1244 cler.
668 1219 793 1251 Sagiens.
811 1219 897 1248 dioe,
914 1226 991 1251 mag.
1009 1219 1039 1244 in
1055 1220 1108 1244 art.
1124 1219 1152 1244 et
1168 1218 1227 1243 hac.
1246 1218 1354 1250 injure
1370 1218 1422 1243 civ.

253 1267 373 1293 Ricardo
388 1267 562 1300 Berengarii,
580 1268 646 1293 cler.
665 1268 828 1294 Lexoviens.
845 1268 931 1295 dioc..
948 1275 1023 1300 mag.
1042 1267 1071 1292 in
1087 1269 1141 1292 art.
1158 1268 1186 1293 et
1201 1267 1262 1292 hac.
1280 1267 1310 1292 in
1322 1267 1389 1299 jure
1404 1267 1456 1292 civ.
1472 1267 1618 1293 Aurelian.

252 1316 377 1342 Roberto
392 1316 427 1342 de
443 1316 550 1345 Liveto,
567 1317 634 1342 cler.
651 1317 814 1342 Lexoviens.
831 1316 917 1346 dioc.,
934 1325 1011 1349 nug.
1029 1316 1059 1341 in
1075 1317 1127 1341 art.

252 1365 380 1390 Johanni
396 1365 480 1394 Bassi,
497 1366 563 1391 cler.
582 1366 755 1398 Rothomag.
770 1365 856 1395 dioe.,
874 1373 950 1397 mag.
966 1366 995 1390 in
1011 1366 1065 1390 art.
1083 1366 1110 1390 et
1126 1365 1186 1390 bac.
1203 1365 1234 1389 in
1250 1365 1304 1396 leg.

253 1414 337 1440 Petro
352 1414 453 1443 sselini‚
471 1415 644 1447 Rothomag.
661 1414 747 1444 dioc.‚
763 1422 839 1447 mag.
857 1415 887 1440 in
903 1416 968 1441 art..
986 1414 1052 1440 cler.

253 1463 400 1496 Stephano
412 1463 447 1488 de
461 1463 604 1492 Gardinis,
622 1463 689 1489 cler.
708 1463 850 1489 Baiocens.
869 1463 954 1492 dioc..
974 1471 1048 1496 mag.
1066 1463 1096 1488 in
1109 1464 1162 1488 art.
1179 1464 1207 1488 et
1222 1463 1282 1488 hac.
1297 1462 1326 1487 in
1344 1462 1397 1495 leg.

253 1511 416 1537 Guillermo
431 1511 560 1540 Domini,
576 1512 700 1544 Sagiens.
718 1512 802 1541 dioc.,
819 1520 895 1545 mag.
912 1512 941 1537 in
956 1514 1008 1537 art.
1024 1513 1052 1537 et
1065 1511 1131 1537 scol.
1146 1511 1177 1536 in
1193 1511 1247 1543 leg.
1262 1510 1424 1536 Aurelianis
1436 1510 1465 1535 in
1483 1511 1567 1536 tertio
1581 1518 1627 1536 an.

253 1560 392 1586 Gaut'rido
407 1560 508 1594 Capre,
525 1561 591 1587 cler.
610 1561 735 1593 Sagiens.
750 1561 836 1589 dioc..
852 1569 928 1594 mag.
945 1561 974 1586 in
990 1562 1043 1586 art.

252 1609 409 1642 Reginaldo
421 1609 456 1635 de
469 1609 628 1638 Ambianis.
646 1610 712 1635 cler.
731 1610 905 1642 Rothomag.
922 1610 1008 1638 dioc..
1025 1617 1102 1643 mag.
1120 1609 1149 1634 in
1164 1611 1217 1634 art.
1234 1608 1279 1643 [de
1292 1616 1354 1634 can.
1367 1609 1434 1635 ecel.
1447 1609 1594 1642 collegiale
1610 1609 1635 1635 S.
1649 1610 1786 1635 Germani
1801 1610 2024 1637 Autisiodorens.

164 1657 304 1692 Parisius].

251 1707 363 1733 Thome
378 1707 519 1737 Masnerii‚
534 1707 600 1733 cler.
614 1708 825 1734 Constantiens.
843 1708 928 1735 dioc..
944 1715 1020 1740 mag.
1038 1708 1068 1733 in
1084 1709 1137 1733 art.
1153 1709 1181 1733 et
1194 1707 1254 1733 bac.
1274 1707 1302 1732 in
1319 1707 1394 1732 decr.

252 1756 381 1782 Michaeli
397 1756 521 1786 11enrici,
539 1757 631 1790 presb.
647 1757 682 1782 de
698 1757 849 1790 Ehroycys,
865 1765 941 1790 mag.
959 1757 989 1782 in
1004 1758 1057 1782 art.
1074 1756 1117 1791 [de
1132 1764 1195 1782 ean.
1211 1756 1278 1782 ecel.
1297 1756 1459 1781 Lexoviens.
1477 1776 1480 1780 .

251 1805 377 1830 Johanni
393 1805 497 1834 Maleti.
515 1806 694 1832 Lexoviensis
708 1806 794 1833 dioc..
812 1814 888 1839 mag.
905 1806 935 1831 in
951 1807 1004 1831 art.

253 1854 335 1880 Petro
351 1854 485 1886 Magistri,
500 1854 566 1880 cler.
584 1854 746 1880 Ebroicens.
764 1855 850 1884 dioc..
868 1863 945 1887 mag.
963 1855 992 1880 in
1006 1856 1059 1880 art.

251 1902 378 1928 Johanni
393 1903 428 1928 de
443 1903 557 1932 Alneto,
574 1903 640 1929 cler.
659 1904 834 1932 Lexoviens..
852 1912 928 1936 mag.
946 1904 975 1929 in
990 1905 1044 1929 art.

251 1951 367 1977 Galtero
381 1952 538 1985 Arnulphi.
553 1953 621 1978 cler.
639 1953 813 1986 Rothomag.
829 1953 915 1982 dioc..
932 1961 1009 1985 mag.
1025 1953 1055 1978 in
1070 1954 1123 1978 art.

252 2000 414 2027 Guillermo
429 2001 548 2029 Asselin.
563 2001 629 2027 cler.
647 2002 822 2034 Rothomag.
839 2002 925 2031 dioc.‚
942 2009 1019 2035 mag.
1037 2002 1067 2027 in
1083 2003 1136 2027 art.

250 2049 378 2075 Johanni
394 2050 512 2078 Ferrati.
527 2050 593 2076 cler.
611 2050 646 2076 de
661 2051 854 2084 Rothomago.
873 2059 949 2083 mag.
967 2051 997 2076 in
1013 2052 1066 2076 art.
1085 2052 1112 2076 et
1127 2050 1204 2075 stud.
1222 2050 1251 2074 in
1268 2050 1321 2081 leg.
1339 2050 1367 2074 in
1384 2051 1489 2083 quarto
1502 2058 1548 2075 an.

250 2098 362 2124 Nicolao
377 2099 538 2127 Trousselli.
554 2100 618 2125 cler.
637 2100 810 2132 Rothomag.
825 2100 911 2128 dioc..
926 2108 1003 2132 mag.
1021 2102 1087 2125 actu
1103 2107 1161 2132 reg.
1180 2098 1300 2124 Pan-isius
1313 2107 1344 2123 ae
1359 2099 1435 2123 stud.
1454 2099 1483 2123 in
1500 2099 1587 2124 theol.
1607 2099 1634 2124 in
1652 2099 1777 2124 secundo
1792 2107 1837 2124 an.

250 2147 386 2180 Dyonisio
401 2147 515 2177 Villani,
534 2148 626 2181 presb.
641 2149 676 2174 de
692 2149 884 2181 Rothomago‚
900 2157 975 2181 mag.
994 2149 1022 2174 in
1037 2150 1102 2178 art„
1120 2148 1216 2173 licent.
1236 2147 1264 2172 in
1280 2149 1406 2180 utroque
1419 2147 1494 2179 jure.

248 2196 375 2221 Johanni
391 2196 476 2225 Baril.
498 2204 574 2229 mag.
595 2197 626 2222 in
648 2199 713 2225 art..
737 2198 797 2223 bac.
816 2198 845 2223 in
862 2198 962 2226 theol..
980 2198 1153 2230 Rothomag.
1171 2197 1257 2222 dioc..
1274 2204 1337 2221 can.
1356 2196 1531 2229 prebendato
1548 2196 1577 2221 in
1593 2197 1659 2222 eccl.
1677 2197 1824 2229 collegiata
1842 2197 1867 2222 S.
1886 2197 2023 2230 Stephani

159 2244 195 2270 de
209 2244 347 2271 Greeihus
363 2245 447 2270 Paris.
466 2244 509 2280 [de
525 2253 587 2271 can.
605 2247 671 2272 eccl.
690 2246 855 2281 Baiocens.].

248 2293 401 2319 Edouardo
425 2294 461 2320 de
481 2294 585 2320 Sancto
601 2295 734 2324 Martino,
750 2296 842 2329 presb.
858 2297 1032 2328 Rothmnag.
1054 2295 1140 2324 dior..
1161 2303 1236 2327 mag.
1253 2295 1281 2319 in
1298 2296 1363 2323 art.¹
1383 2294 1417 2319 (le
1438 2302 1542 2325 genere
1566 2294 1683 2319 militari
1703 2303 1736 2320 ex
1758 2296 1883 2328 utroque
1906 2297 2024 2328 parente

161 2344 318 2375 procreato,
335 2343 387 2376 qui
403 2351 454 2376 per
466 2345 530 2369 octo
545 2351 637 2369 annos
656 2346 684 2370 et
702 2344 780 2370 ultra
796 2346 855 2370 tani
871 2345 991 2370 Pnrisius
1004 2352 1094 2377 quain
1108 2343 1268 2370 Aurelianis
1285 2344 1313 2368 iu
1326 2344 1392 2376 jure
1406 2351 1468 2368 can.
1483 2345 1511 2368 et
1526 2343 1578 2368 civ.
1592 2343 1705 2368 studuit
1718 2345 1746 2369 et
1763 2351 1842 2369 nunc
1858 2344 1978 2369 Parisius
1994 2345 2022 2369 in

161 2391 211 2417 fae.
227 2391 315 2417 theol.
333 2392 430 2418 studet
445 2400 476 2418 ac
491 2393 605 2418 studuit
620 2401 670 2426 per
686 2395 813 2427 quatuor
828 2401 920 2420 annos
935 2393 980 2428 [de
993 2402 1055 2419 ean.
1073 2393 1139 2419 eccl.
1158 2391 1352 2426 Rotlioinag.].

249 2440 385 2473 Dyonisio
399 2441 509 2470 Clerici.
525 2442 617 2474 presb.
636 2443 809 2475 Rothomag.
827 2443 912 2472 dioc..
930 2451 1005 2476 mag.
1023 2443 1053 2468 in
1069 2444 1134 2470 art..
1152 2442 1217 2467 scol.
1236 2449 1284 2474 per
1299 2449 1345 2466 sex
1360 2448 1451 2465 annos
1466 2441 1495 2465 in
1510 2441 1598 2466 theol.
1617 2441 1701 2466 Paris.

248 2489 410 2515 Guillermo
425 2490 460 2516 de
476 2490 598 2519 Fossato.
616 2491 721 2523 presb..
739 2499 816 2524 mag.
834 2492 864 2517 in
879 2494 945 2519 art..
960 2492 1025 2517 scol.
1043 2491 1163 2516 Parisius
1179 2491 1208 2515 in
1226 2490 1325 2518 theol..
1343 2490 1514 2521 liothomag.
1532 2489 1604 2514 dioc.

247 2538 374 2564 Johanni
390 2538 482 2571 Nigre.
500 2539 663 2566 Lexoviens.
686 2540 759 2566 dioc.
781 2541 886 2573 presb..
912 2549 988 2573 mag.
1013 2541 1042 2566 in
1064 2541 1130 2568 art..
1153 2539 1203 2572 qni
1229 2547 1278 2572 per
1302 2539 1397 2571 plures
1417 2546 1509 2563 annos
1531 2538 1643 2563 studuit
1663 2538 1692 2563 in
1710 2539 1776 2571 jure
1795 2547 1857 2565 can.
1879 2541 1907 2565 et
1926 2540 2021 2566 adhuc

159 2586 256 2612 studet
271 2586 315 2621 [de
327 2595 389 2613 can.
405 2588 472 2613 eccl.
489 2588 673 2623 Lexoviens.].

248 2636 371 2661 Roberto
385 2636 421 2662 de
437 2637 576 2669 Buyvilla,
594 2638 699 2671 presb,
718 2647 793 2670 mag.
811 2639 840 2664 in
854 2640 919 2665 art..
938 2639 1003 2664 scol.
1022 2639 1052 2664 in
1064 2639 1130 2671 jure
1145 2646 1207 2663 can.
1226 2637 1254 2662 in
1269 2637 1353 2662 tertio
1368 2644 1414 2661 an.
1433 2644 1482 2661 sue
1497 2636 1663 2664 auditionis,
1680 2636 1851 2669 Rothomag⁴
1869 2637 1941 2662 dioc.

248 2684 374 2710 Johanni
390 2686 579 2719 Maquignou.
595 2687 660 2713 cler.
680 2688 804 2720 Sagiens.
822 2688 907 2715 dioc..
924 2696 1000 2720 mag.
1019 2688 1047 2713 in
1062 2689 1127 2713 art..
1143 2686 1218 2712 stud.
1238 2686 1266 2711 in
1282 2686 1358 2711 decr.
1377 2685 1406 2710 in
1423 2685 1507 2710 tertio
1522 2693 1568 2709 an.

248 2733 374 2759 Johanni
388 2734 529 2764 Housseti,
546 2735 625 2768 dyae.
644 2737 817 2769 Rotliomag.
835 2737 920 2764 dioc..
939 2745 1015 2770 mag.
1034 2737 1063 2761 in
1079 2738 1132 2761 art.

250 2782 362 2808 Matheo
377 2783 493 2811 Canuti.
510 2784 576 2810 cler.
593 2784 629 2810 (le
646 2785 838 2818 Rothoniago.
857 2794 932 2818 mag.
951 2785 981 2811 in
997 2787 1049 2810 art.

249 2831 388 2856 Gaut'rido
401 2831 436 2857 de
451 2832 623 2861 Mantelone.
640 2833 706 2859 cler.
725 2834 887 2859 Ebroieens.
902 2834 987 2862 dioc„
1006 2841 1081 2866 mag.
1098 2833 1126 2858 in
1141 2835 1194 2858 art.
1211 2831 1254 2866 [de
1270 2840 1331 2857 can.
1350 2831 1416 2856 eccl.
1435 2829 1616 2862 Ebroicens.1.

250 2879 361 2905 Nicolao
376 2880 530 2910 Crasnouc,
548 2882 641 2914 presb.
660 2883 833 2915 Rollioniag.
853 2883 938 2911 dioc„
964 2890 1040 2915 mag.
1063 2882 1093 2907 in
1116 2883 1169 2906 art.
1188 2880 1231 2915 [de
1251 2889 1313 2905 can.
1333 2880 1399 2905 eccl.
1417 2879 1516 2910 colleg.
1535 2879 1560 2903 S.
1581 2878 1692 2903 Martini
1707 2878 1743 2904 de
1758 2878 1896 2911 Campell.
1914 2880 1941 2905 in
1961 2881 2021 2906 Bria

162 2927 307 2954 Parisiens.
325 2928 419 2963 dioc.].
