2488 3386
1041 336 1209 358 TABULA.

1990 328 2054 361 673

189 455 249 477 1236

188 512 248 535 1237

188 613 249 637 1238

187 715 263 739 1238“

189 861 249 885 1239

189 1008 250 1031 1240

190 1110 248 1133 1241

189 1212 250 1235 1242

189 1314 250 1337 1243

190 1416 250 1439 1244

191 1563 252 1586 1245

191 1666 252 1688 1246

191 1768 251 1791 1247

193 1915 253 1937 1248

192 2017 271 2040 1248ss

194 2121 255 2144 1249

192 2223 253 2246 1250

193 2326 251 2349 1251

193 2433 253 2456 1252

194 2539 254 2562 1253

194 2646 254 2669 1254

197 2753 254 2776 1255

195 2814 256 2837 1256

333 454 399 479 1357

333 613 401 639 1358

338 2224 405 2249 1360

336 2325 401 2350 1361

298 2432 443 2457 1360-1361

338 2538 402 2563 1361

471 454 621 477 Decembris
638 456 666 477 23
705 454 842 477 Decretum
857 454 990 477 facultatis
1006 454 1150 477 medicinae
1165 454 1196 477 de
1211 454 1288 476 modo
1304 454 1417 485 eligendi
1433 455 1560 478 decanum
1574 458 1599 478 et
1613 455 1802 478 examinatores
1806 473 1963 479 .......

465 529 673 537 .........
704 512 858 534 Juramenta
871 514 897 534 et
909 514 1007 534 statuta
1020 514 1145 534 consueta
1158 511 1183 534 in
1197 511 1287 542 parvis
1301 512 1398 534 scholis
1413 513 1652 542 granuuatiealiuiu
1665 513 1751 540 villae,
1764 513 1887 541 civitatis,
1904 513 1963 536 Uni-

543 863 619 885 —18

518 1009 582 1033 Julii
598 1010 626 1032 12

495 1112 606 1142 Augusti
624 1112 652 1134 13

468 1419 631 1450 Septembris
650 1420 679 1441 22

490 1565 611 1589 Octobris
628 1566 655 1588 31

504 1667 647 1691 Februario

524 1770 617 1793 Martio

519 1917 583 1940 Julii
599 1917 625 1940 21

500 2019 610 2050 Augusti
622 2020 650 2042 28

484 2121 639 2145 Novembris
655 2122 669 2144 4

537 2223 615 2246 Junio

487 2325 622 2348 Februarii
638 2326 666 2348 12

512 2431 598 2454 Martii
616 2432 643 2454 7-

486 2463 621 2485 Februarii
637 2463 665 2485 27

504 2538 646 2561 Februario

515 2644 612 2676 Aprilis
627 2646 642 2667 6

510 2750 597 2773 Martii
613 2751 652 2773 19-

517 2782 589 2805 Juuii
608 2783 636 2804 13

472 2813 635 2844 Septembris
654 2814 684 2836 25

735 555 869 578 versitatis
885 560 909 578 et
927 555 1116 578 suburbiorum
1129 564 1159 578 ae
1174 555 1317 578 banleucae
1334 556 1489 579 Parisiensis
1494 574 1963 580 ...................

705 613 825 641 Carolus,
841 613 893 635 dux
906 612 1088 640 Normanniae,
1103 613 1230 638 concedit,
1245 616 1273 635 ut
1287 613 1360 635 vicus
1377 613 1537 636 Stramiuum
1552 617 1625 637 nocte
1638 615 1784 642 claudatur,
1799 623 1830 637 ne
1844 614 1964 645 magistri

736 660 761 680 et
776 657 909 680 scholares
925 657 956 680 de
972 665 1048 680 mane
1063 657 1195 680 venientes
1211 657 1308 680 ibidem
1325 658 1466 688 spurcitias
1482 658 1616 681 inveniant
1624 676 1963 682 ..............

706 715 871 737 Innocentius
889 715 920 737 VI
937 714 1058 744 (Johanni
1080 715 1111 738 de
1130 715 1232 744 Aciaeo)
1253 715 1410 738 cancellario
1433 715 1516 738 Paris.
1534 716 1653 746 injungit,
1670 720 1697 739 ut
1715 717 1818 739 Petrum
1844 717 1963 739 abbatem

736 759 888 781 monasterii
914 759 1106 789 Fontisfrigidi,
1126 759 1234 782 Cisterc.
1256 759 1329 787 Ord.,
1349 759 1511 783 Narbonens.
1534 760 1627 787 dioec.‚
1649 760 1728 783 theol.
1751 760 1850 783 baccal.
1872 761 1964 789 Paris„

737 803 848 826 servatis
863 803 1000 826 servandis
1014 804 1047 826 ad
1064 803 1244 834 magisterium
1261 807 1413 834 promoveat
1417 821 1964 828 ......................

707 861 872 883 Innocentius
885 861 917 883 VI
931 861 1025 884 rectori
1044 864 1069 884 et
1086 861 1257 884 Universitati
1276 861 1370 888 Paris„
1389 864 1416 884 ut
1432 861 1594 892 Stephanum
1610 862 1726 884 Marcelli
1743 862 1774 884 ad
1791 862 1965 885 obedientiam

737 905 871 933 reducant,
886 909 910 928 et
923 905 1017 936 legatis
1036 905 1189 936 apostolicis
1205 906 1238 928 ad
1255 906 1421 928 tractandum
1439 906 1469 928 de
1487 914 1550 936 pace
1565 906 1631 929 iuter
1649 907 1739 929 ducem
1756 906 1930 929 Normanniae
1943 910 1967 929 et

738 950 828 972 villam
842 950 1016 973 Parisieusem
1032 950 1159 973 assistant
1161 967 1964 975 ................................

707 1007 899 1030 Coneordatum
920 1008 988 1030 inter
1005 1007 1123 1030 nationes
1143 1007 1306 1030 Picardicam
1329 1011 1353 1030 et
1375 1008 1546 1038 Anglicauam
1564 1008 1595 1031 de
1615 1008 1711 1031 finibus
1728 1008 1925 1039 provinciarum
1943 1012 1968 1031 et

738 1052 855 1075 locorum
870 1069 1706 1076 .................................
1718 1077 1722 1079 ,
1727 1070 1965 1076 ..........

707 1109 850 1140 Gregorius
873 1110 1055 1138 Ariminensis,
1076 1110 1149 1141 prior
1168 1110 1299 1141 glneralis
1318 1110 1380 1133 Ord.
1402 1110 1487 1133 Erem.
1509 1111 1534 1132 S.
1558 1112 1635 1140 Aug„
1659 1111 1691 1133 ad
1714 1112 1806 1133 fratres
1821 1110 1884 1134 Ord.
1905 1119 1967 1133 eon-

738 1158 830 1177 ventus
844 1154 938 1183 Paris„
954 1155 985 1177 de
999 1154 1147 1177 inordinata
1162 1154 1326 1185 promotione
1341 1155 1466 1177 lectorum
1471 1171 1966 1178 ....................

708 1212 874 1235 Innocentius
890 1213 923 1235 VI
942 1212 1061 1235 concedit
1080 1216 1109 1235 ut
1130 1212 1169 1235 illi
1192 1212 1236 1243 qui
1255 1212 1314 1243 jure
1333 1212 1489 1242 prohibente
1511 1213 1582 1242 leges
1607 1212 1698 1235 audire
1721 1212 1895 1243 nequiverint,
1917 1221 1967 1235 uon

738 1256 858 1279 obstante
872 1260 970 1279 statuto
984 1256 1104 1280 Univers.
1122 1256 1215 1285 Paris„
1232 1256 1256 1278 in
1275 1256 1397 1279 facultate
1412 1257 1575 1279 decretorum
1589 1256 1671 1279 Paris.
1685 1257 1816 1279 ‹loctorari
1831 1257 1942 1288 possint.
1961 1274 1967 1280 .

709 1314 874 1337 Innocentius
895 1315 927 1337 Vl
947 1314 1105 1337 cancellario
1125 1314 1219 1342 Paris„
1237 1317 1264 1337 ut
1278 1314 1415 1337 Fraueiseo
1433 1314 1464 1336 de
1485 1314 1656 1339 CardalhacO.
1673 1314 1736 1338 Ord.
1753 1315 1825 1343 Min„
1845 1315 1969 1345 magiste—

740 1358 807 1381 rium
824 1358 849 1381 iu
865 1358 945 1382 theol.
962 1359 1060 1381 tribuat
1063 1376 1966 1382 ....................................

709 1416 874 1439 Innocentius
901 1417 932 1439 VI
958 1416 1115 1439 cancellario
1144 1416 1294 1445 Parisiensi,
1321 1419 1348 1438 ut
1372 1416 1553 1447 Raymundum
1583 1415 1623 1444 (de
1648 1416 1819 1447 Rampagiis),
1847 1417 1967 1439 abbatem

739 1461 911 1484 Claraevallis
937 1461 1046 1484 Cisterc.
1070 1461 1143 1484 Ord.,
1166 1461 1305 1483 Mediolon.
1323 1460 1414 1486 dioec..
1439 1460 1471 1483 ad
1494 1460 1675 1490 magisterium
1700 1460 1725 1482 iu
1748 1460 1880 1491 theologia
1905 1469 1967 1491 pro-

740 1508 844 1528 moveat
859 1522 1968 1530 ............................................

709 1563 875 1585 Innocentius
892 1564 922 1586 VI
940 1563 1097 1586 cancellario
1118 1563 1214 1586 Paris..
1235 1566 1263 1585 ut
1278 1562 1390 1585 Johunni
1408 1562 1552 1591 Balistarii,
1570 1562 1651 1592 priori
1671 1571 1761 1593 gener.
1781 1562 1812 1586 Ο.
1829 1563 1855 1585 S.
1872 1563 1967 1589 Carni„

741 1607 923 1638 magisterium
941 1607 966 1630 in
981 1607 1060 1630 theol.
1078 1607 1203 1630 concedat
1215 1624 1968 1630 ..............................

709 1665 817 1688 Articuli
836 1665 967 1688 facultatis
982 1665 1129 1695 theologiae
1146 1665 1228 1688 Paris.
1246 1668 1336 1687 contra
1354 1664 1586 1695 praeeminentiam
1607 1664 1715 1687 rectoris
1733 1664 1927 1692 Uuiversitatis‚
1946 1668 1970 1687 et

740 1709 912 1732 assertionem
929 1710 996 1740 quod
1014 1709 1048 1732 sit
1062 1713 1142 1740 caput
1159 1712 1182 1732 et
1198 1709 1320 1740 superior
1335 1708 1519 1732 Universitatis
1524 1725 1968 1732 ..................

709 1768 829 1795 Carolus,
848 1776 957 1798 regnum
974 1776 1076 1798 regens,
1093 1770 1202 1790 renovat
1217 1766 1385 1798 privilegium
1406 1766 1521 1797 Philippi
1541 1767 1573 1789 IV
1590 1766 1658 1796 regis
1674 1767 1831 1789 Francorum
1849 1767 1879 1789 (le
1895 1775 1970 1789 sexa-

740 1811 812 1842 ginta
828 1812 904 1834 libris
921 1812 999 1834 aunui
1019 1812 1135 1834 redditus
1154 1812 1186 1834 ad
1205 1820 1281 1833 usum
1297 1811 1377 1834 trium
1393 1810 1598 1841 capellaniarum
1616 1810 1811 1839 Universitatis‚
1826 1810 1851 1833 iu
1870 1811 1970 1834 Castel-

740 1857 791 1879 leto
808 1856 891 1879 Paris.
907 1856 1076 1887 assignandis
1086 1872 1430 1879 ..............
1449 1874 1453 1876 .
1474 1872 1968 1878 ....................

711 1914 876 1937 Innocentius
900 1915 931 1937 Vl
955 1914 1113 1936 cancellario
1138 1913 1231 1938 Paris..
1256 1917 1282 1935 ut
1307 1913 1445 1942 Badulpho
1468 1913 1498 1935 de
1520 1912 1630 1935 Civitate
1656 1912 1771 1939 (justelli,
1797 1912 1859 1935 Ord.
1885 1913 1969 1936 Erem.

742 1958 767 1981 S.
785 1960 859 1989 Aug„
877 1962 937 1989 post
952 1959 1078 1981 lecturam
1096 1958 1289 1981 Sententiarum
1306 1957 1487 1987 magisterium
1503 1957 1528 1979 in
1545 1957 1623 1979 theol.
1640 1956 1739 1979 tribuat
1742 1974 1968 1980 ..........

711 2016 857 2039 Matthaeus
875 2016 1029 2042 Asculanus.
1046 2016 1120 2047 prior
1135 2015 1266 2046 generalis
1281 2015 1344 2038 Ord.
1361 2015 1469 2037 Eremit.
1485 2015 1510 2037 S.
1528 2015 1604 2044 Auge,
1624 2014 1791 2045 Radulphuru
1810 2015 1841 2037 de
1857 2014 1970 2037 Castello

742 2069 786 2083 seu
803 2061 834 2083 de
847 2060 958 2084 Civitaie
974 2061 1081 2083 Castelli
1098 2060 1178 2083 mittit
1193 2060 1308 2083 Parisios
1326 2059 1359 2081 ad
1375 2059 1520 2081 Seuteutias
1538 2059 1661 2089 legendas
1666 2075 1969 2082 .............

712 2118 878 2141 Innocentius
904 2118 935 2140 Vl
954 2118 1077 2146 (Jolianui
1100 2118 1131 2140 de
1149 2117 1249 2146 Aeiaco)
1269 2116 1426 2139 cancellario
1448 2116 1540 2142 Puris„
1562 2119 1589 2138 ut
1611 2116 1691 2138 Paulo
1711 2116 1742 2138 de
1762 2116 1886 2144 Bononia,
1908 2116 1969 2140 Ord.

743 2163 883 2185 Servorum
900 2163 928 2187 B.
945 2162 1050 2189 Mariae,
1068 2161 1250 2192 magisterium
1263 2161 1287 2183 in
1304 2161 1383 2183 theol.
1400 2160 1499 2183 tribuat
1503 2177 1969 2183 ...................

712 2220 832 2248 Carolus,
849 2221 899 2243 dux
915 2220 1097 2247 Normauuiae,
1115 2227 1223 2250 regnum
1240 2227 1344 2249 regens,
1364 2218 1389 2240 in
1413 2219 1528 2240 favorem
1544 2217 1766 2240 confraternitatis
1787 2217 1970 2248 ehirurgorum

742 2265 791 2288 sub
810 2265 972 2287 invocatione
986 2265 1032 2288 SS.
1049 2264 1157 2287 Cnsmae
1173 2267 1197 2286 et
1213 2262 1331 2286 Damiuni
1346 2278 1970 2286 .........................

711 2323 852 2349 Johannes,
868 2331 912 2345 rex
928 2323 1097 2346 Francorum.
1113 2321 1272 2344 consiliariis
1287 2320 1341 2342 suis
1356 2319 1483 2347 scribens,
1498 2322 1606 2341 renovat
1618 2319 1784 2349 privilegium
1799 2320 1970 2350 exemptionis

742 2367 850 2390 Parisiis
866 2367 1027 2389 studentium
1043 2375 1058 2389 a
1074 2365 1200 2388 subsidiis
1214 2369 1239 2387 et
1255 2364 1467 2395 impositionibus
1481 2363 1680 2394 quibuscunque
1684 2380 1970 2387 ............

710 2430 842 2453 ,Iohannes
859 2429 1009 2456 Blanehart,
1026 2431 1075 2451 art.
1092 2431 1117 2450 et
1133 2427 1226 2450 medic.
1247 2427 1382 2457 magister,
1405 2429 1525 2453 testatur,
1542 2434 1569 2447 se
1590 2425 1720 2456 recepisse
1736 2433 1750 2447 a
1766 2426 1863 2448 decano
1886 2427 1970 2449 farul-

742 2473 802 2496 tatis
819 2473 963 2495 medicinae
977 2472 1069 2502 viginti
1085 2473 1150 2495 duos
1167 2472 1269 2502 regales
1282 2471 1382 2493 ratione
1401 2470 1441 2492 sui
1461 2469 1561 2492 itineris
1578 2469 1610 2491 ad
1628 2469 1727 2492 curiam
1745 2470 1806 2492 Rom
1811 2487 1969 2493 .......

710 2536 852 2563 Johanucs,
869 2543 914 2557 rex
934 2535 1103 2562 Francorumy
1124 2534 1263 2563 collegium
1286 2534 1312 2556 S.
1329 2532 1455 2555 Bernardi
1472 2531 1554 2554 Paris.
1574 2531 1598 2553 iu
1613 2539 1660 2553 sua
1678 2534 1702 2554 et
1718 2540 1897 2554 successorum
1914 2541 1970 2555 suo-

742 2589 800 2603 rum
816 2579 976 2611 protectione
995 2579 1119 2609 suscipit.
1146 2592 1970 2602 .................................

713 2642 876 2666 Universitas
891 2642 973 2667 Paris.
990 2641 1103 2672 explicat
1115 2640 1284 2671 privilegium
1297 2638 1489 2670 quinquennale
1501 2637 1667 2660 scholaribus
1683 2637 1709 2659 iu
1721 2638 1852 2668 theologia
1868 2639 1971 2661 studen-

744 2687 813 2710 tibus
829 2686 937 2710 Parisiis
949 2694 1102 2708 concessum
1117 2687 1243 2716 quantum
1260 2684 1293 2706 ad
1308 2683 1502 2714 perceptionem
1518 2682 1702 2704 beneficiorum
1719 2690 1825 2704 suorum
1844 2683 1970 2706 redditus.

713 2751 805 2773 Rector
823 2748 1008 2772 Universitutis
1026 2748 1165 2778 Dionysius
1182 2746 1314 2778 Flatouis3
1328 2745 1506 2776 juramentum
1522 2744 1666 2775 praepositi
1683 2743 1755 2766 Paris
1761 2761 1969 2769 .........

713 2812 866 2843 Radulphus
888 2811 919 2833 de
942 2811 1063 2837 Castello,
1085 2810 1148 2833 Ord.
1176 2810 1260 2832 Erem.
1290 2808 1314 2831 S⁴
1339 2808 1416 2837 Aug..
1438 2807 1471 2829 ab
1498 2806 1674 2830 Universitate
1695 2806 1802 2833 obtinet,
1825 2810 1852 2828 ut
1878 2808 1969 2830 festum

744 2857 769 2880 S.
789 2855 928 2887 Augustini
945 2855 970 2878 iu
986 2855 1095 2878 ecelesia
1112 2855 1197 2877 Erem.
1214 2854 1241 2876 S.
1261 2854 1325 2883 Aug.
1347 2852 1379 2874 ah
1396 2851 1572 2874 Universitate
1587 2850 1731 2873 celebretur
1736 2866 1970 2875 ..........

319 2937 367 2954 *at*
386 2934 481 2957 Chare.
505 2933 583 2957 Univ.
601 2932 696 2957 Paris.
715 2932 761 2955 111.
837 2956 847 2967 s
1909 2928 1938 2950 85

2023 457 2054 479 49

2025 558 2051 581 51

2025 661 2054 682 53

2026 807 2055 828 55

2027 953 2056 974 55

2027 1054 2057 1076 56

2028 1156 2057 1178 59

2028 1259 2058 1280 60

2028 1360 2055 1382 61

2029 1506 2057 1529 61

2029 1609 2056 1631 61

2029 1712 2058 1734 61

2030 1859 2060 1881 69

2030 1961 2060 1982 69

2031 2063 2060 2085 70

2032 2165 2060 2187 70

2032 2267 2060 2289 70

2031 2369 2059 2391 72

2034 2856 2063 2878 75
