2488 3386
463 340 524 372 100
1037 347 1353 370 CHARTULARIUM
1388 346 1578 368 UNlVEns.
1615 345 1744 367 PARIS.
2224 330 2323 369 [1363

459 423 524 455 siis
541 421 904 462 Cathalaunensilms,
923 420 1093 454 videlicet
1109 421 1145 452 in
1162 420 1316 453 ecclesia
1333 418 1614 453 Cathalaunensi
1632 418 1761 462 primo,
1780 429 1819 450 ac
1841 416 1974 450 deinde
1991 417 2027 449 in
2044 417 2198 451 ecclesia
2215 419 2323 453 Beate

460 489 570 521 Marie
599 488 643 521 de
663 487 828 521 Vallibus
855 487 1167 527 Cathalaunensis,
1191 493 1225 519 et
1246 485 1454 519 successive
1480 485 1516 516 in
1544 484 1698 516 ecclesia
1723 482 1987 528 Sancti'Alpini
2007 483 2322 525 Cathalaunensis,

460 561 567 599 prout
594 561 677 587 tunc
698 566 763 599 per
784 554 900 586 dictos
926 553 1093 585 dominos
1113 552 1285 585 vicarium
1315 558 1350 584 et
1379 550 1633 595 inquisitorem
1662 549 1939 594 subdelegatum
1969 549 2039 582 sibi
2066 550 2267 594 injunctum
2289 557 2324 584 et

460 627 667 666 preceptum
698 621 776 661 suit,
807 620 922 652 eidem
955 619 1088 663 populo
1117 619 1160 651 ad
1190 618 1309 651 divina
1338 623 1560 661 congregato
1590 615 1706 648 tribus
1733 615 1863 648 diebus
1890 615 2155 661 solempnibus,
2178 616 2323 662 publice

458 687 598 731 altaque
623 699 711 720 voce
739 687 774 718 in
806 686 944 731 pulpito
975 685 1148 718 dictarum
1180 684 1415 717 ecclesiarum
1444 683 1605 715 existens
1633 682 1762 715 dictam
1792 682 1957 715 cedulam
1985 682 2142 728 legendo
2172 695 2211 716 ac
2241 690 2324 728 post

457 753 607 786 verbum
630 752 773 785 Domini
795 751 1033 796 propositum,
1058 750 1240 783 revocabit
1260 756 1365 794 atque
1390 749 1469 794 ipse
1491 760 1530 781 se
1551 748 1747 781 abstinebit
1768 761 1786 781 a
1806 748 2123 793 predicacionibus
2147 749 2322 783 faciendis

459 831 523 864 per
544 831 652 851 unum
675 830 805 851 annum
828 818 864 850 in
885 817 1027 850 civitate
1053 823 1087 849 et
1114 816 1261 861 dyocesi
1281 815 1575 855 cathalaunensi,
1601 826 1712 860 super
1732 827 1804 859 quo
1826 815 1943 848 eidem
1965 815 2051 848 dicti
2072 815 2210 848 domini
2228 816 2324 850 vica-

457 885 533 917 rius
555 892 589 918 et
618 884 877 928 subdelegatus
903 883 1098 928 inquisitor
1118 882 1390 927 suspenderunt
1418 881 1588 922 eundem,
1612 881 1656 914 de
1685 880 1819 926 quibus
1846 881 1942 914 idem
1968 882 2138 915 dominus
2163 882 2322 916 decanus

457 951 559 996 petiit
585 964 603 983 a
630 963 685 983 me
717 950 861 995 publico
889 949 1028 982 notario
1057 948 1264 992 subscripto
1295 947 1365 980 sibi
1394 947 1473 980 fieri
1501 953 1536 980 et
1564 947 1657 980 tradi
1687 959 1797 980 unum
1828 947 1886 981 vel
1919 947 2022 992 plura
2052 947 2236 993 publicum
2265 947 2322 982 vel

456 1017 598 1061 publica
619 1017 896 1049 instrumentum
917 1015 974 1047 vel
995 1015 1246 1047 instrumenta.
1266 1014 1352 1046 Acta
1374 1014 1522 1046 suerunt
1542 1013 1608 1046 hec
1628 1013 1722 1055 loco,
1745 1025 1853 1055 anno,
1870 1025 2009 1054 mense,
2028 1014 2100 1054 die,
2122 1014 2322 1048 indictione

457 1089 491 1115 et
512 1082 719 1127 pontificatu
741 1081 874 1126 quibus
895 1093 1018 1125 supra,
1038 1079 1271 1125 presentibus
1292 1079 1462 1112 discretis
1478 1079 1567 1113 viris
1588 1079 1930 1113 dominis-Johanne
1951 1080 1995 1113 de
2017 1081 2146 1114 Sancto
2162 1081 2320 1122 Verano,

455 1148 722 1181 semicanonico
744 1148 837 1180 dicte
859 1147 1014 1179 ecclesie
1035 1146 1352 1188 Cathalaunensis,
1373 1147 1479 1178 Petro
1501 1145 1545 1178 de
1568 1145 1728 1179 Veritate
1754 1145 1953 1191 capellanie
1975 1153 2150 1192 perpetue
2170 1147 2207 1180 in
2227 1147 2322 1181 dicta

455 1214 732 1248 Cathalaunensi
754 1213 907 1246 ecclesia
929 1212 1156 1258 presbyterO,
1183 1212 1381 1246 Guillelmo
1408 1212 1504 1245 dicto
1527 1212 1571 1244 de
1592 1212 1795 1245 Arzilleriis
1815 1212 1950 1246 clerico
1971 1212 2266 1256 Cathalaunensi,
2287 1219 2324 1247 et

454 1280 618 1325 pluribus
640 1280 720 1312 aliis
742 1279 895 1312 testibus
917 1279 960 1311 ad
981 1279 1158 1324 premissa
1178 1279 1315 1312 vocatis
1337 1285 1372 1311 et
1392 1278 1542 1323 rogatis.

541 1348 662 1379 Tenor
681 1358 767 1379 vero
790 1346 1034 1390 predictorum
1061 1345 1295 1378 articulorum
1324 1345 1405 1378 talis
1434 1351 1489 1378 est
1514 1357 1520 1378 :
1551 1345 1750 1378 Intendunt
1781 1346 2052 1379 commissarius
2079 1346 2217 1379 domini
2243 1347 2320 1392 epi-

452 1414 553 1458 scopi
574 1412 874 1446 Cathalaunensis
894 1419 929 1445 et
948 1412 1057 1444 frater
1077 1411 1273 1444 Nicholaus
1293 1411 1337 1444 de
1354 1413 1536 1457 Wasseyo
1558 1412 1708 1445 Ordinis
1728 1412 1877 1445 fratrum
1899 1412 2168 1446 Predicatorum
2190 1412 2321 1447 Catha-

453 1479 657 1520 launensis,
692 1479 886 1523 inquisitor
921 1478 1181 1523 subdelegatus
1216 1478 1253 1510 in
1286 1478 1429 1511 civitate
1464 1485 1499 1511 et
1533 1478 1680 1523 dyocesi
1710 1478 1991 1512 Cathalaunensi
2025 1478 2069 1512 ab
2102 1479 2320 1524 inquisitore

453 1545 614 1590 generali
644 1557 754 1590 super
784 1544 1016 1590 tangentibus
1047 1544 1240 1577 hereticam
1272 1544 1480 1589 pravitatem
1510 1544 1790 1586 malesonancia,
1818 1545 1888 1590 piis
1918 1544 2068 1578 auribus
2100 1546 2318 1590 perniciosa,

454 1618 730 1656 presumptuosa
758 1610 967 1655 blasphema
998 1610 1152 1655 probare
1182 1617 1306 1643 contra
1334 1611 1479 1643 fratrem
1506 1610 1707 1644 Johannem
1729 1611 1863 1644 dictum
1890 1610 2125 1645 L'Eschacier
2154 1611 2320 1657 predica-

454 1684 565 1710 torem
587 1677 759 1710 articulos
780 1677 840 1721 qui
862 1683 1036 1710 secuntur
1057 1689 1063 1710 :

539 1743 723 1776 Articulus
752 1744 901 1788 primus.
925 1744 1114 1776 Predictus
1141 1744 1251 1776 frater
1277 1744 1411 1777 malino
1440 1744 1571 1789 spiritu
1599 1744 1730 1777 ductus
1758 1744 1938 1777 dominica
1967 1751 2050 1789 post
2067 1745 2199 1778 festum
2221 1745 2319 1779 Con-

450 1810 628 1854 ceptionis
658 1809 759 1842 beate
785 1810 896 1842 Marie
921 1810 1085 1855 Virginis
1114 1810 1149 1842 in
1171 1810 1325 1843 ecclesia
1353 1810 1447 1843 beati
1468 1810 1590 1855 Alpini
1619 1810 1921 1844 Cathalaunensis
1948 1811 1985 1843 in
2007 1822 2188 1852 sermone,
2211 1822 2319 1856 quem

451 1875 602 1908 faciebat
622 1875 664 1908 ad
686 1875 872 1920 populum,
893 1876 987 1908 inter
1007 1882 1125 1908 cetera
1145 1888 1214 1920 que
1237 1876 1326 1909 dixit
1345 1876 1382 1909 in
1404 1876 1467 1909 illo
1489 1888 1673 1918 sermone,
1695 1877 1853 1909 asseruit
1873 1877 1971 1921 quod
1991 1883 2158 1910 tenentes
2178 1876 2317 1910 beatam

451 1942 598 1974 Mariam
614 1942 803 1987 Virginem
823 1942 937 1974 fuisse
959 1949 1167 1987 conceptam
1190 1942 1268 1975 sine
1291 1949 1437 1988 peccato
1460 1943 1643 1988 originali,
1667 1942 1845 1976 errabant.

502 2045 505 2048 ,
538 2008 723 2040 Articulus
745 2008 941 2041 secundus.
964 2008 1069 2051 Quod
1093 2015 1258 2041 tenentes
1280 2015 1315 2042 et
1335 2009 1499 2042 dicentes
1520 2009 1630 2050 idem,
1654 2008 1823 2042 errabant
1842 2015 1967 2042 contra
1986 2009 2107 2042 fidem.

539 2074 724 2107 Articulus
745 2074 885 2108 tertius.
909 2074 1014 2117 Quod
1035 2075 1198 2107 dicentes
1220 2075 1315 2107 idem
1338 2082 1440 2108 erant
1459 2075 1624 2108 heretici.

540 2140 726 2172 Articulus
747 2147 908 2184 quartus.
930 2141 1036 2183 Quod
1057 2140 1158 2173 beata
1174 2141 1287 2186 Virgo
1309 2142 1377 2174 fuit
1395 2148 1569 2187 concepta
1590 2142 1627 2174 in
1648 2149 1795 2187 peccato
1816 2142 1999 2187 originali,
2019 2163 2064 2167 —
2083 2142 2180 2187 quod
2201 2141 2319 2187 potuit

453 2206 572 2238 dicere
593 2206 630 2238 in
650 2206 717 2238 hoc
739 2207 904 2247 astando,
928 2207 992 2239 sed
1014 2207 1295 2251 discoperiendo
1317 2208 1493 2240 maliciam
1513 2219 1612 2241 suam
1631 2208 1674 2241 ad
1696 2208 1943 2241 inducendum
1964 2208 2137 2253 populum
2154 2208 2199 2241 ad
2218 2207 2317 2241 inde—

451 2272 638 2304 vocionem
667 2278 701 2304 et
732 2272 775 2304 ad
805 2272 1088 2305 inreverenciam
1119 2273 1221 2306 beate
1241 2274 1406 2319 Virginis
1432 2274 1557 2315 Marie,
1585 2274 1804 2319 adroganter
1831 2281 1867 2307 et
1896 2274 2084 2307 temerarie
2113 2274 2253 2307 addidit
2280 2274 2318 2307 in

453 2338 580 2376 codem
603 2350 782 2379 sermone,
808 2339 904 2382 quod
924 2339 991 2371 fuit
1009 2339 1113 2372 ordio
1133 2351 1172 2372 en
1184 2340 1306 2384 pechz'e'
1327 2340 1487 2385 originel
1506 2346 1540 2374 et
1555 2340 1680 2374 toullie
1703 2346 1738 2374 et
1756 2340 1799 2374 de
1814 2352 1849 2374 ce
1869 2352 1992 2374 mesme
2004 2341 2141 2385 pechiaei,
2164 2346 2199 2373 et
2219 2340 2317 2386 quod

453 2403 483 2435 si
499 2404 577 2448 ipsa
597 2404 644 2436 ita
665 2404 885 2437 decessisset
905 2411 985 2437 ante
1008 2405 1214 2449 passionem
1231 2405 1380 2447 Christi,
1400 2406 1656 2440 descendisset
1671 2407 1714 2440 ad
1735 2407 1873 2440 inferos
1893 2407 2096 2451 fuissetque
2113 2406 2315 2452 dampnata.

540 2469 725 2503 Articulus
747 2471 905 2514 quintus.
929 2472 969 2503 In
991 2471 1117 2504 eodem
1140 2484 1308 2505 sermone
1329 2472 1475 2506 tenebat
1502 2485 1608 2505 unam
1629 2473 1807 2514 cedulam,
1830 2485 1935 2518 quam
1964 2473 2170 2515 declaravit,
2198 2472 2318 2506 trade—

454 2547 564 2579 reque
598 2536 734 2580 copiam
763 2536 929 2580 promisit
956 2536 1105 2569 cuilibet
1134 2538 1270 2582 petenti
1298 2538 1467 2583 scriptam
1495 2551 1602 2571 manu
1629 2550 1707 2581 sua,
1735 2539 1772 2571 in
1804 2551 1873 2584 qua
1898 2538 2178 2572 continebantur
2206 2538 2317 2572 multa

455 2602 635 2646 tangentia
668 2602 795 2634 dictam
827 2603 1119 2647 concepcionem.
1150 2604 1201 2636 De
1227 2604 1360 2648 quibus
1390 2596 1638 2650 interrogetur
1669 2605 1855 2650 predictus
1880 2606 2001 2646 frater,
2033 2611 2069 2638 et
2098 2605 2318 2650 respondeat

453 2667 617 2700 absolute
645 2667 723 2700 sine
751 2668 997 2712 suspectione,
1024 2669 1054 2701 si
1080 2669 1201 2701 credat
1230 2676 1265 2702 et
1294 2676 1413 2703 teneat
1439 2670 1500 2703 illa
1526 2683 1608 2704 esse
1628 2683 1724 2704 vera.
1747 2673 1868 2704 Tenor
1890 2671 2019 2704 cedule
2039 2670 2163 2704 verbis
2187 2671 2316 2716 galicie

454 2733 534 2766 talis
555 2740 622 2771 est,
644 2740 678 2766 et
698 2740 816 2766 cetera
838 2734 920 2777 (sic).
945 2735 1099 2767 Revocat
1119 2735 1237 2767 omnia
1254 2736 1291 2767 in
1308 2736 1412 2778 locis,
1435 2737 1472 2769 in
1493 2737 1626 2782 quibus
1647 2738 1909 2782 predicaverat,
1930 2737 2128 2770 asserendo
2145 2737 2182 2770 in
2201 2738 2316 2770 forma

452 2799 671 2844 oppositum.

543 2867 646 2898 Fama
667 2865 810 2910 publica
831 2866 1098 2911 multorumque
1123 2867 1375 2901 insinuacione
1403 2868 1559 2902 clamosa
1587 2871 1668 2915 (que
1693 2882 1766 2903 non
1793 2882 1811 2903 a
1837 2870 2016 2904 malivolis
2041 2870 2096 2904 vel
2128 2869 2315 2903 maledicis
