<?xml version="1.0" encoding="UTF-8"?>
<!DOCTYPE html PUBLIC "-//W3C//DTD XHTML 1.0 Transitional//EN"
    "http://www.w3.org/TR/xhtml1/DTD/xhtml1-transitional.dtd">
<html xmlns="http://www.w3.org/1999/xhtml" xml:lang="en" lang="en">
 <head>
  <title>
</title>
<meta http-equiv="Content-Type" content="text/html;charset=utf-8" />
  <meta name='ocr-system' content='tesseract 3.04.00' />
  <meta name='ocr-capabilities' content='ocr_page ocr_carea ocr_par ocr_line ocrx_word'/>
</head>
<body>
  <div class='ocr_page' id='page_1' title='image "auctariumchartul03univuoft_0548.png"; bbox 0 0 2488 3386; ppageno 0'>
   <div class='ocr_carea' id='block_1_1' title="bbox 435 324 2296 367">
    <p class='ocr_par' dir='ltr' id='par_1_1' title="bbox 435 324 2296 367">
     <span class='ocr_line' id='line_1_1' title="bbox 435 324 2296 367; baseline -0.003 0"><span class='ocrx_word' id='word_1_1' title='bbox 435 336 498 367; x_wconf 87' lang='lat'><strong><em>500</em></strong></span> <span class='ocrx_word' id='word_1_2' title='bbox 1013 341 1332 363; x_wconf 71' lang='lat' dir='ltr'><strong>CHARTULARIUM</strong></span> <span class='ocrx_word' id='word_1_3' title='bbox 1367 341 1557 362; x_wconf 67' lang='lat' dir='ltr'><strong><em>curvans.</em></strong></span> <span class='ocrx_word' id='word_1_4' title='bbox 1595 339 1722 362; x_wconf 71' lang='lat' dir='ltr'><strong><em>PAnls.</em></strong></span> <span class='ocrx_word' id='word_1_5' title='bbox 2199 324 2296 361; x_wconf 87' lang='lat'>[1387</span> 
     </span>
    </p>
   </div>
   <div class='ocr_carea' id='block_1_2' title="bbox 435 410 2299 486">
    <p class='ocr_par' dir='ltr' id='par_1_2' title="bbox 435 410 2299 486">
     <span class='ocr_line' id='line_1_2' title="bbox 531 410 2299 445; baseline -0.003 -5"><span class='ocrx_word' id='word_1_6' title='bbox 531 419 549 441; x_wconf 92' lang='lat'><strong><em>1.</em></strong></span> <span class='ocrx_word' id='word_1_7' title='bbox 570 418 610 440; x_wconf 90' lang='lat' dir='ltr'><strong><em>Fr.</em></strong></span> <span class='ocrx_word' id='word_1_8' title='bbox 629 418 719 440; x_wconf 72' lang='lat' dir='ltr'><strong><em>vitale.</em></strong></span> <span class='ocrx_word' id='word_1_9' title='bbox 744 416 802 439; x_wconf 67' lang='lat' dir='ltr'><strong><em>Vid.</em></strong></span> <span class='ocrx_word' id='word_1_10' title='bbox 818 420 866 438; x_wconf 71' lang='lat' dir='ltr'><strong><em>num</em></strong></span> <span class='ocrx_word' id='word_1_11' title='bbox 884 416 952 443; x_wconf 72' lang='lat'><strong>1464,</strong></span> <span class='ocrx_word' id='word_1_12' title='bbox 969 418 1023 438; x_wconf 81' lang='lat' dir='ltr'><strong><em>not.</em></strong></span> <span class='ocrx_word' id='word_1_13' title='bbox 1050 415 1071 437; x_wconf 90' lang='lat'><strong><em>1.</em></strong></span> <span class='ocrx_word' id='word_1_14' title='bbox 1092 429 1117 432; x_wconf 93' lang='lat'>—</span> <span class='ocrx_word' id='word_1_15' title='bbox 1142 416 1163 438; x_wconf 79' lang='grc'><strong><em>2.</em></strong></span> <span class='ocrx_word' id='word_1_16' title='bbox 1181 415 1218 437; x_wconf 78' lang='lat' dir='ltr'><strong><em>Ab</em></strong></span> <span class='ocrx_word' id='word_1_17' title='bbox 1234 414 1293 437; x_wconf 88' lang='lat' dir='ltr'><strong><em>hinc</em></strong></span> <span class='ocrx_word' id='word_1_18' title='bbox 1309 422 1391 445; x_wconf 75' lang='lat' dir='ltr'><strong><em>usque</em></strong></span> <span class='ocrx_word' id='word_1_19' title='bbox 1410 423 1421 436; x_wconf 88' lang='lat'><em>«</em></span> <span class='ocrx_word' id='word_1_20' title='bbox 1443 414 1498 437; x_wconf 79' lang='lat' dir='ltr'><strong><em>Hiis</em></strong></span> <span class='ocrx_word' id='word_1_21' title='bbox 1514 414 1636 437; x_wconf 88' lang='lat' dir='ltr'><strong><em>omnibus</em></strong></span> <span class='ocrx_word' id='word_1_22' title='bbox 1653 422 1664 436; x_wconf 81' lang='lat'>»</span> <span class='ocrx_word' id='word_1_23' title='bbox 1683 414 1778 436; x_wconf 84' lang='lat' dir='ltr'><strong><em>desunt</em></strong></span> <span class='ocrx_word' id='word_1_24' title='bbox 1799 413 1869 444; x_wconf 82' lang='lat' dir='ltr'><strong><em>apud</em></strong></span> <span class='ocrx_word' id='word_1_25' title='bbox 1891 412 2056 443; x_wconf 73' lang='lat' dir='ltr'><strong><em>D&#39;Argentre.</em></strong></span> <span class='ocrx_word' id='word_1_26' title='bbox 2074 425 2104 429; x_wconf 82' lang='lat'><strong><em>—-</em></strong></span> <span class='ocrx_word' id='word_1_27' title='bbox 2118 412 2141 435; x_wconf 89' lang='grc'><strong><em>3.</em></strong></span> <span class='ocrx_word' id='word_1_28' title='bbox 2156 411 2214 435; x_wconf 87' lang='lat' dir='ltr'><strong><em>Vid.</em></strong></span> <span class='ocrx_word' id='word_1_29' title='bbox 2230 410 2299 434; x_wconf 73' lang='lat' dir='ltr'><strong><em>infra</em></strong></span> 
     </span>
     <span class='ocr_line' id='line_1_3' title="bbox 435 463 542 486; baseline 0 -1"><span class='ocrx_word' id='word_1_30' title='bbox 435 463 542 486; x_wconf 79' lang='lat' dir='ltr'><strong><em>n01562.</em></strong></span> 
     </span>
    </p>
   </div>
   <div class='ocr_carea' id='block_1_3' title="bbox 440 561 2299 749">
    <p class='ocr_par' dir='ltr' id='par_1_3' title="bbox 440 561 2299 749">
     <span class='ocr_line' id='line_1_4' title="bbox 440 561 2298 603; baseline -0.003 -7"><span class='ocrx_word' id='word_1_31' title='bbox 440 561 562 598; x_wconf 79' lang='grc'>1561</span> <span class='ocrx_word' id='word_1_32' title='bbox 573 589 581 596; x_wconf 93' lang='grc'><strong>.</strong></span> <span class='ocrx_word' id='word_1_33' title='bbox 605 579 618 594; x_wconf 70' lang='lat'><strong><em>0⁴</em></strong></span> <span class='ocrx_word' id='word_1_34' title='bbox 640 569 799 594; x_wconf 83' lang='lat' dir='ltr'><strong><em>Parisiens.</em></strong></span> <span class='ocrx_word' id='word_1_35' title='bbox 823 569 996 594; x_wconf 77' lang='lat' dir='ltr'><strong><em>Universitas</em></strong></span> <span class='ocrx_word' id='word_1_36' title='bbox 1012 567 1051 593; x_wconf 87' lang='lat' dir='ltr'><strong><em>ad</em></strong></span> <span class='ocrx_word' id='word_1_37' title='bbox 1067 567 1292 603; x_wconf 78' lang='lat' dir='ltr'><em>appellationem</em></span> <span class='ocrx_word' id='word_1_38' title='bbox 1307 567 1445 593; x_wconf 78' lang='lat' dir='ltr'><strong><em>Iohannis</em></strong></span> <span class='ocrx_word' id='word_1_39' title='bbox 1462 567 1496 593; x_wconf 87' lang='lat' dir='ltr'><strong><em>de</em></strong></span> <span class='ocrx_word' id='word_1_40' title='bbox 1512 568 1677 593; x_wconf 86' lang='lat' dir='ltr'><strong><em>Montesono</em></strong></span> <span class='ocrx_word' id='word_1_41' title='bbox 1694 566 1912 602; x_wconf 82' lang='lat' dir='ltr'><strong><em>improbandam</em></strong></span> <span class='ocrx_word' id='word_1_42' title='bbox 1928 565 2077 596; x_wconf 80' lang='lat' dir='ltr'><strong><em>eminentis</em></strong></span> <span class='ocrx_word' id='word_1_43' title='bbox 2092 565 2212 591; x_wconf 83' lang='lat' dir='ltr'><em>scientie</em></span> <span class='ocrx_word' id='word_1_44' title='bbox 2227 565 2298 591; x_wconf 74' lang='lat' dir='ltr'><strong><em>viros</em></strong></span> 
     </span>
     <span class='ocr_line' id='line_1_5' title="bbox 525 614 2298 652; baseline -0.003 -8"><span class='ocrx_word' id='word_1_45' title='bbox 525 619 623 644; x_wconf 84' lang='lat' dir='ltr'><strong><em>merito</em></strong></span> <span class='ocrx_word' id='word_1_46' title='bbox 645 617 843 649; x_wconf 86' lang='lat' dir='ltr'><strong><em>nominandos,</em></strong></span> <span class='ocrx_word' id='word_1_47' title='bbox 863 618 976 642; x_wconf 84' lang='lat' dir='ltr'><strong><em>Petrum</em></strong></span> <span class='ocrx_word' id='word_1_48' title='bbox 1000 616 1034 641; x_wconf 79' lang='lat' dir='ltr'><strong><em>de</em></strong></span> <span class='ocrx_word' id='word_1_49' title='bbox 1057 616 1179 650; x_wconf 80' lang='lat' dir='ltr'><strong><em>Alliaco,</em></strong></span> <span class='ocrx_word' id='word_1_50' title='bbox 1198 615 1333 650; x_wconf 76' lang='lat' dir='ltr'><strong><em>Egidium</em></strong></span> <span class='ocrx_word' id='word_1_51' title='bbox 1349 616 1383 642; x_wconf 89' lang='lat' dir='ltr'><strong><em>de</em></strong></span> <span class='ocrx_word' id='word_1_52' title='bbox 1408 617 1530 652; x_wconf 83' lang='lat' dir='ltr'><strong><em>Campis,</em></strong></span> <span class='ocrx_word' id='word_1_53' title='bbox 1548 615 1703 641; x_wconf 75' lang='lat' dir='ltr'><strong><em>,Iohannem</em></strong></span> <span class='ocrx_word' id='word_1_54' title='bbox 1724 615 1760 641; x_wconf 86' lang='lat' dir='ltr'><strong><em>de</em></strong></span> <span class='ocrx_word' id='word_1_55' title='bbox 1775 614 1950 649; x_wconf 72' lang='lat' dir='ltr'><strong><em>Novavilla⁴,</em></strong></span> <span class='ocrx_word' id='word_1_56' title='bbox 1972 614 2037 640; x_wconf 87' lang='lat' dir='ltr'><strong><em>Ord.</em></strong></span> <span class='ocrx_word' id='word_1_57' title='bbox 2057 616 2084 640; x_wconf 87' lang='lat' dir='ltr'><strong><em>S.</em></strong></span> <span class='ocrx_word' id='word_1_58' title='bbox 2102 614 2253 649; x_wconf 81' lang='lat' dir='ltr'><strong><em>Bernardi,</em></strong></span> <span class='ocrx_word' id='word_1_59' title='bbox 2270 614 2298 640; x_wconf 86' lang='lat' dir='ltr'><strong><em>in</em></strong></span> 
     </span>
     <span class='ocr_line' id='line_1_6' title="bbox 523 662 2297 702; baseline -0.002 -10"><span class='ocrx_word' id='word_1_60' title='bbox 523 677 545 693; x_wconf 87' lang='lat' dir='ltr'><strong><em>s.</em></strong></span> <span class='ocrx_word' id='word_1_61' title='bbox 560 667 671 702; x_wconf 73' lang='lat' dir='ltr'><strong><em>pagina</em></strong></span> <span class='ocrx_word' id='word_1_62' title='bbox 688 667 848 700; x_wconf 77' lang='lat' dir='ltr'><strong><em>magistros,</em></strong></span> <span class='ocrx_word' id='word_1_63' title='bbox 863 674 967 691; x_wconf 83' lang='lat' dir='ltr'><em>necnon</em></span> <span class='ocrx_word' id='word_1_64' title='bbox 985 669 1011 690; x_wconf 86' lang='lat' dir='ltr'><strong><em>e!</em></strong></span> <span class='ocrx_word' id='word_1_65' title='bbox 1027 666 1139 690; x_wconf 79' lang='lat' dir='ltr'><strong><em>Petrum</em></strong></span> <span class='ocrx_word' id='word_1_66' title='bbox 1155 664 1190 690; x_wconf 86' lang='lat' dir='ltr'><strong><em>de</em></strong></span> <span class='ocrx_word' id='word_1_67' title='bbox 1203 663 1398 698; x_wconf 78' lang='lat' dir='ltr'><strong><em>Allain‹¹illa²,</em></strong></span> <span class='ocrx_word' id='word_1_68' title='bbox 1417 664 1483 691; x_wconf 81' lang='lat' dir='ltr'><strong><em>Ord.</em></strong></span> <span class='ocrx_word' id='word_1_69' title='bbox 1498 666 1524 690; x_wconf 93' lang='lat' dir='ltr'><strong><em>S.</em></strong></span> <span class='ocrx_word' id='word_1_70' title='bbox 1543 666 1620 698; x_wconf 83' lang='lat' dir='ltr'><strong><em>Ben.‚</em></strong></span> <span class='ocrx_word' id='word_1_71' title='bbox 1636 664 1710 690; x_wconf 85' lang='lat' dir='ltr'><strong><em>doct.</em></strong></span> <span class='ocrx_word' id='word_1_72' title='bbox 1724 665 1752 689; x_wconf 88' lang='lat' dir='ltr'><strong><em>in</em></strong></span> <span class='ocrx_word' id='word_1_73' title='bbox 1766 665 1829 699; x_wconf 80' lang='lat' dir='ltr'><strong><em>jure</em></strong></span> <span class='ocrx_word' id='word_1_74' title='bbox 1844 672 1918 697; x_wconf 84' lang='lat' dir='ltr'><strong><em>can.,</em></strong></span> <span class='ocrx_word' id='word_1_75' title='bbox 1933 663 1973 689; x_wconf 82' lang='lat' dir='ltr'><strong><em>ad</em></strong></span> <span class='ocrx_word' id='word_1_76' title='bbox 1988 664 2066 689; x_wconf 78' lang='lat' dir='ltr'><strong><em>Rom.</em></strong></span> <span class='ocrx_word' id='word_1_77' title='bbox 2081 663 2190 689; x_wconf 85' lang='lat' dir='ltr'><strong><em>curiam</em></strong></span> <span class='ocrx_word' id='word_1_78' title='bbox 2206 662 2297 689; x_wconf 84' lang='lat' dir='ltr'><strong><em>desti-</em></strong></span> 
     </span>
     <span class='ocr_line' id='line_1_7' title="bbox 524 711 2299 749; baseline -0.002 -8"><span class='ocrx_word' id='word_1_79' title='bbox 524 719 642 741; x_wconf 82' lang='lat' dir='ltr'><strong><em>naverat</em></strong></span> <span class='ocrx_word' id='word_1_80' title='bbox 659 715 722 749; x_wconf 87' lang='lat' dir='ltr'><strong><em>jam</em></strong></span> <span class='ocrx_word' id='word_1_81' title='bbox 741 714 971 748; x_wconf 80' lang='lat' dir='ltr'><strong><em>Quodragesima</em></strong></span> <span class='ocrx_word' id='word_1_82' title='bbox 998 717 1191 739; x_wconf 83' lang='lat' dir='ltr'><strong><em>transacta....</em></strong></span> <span class='ocrx_word' id='word_1_83' title='bbox 1215 714 1371 748; x_wconf 80' lang='lat' dir='ltr'><strong><em>Tamquam</em></strong></span> <span class='ocrx_word' id='word_1_84' title='bbox 1391 713 1462 747; x_wconf 82' lang='lat' dir='ltr'><strong><em>fidei</em></strong></span> <span class='ocrx_word' id='word_1_85' title='bbox 1483 713 1639 739; x_wconf 76' lang='lat' dir='ltr'><strong><em>orthodoxe</em></strong></span> <span class='ocrx_word' id='word_1_86' title='bbox 1665 712 1772 738; x_wconf 80' lang='lat' dir='ltr'><strong><em>athlete</em></strong></span> <span class='ocrx_word' id='word_1_87' title='bbox 1796 712 1911 738; x_wconf 80' lang='lat' dir='ltr'><em>veridici</em></span> <span class='ocrx_word' id='word_1_88' title='bbox 1932 712 2156 747; x_wconf 82' lang='lat' dir='ltr'><strong><em>intemerateque</em></strong></span> <span class='ocrx_word' id='word_1_89' title='bbox 2176 711 2299 746; x_wconf 82' lang='lat' dir='ltr'><strong><em>gloriose</em></strong></span> 
     </span>
    </p>
   </div>
   <div class='ocr_carea' id='block_1_4' title="bbox 526 760 2300 847">
    <p class='ocr_par' dir='ltr' id='par_1_4' title="bbox 526 760 2300 847">
     <span class='ocr_line' id='line_1_8' title="bbox 526 760 2300 798; baseline -0.002 -9"><span class='ocrx_word' id='word_1_90' title='bbox 526 764 617 789; x_wconf 82' lang='lat' dir='ltr'><strong><em>Marie</em></strong></span> <span class='ocrx_word' id='word_1_91' title='bbox 636 764 701 798; x_wconf 75' lang='lat' dir='ltr'><strong><em>virg.</em></strong></span> <span class='ocrx_word' id='word_1_92' title='bbox 720 763 820 788; x_wconf 83' lang='lat' dir='ltr'><strong><em>matris</em></strong></span> <span class='ocrx_word' id='word_1_93' title='bbox 833 764 885 788; x_wconf 89' lang='lat' dir='ltr'><strong><em>Dei</em></strong></span> <span class='ocrx_word' id='word_1_94' title='bbox 898 762 1039 788; x_wconf 74' lang='lat' dir='ltr'><strong><em>zelatores</em></strong></span> <span class='ocrx_word' id='word_1_95' title='bbox 1056 771 1174 787; x_wconf 81' lang='lat' dir='ltr'><strong><em>causam</em></strong></span> <span class='ocrx_word' id='word_1_96' title='bbox 1190 762 1251 795; x_wconf 72' lang='lat' dir='ltr'><strong><em>ejus</em></strong></span> <span class='ocrx_word' id='word_1_97' title='bbox 1265 761 1393 797; x_wconf 81' lang='lat' dir='ltr'><strong><em>fideliter</em></strong></span> <span class='ocrx_word' id='word_1_98' title='bbox 1407 761 1610 797; x_wconf 77' lang='lat' dir='ltr'><strong><em>deffensarent,</em></strong></span> <span class='ocrx_word' id='word_1_99' title='bbox 1632 761 1708 797; x_wconf 83' lang='lat' dir='ltr'><strong><em>quod</em></strong></span> <span class='ocrx_word' id='word_1_100' title='bbox 1722 762 1849 798; x_wconf 83' lang='lat' dir='ltr'><strong><em>peractis</em></strong></span> <span class='ocrx_word' id='word_1_101' title='bbox 1862 760 2032 797; x_wconf 79' lang='lat' dir='ltr'><em>pascalibus</em></span> <span class='ocrx_word' id='word_1_102' title='bbox 2048 761 2131 795; x_wconf 78' lang='lat' dir='ltr'><strong><em>feriis</em></strong></span> <span class='ocrx_word' id='word_1_103' title='bbox 2147 769 2208 786; x_wconf 85' lang='lat' dir='ltr'><strong><em>cum</em></strong></span> <span class='ocrx_word' id='word_1_104' title='bbox 2225 760 2300 786; x_wconf 85' lang='lat' dir='ltr'><strong><em>omni</em></strong></span> 
     </span>
     <span class='ocr_line' id='line_1_9' title="bbox 527 812 1084 847; baseline -0.004 -9"><span class='ocrx_word' id='word_1_105' title='bbox 527 812 694 838; x_wconf 83' lang='lat' dir='ltr'><strong><em>obediencia</em></strong></span> <span class='ocrx_word' id='word_1_106' title='bbox 709 814 847 847; x_wconf 81' lang='lat' dir='ltr'><strong><em>perficere</em></strong></span> <span class='ocrx_word' id='word_1_107' title='bbox 861 814 1050 837; x_wconf 81' lang='lat' dir='ltr'><strong><em>maturarunt.</em></strong></span> <span class='ocrx_word' id='word_1_108' title='bbox 1070 822 1084 835; x_wconf 78' lang='lat'><strong><em>&gt;›</em></strong></span> 
     </span>
    </p>
   </div>
   <div class='ocr_carea' id='block_1_5' title="bbox 1774 846 1960 878">
    <p class='ocr_par' dir='ltr' id='par_1_5' title="bbox 1774 846 1960 878">
     <span class='ocr_line' id='line_1_10' title="bbox 1774 846 1960 878; baseline 0 -6"><span class='ocrx_word' id='word_1_109' title='bbox 1774 846 1846 875; x_wconf 83' lang='lat'><strong><em>1388.</em></strong></span> <span class='ocrx_word' id='word_1_110' title='bbox 1863 846 1960 878; x_wconf 66' lang='lat' dir='ltr'><strong><em>aprili-«2.</em></strong></span> 
     </span>
    </p>
   </div>
   <div class='ocr_carea' id='block_1_6' title="bbox 434 932 2301 1010">
    <p class='ocr_par' dir='ltr' id='par_1_6' title="bbox 434 932 2301 1010">
     <span class='ocr_line' id='line_1_11' title="bbox 531 932 2300 965; baseline -0.001 -6"><span class='ocrx_word' id='word_1_111' title='bbox 531 936 632 960; x_wconf 72' lang='lat' dir='ltr'><strong><em>Chron.</em></strong></span> <span class='ocrx_word' id='word_1_112' title='bbox 649 937 687 959; x_wconf 79' lang='lat' dir='ltr'><strong><em>du</em></strong></span> <span class='ocrx_word' id='word_1_113' title='bbox 700 935 781 965; x_wconf 68' lang='lat' dir='ltr'><strong><em>reliq.</em></strong></span> <span class='ocrx_word' id='word_1_114' title='bbox 798 936 830 958; x_wconf 76' lang='lat' dir='ltr'><strong><em>de</em></strong></span> <span class='ocrx_word' id='word_1_115' title='bbox 844 936 869 958; x_wconf 82' lang='lat' dir='ltr'><strong><em>S.</em></strong></span> <span class='ocrx_word' id='word_1_116' title='bbox 882 934 983 965; x_wconf 77' lang='lat' dir='ltr'><strong><em>Denys,</em></strong></span> <span class='ocrx_word' id='word_1_117' title='bbox 1000 934 1040 959; x_wconf 87' lang='lat' dir='ltr'><strong><em>ed.</em></strong></span> <span class='ocrx_word' id='word_1_118' title='bbox 1059 934 1203 965; x_wconf 80' lang='lat' dir='ltr'><strong><em>Bellaguet,</em></strong></span> <span class='ocrx_word' id='word_1_119' title='bbox 1217 934 1235 961; x_wconf 76' lang='grc' dir='ltr'><strong><em>Ι,</em></strong></span> <span class='ocrx_word' id='word_1_120' title='bbox 1253 934 1298 957; x_wconf 82' lang='grc'><strong><em>512</em></strong></span> <span class='ocrx_word' id='word_1_121' title='bbox 1314 942 1353 965; x_wconf 85' lang='lat' dir='ltr'><strong><em>sq.</em></strong></span> <span class='ocrx_word' id='word_1_122' title='bbox 1372 948 1398 951; x_wconf 98' lang='lat'><strong>—</strong></span> <span class='ocrx_word' id='word_1_123' title='bbox 1416 933 1476 957; x_wconf 83' lang='lat' dir='ltr'><strong><em>Istis</em></strong></span> <span class='ocrx_word' id='word_1_124' title='bbox 1492 937 1604 964; x_wconf 78' lang='lat' dir='ltr'><strong><em>quatuor</em></strong></span> <span class='ocrx_word' id='word_1_125' title='bbox 1618 934 1809 957; x_wconf 78' lang='lat' dir='ltr'><strong><em>annumerandi</em></strong></span> <span class='ocrx_word' id='word_1_126' title='bbox 1823 937 1884 957; x_wconf 83' lang='lat' dir='ltr'><strong><em>sunt</em></strong></span> <span class='ocrx_word' id='word_1_127' title='bbox 1897 933 2030 956; x_wconf 83' lang='lat' dir='ltr'><strong><em>Johannes</em></strong></span> <span class='ocrx_word' id='word_1_128' title='bbox 2046 933 2155 961; x_wconf 76' lang='lat' dir='ltr'><strong><em>Gersun,</em></strong></span> <span class='ocrx_word' id='word_1_129' title='bbox 2172 933 2197 956; x_wconf 89' lang='lat' dir='ltr'><strong><em>in</em></strong></span> <span class='ocrx_word' id='word_1_130' title='bbox 2213 932 2300 963; x_wconf 73' lang='lat' dir='ltr'><strong><em>Epist.</em></strong></span> 
     </span>
     <span class='ocr_line' id='line_1_12' title="bbox 434 977 2301 1010; baseline -0.003 -5"><span class='ocrx_word' id='word_1_131' title='bbox 434 988 485 1005; x_wconf 78' lang='lat' dir='ltr'><strong><em>see.</em></strong></span> <span class='ocrx_word' id='word_1_132' title='bbox 502 981 539 1004; x_wconf 87' lang='lat' dir='ltr'><strong><em>ad</em></strong></span> <span class='ocrx_word' id='word_1_133' title='bbox 553 981 628 1005; x_wconf 72' lang='lat' dir='ltr'><strong><em>stud.</em></strong></span> <span class='ocrx_word' id='word_1_134' title='bbox 649 979 761 1010; x_wconf 76' lang='lat' dir='ltr'><strong><em>Colleqii</em></strong></span> <span class='ocrx_word' id='word_1_135' title='bbox 777 980 845 1003; x_wconf 84' lang='lat' dir='ltr'><strong><em>Nav.</em></strong></span> <span class='ocrx_word' id='word_1_136' title='bbox 865 978 982 1002; x_wconf 83' lang='lat' dir='ltr'><strong><em>scribens</em></strong></span> <span class='ocrx_word' id='word_1_137' title='bbox 999 987 1004 1001; x_wconf 89' lang='lat'>:</span> <span class='ocrx_word' id='word_1_138' title='bbox 1026 987 1036 1001; x_wconf 73' lang='grc' dir='ltr'><strong><em>(ι</em></strong></span> <span class='ocrx_word' id='word_1_139' title='bbox 1054 987 1120 1009; x_wconf 80' lang='lat' dir='ltr'><strong><em>quae</em></strong></span> <span class='ocrx_word' id='word_1_140' title='bbox 1137 978 1337 1008; x_wconf 77' lang='lat' dir='ltr'><strong><em>(condemnatio)</em></strong></span> <span class='ocrx_word' id='word_1_141' title='bbox 1353 978 1415 1001; x_wconf 90' lang='lat' dir='ltr'><strong><em>dum</em></strong></span> <span class='ocrx_word' id='word_1_142' title='bbox 1431 978 1615 1001; x_wconf 78' lang='lat' dir='ltr'><strong><em>defenderetur</em></strong></span> <span class='ocrx_word' id='word_1_143' title='bbox 1632 978 1658 1001; x_wconf 93' lang='lat' dir='ltr'><strong><em>in</em></strong></span> <span class='ocrx_word' id='word_1_144' title='bbox 1677 979 1749 1001; x_wconf 87' lang='lat' dir='ltr'><strong><em>Rom.</em></strong></span> <span class='ocrx_word' id='word_1_145' title='bbox 1769 978 1851 1006; x_wconf 81' lang='lat' dir='ltr'><strong><em>curia,</em></strong></span> <span class='ocrx_word' id='word_1_146' title='bbox 1868 986 1916 1009; x_wconf 86' lang='lat' dir='ltr'><strong><em>ego</em></strong></span> <span class='ocrx_word' id='word_1_147' title='bbox 1938 978 2004 1009; x_wconf 82' lang='lat' dir='ltr'><strong><em>ipse,</em></strong></span> <span class='ocrx_word' id='word_1_148' title='bbox 2023 977 2194 1000; x_wconf 79' lang='lat' dir='ltr'><strong><em>baccalareus</em></strong></span> <span class='ocrx_word' id='word_1_149' title='bbox 2209 985 2301 1000; x_wconf 73' lang='lat' dir='ltr'><strong><em>cursor</em></strong></span> 
     </span>
    </p>
   </div>
   <div class='ocr_carea' id='block_1_7' title="bbox 435 1021 2300 1100">
    <p class='ocr_par' dir='ltr' id='par_1_7' title="bbox 435 1021 2300 1100">
     <span class='ocr_line' id='line_1_13' title="bbox 436 1021 2300 1054; baseline -0.002 -7"><span class='ocrx_word' id='word_1_150' title='bbox 436 1028 496 1047; x_wconf 87' lang='lat' dir='ltr'><strong><em>tunc</em></strong></span> <span class='ocrx_word' id='word_1_151' title='bbox 516 1025 637 1052; x_wconf 72' lang='lat' dir='ltr'><strong><em>existens,</em></strong></span> <span class='ocrx_word' id='word_1_152' title='bbox 655 1032 713 1046; x_wconf 89' lang='lat' dir='ltr'><strong><em>cum</em></strong></span> <span class='ocrx_word' id='word_1_153' title='bbox 731 1023 823 1046; x_wconf 82' lang='lat' dir='ltr'><strong><em>ceteris</em></strong></span> <span class='ocrx_word' id='word_1_154' title='bbox 846 1022 1091 1054; x_wconf 83' lang='lat' dir='ltr'><strong><em>precellentissimis</em></strong></span> <span class='ocrx_word' id='word_1_155' title='bbox 1107 1026 1185 1054; x_wconf 79' lang='lat' dir='ltr'><strong><em>atque</em></strong></span> <span class='ocrx_word' id='word_1_156' title='bbox 1207 1022 1413 1054; x_wconf 72' lang='lat' dir='ltr'><strong><em>sapientissimis</em></strong></span> <span class='ocrx_word' id='word_1_157' title='bbox 1433 1021 1497 1045; x_wconf 77' lang='lat' dir='ltr'><strong><em>viris</em></strong></span> <span class='ocrx_word' id='word_1_158' title='bbox 1514 1022 1546 1045; x_wconf 83' lang='lat' dir='ltr'><strong><em>ab</em></strong></span> <span class='ocrx_word' id='word_1_159' title='bbox 1567 1022 1744 1046; x_wconf 78' lang='lat' dir='ltr'><strong><em>Universitate</em></strong></span> <span class='ocrx_word' id='word_1_160' title='bbox 1758 1022 1853 1053; x_wconf 78' lang='lat' dir='ltr'><strong><em>legatis</em></strong></span> <span class='ocrx_word' id='word_1_161' title='bbox 1868 1030 1978 1053; x_wconf 80' lang='lat' dir='ltr'><strong><em>presens</em></strong></span> <span class='ocrx_word' id='word_1_162' title='bbox 2000 1021 2107 1045; x_wconf 78' lang='lat' dir='ltr'><strong><em>intertui</em></strong></span> <span class='ocrx_word' id='word_1_163' title='bbox 2123 1030 2135 1044; x_wconf 80' lang='lat'><strong><em>)›</em></strong></span> <span class='ocrx_word' id='word_1_164' title='bbox 2155 1022 2244 1052; x_wconf 78' lang='lat' dir='ltr'><strong><em>(opp..</em></strong></span> <span class='ocrx_word' id='word_1_165' title='bbox 2259 1021 2300 1045; x_wconf 82' lang='lat' dir='ltr'><strong><em>ed.</em></strong></span> 
     </span>
     <span class='ocr_line' id='line_1_14' title="bbox 435 1066 1886 1100; baseline -0.002 -8"><span class='ocrx_word' id='word_1_166' title='bbox 435 1069 530 1100; x_wconf 79' lang='lat' dir='ltr'><strong><em>Dupin,</em></strong></span> <span class='ocrx_word' id='word_1_167' title='bbox 549 1069 568 1096; x_wconf 78' lang='lat'><strong><em>1,</em></strong></span> <span class='ocrx_word' id='word_1_168' title='bbox 584 1069 645 1098; x_wconf 78' lang='lat'>112);</span> <span class='ocrx_word' id='word_1_169' title='bbox 664 1072 689 1091; x_wconf 85' lang='lat' dir='ltr'><strong><em>et</em></strong></span> <span class='ocrx_word' id='word_1_170' title='bbox 704 1069 795 1091; x_wconf 78' lang='lat' dir='ltr'><strong><em>Petrus</em></strong></span> <span class='ocrx_word' id='word_1_171' title='bbox 811 1068 911 1096; x_wconf 85' lang='lat' dir='ltr'><strong><em>Plaoul,</em></strong></span> <span class='ocrx_word' id='word_1_172' title='bbox 925 1075 995 1098; x_wconf 81' lang='lat' dir='ltr'><strong><em>mug-</em></strong></span> <span class='ocrx_word' id='word_1_173' title='bbox 1014 1067 1040 1090; x_wconf 89' lang='lat' dir='ltr'><strong><em>in</em></strong></span> <span class='ocrx_word' id='word_1_174' title='bbox 1054 1070 1104 1090; x_wconf 83' lang='lat' dir='ltr'><strong><em>art.</em></strong></span> <span class='ocrx_word' id='word_1_175' title='bbox 1120 1070 1145 1090; x_wconf 80' lang='lat' dir='ltr'><strong><em>ct</em></strong></span> <span class='ocrx_word' id='word_1_176' title='bbox 1160 1067 1232 1090; x_wconf 73' lang='lat' dir='ltr'><strong><em>buce.</em></strong></span> <span class='ocrx_word' id='word_1_177' title='bbox 1250 1067 1275 1090; x_wconf 91' lang='lat' dir='ltr'><strong><em>in</em></strong></span> <span class='ocrx_word' id='word_1_178' title='bbox 1293 1067 1370 1090; x_wconf 81' lang='lat' dir='ltr'><strong><em>theol.</em></strong></span> <span class='ocrx_word' id='word_1_179' title='bbox 1386 1066 1447 1095; x_wconf 78' lang='lat' dir='ltr'><strong><em>(vid.</em></strong></span> <span class='ocrx_word' id='word_1_180' title='bbox 1463 1066 1531 1090; x_wconf 74' lang='lat' dir='ltr'><strong><em>infra</em></strong></span> <span class='ocrx_word' id='word_1_181' title='bbox 1547 1067 1604 1090; x_wconf 90' lang='lat' dir='ltr'><strong><em>Rot.</em></strong></span> <span class='ocrx_word' id='word_1_182' title='bbox 1620 1075 1664 1090; x_wconf 85' lang='lat' dir='ltr'><strong><em>an.</em></strong></span> <span class='ocrx_word' id='word_1_183' title='bbox 1678 1067 1747 1095; x_wconf 81' lang='lat'><strong><em>1388,</em></strong></span> <span class='ocrx_word' id='word_1_184' title='bbox 1761 1071 1790 1089; x_wconf 83' lang='lat' dir='ltr'><strong><em>n⁰</em></strong></span> <span class='ocrx_word' id='word_1_185' title='bbox 1808 1067 1886 1095; x_wconf 80' lang='lat'>1563).</span> 
     </span>
    </p>
   </div>
   <div class='ocr_carea' id='block_1_8' title="bbox 435 1150 2299 1227">
    <p class='ocr_par' dir='ltr' id='par_1_8' title="bbox 435 1150 2299 1227">
     <span class='ocr_line' id='line_1_15' title="bbox 529 1150 2299 1182; baseline -0.001 -7"><span class='ocrx_word' id='word_1_186' title='bbox 529 1153 550 1176; x_wconf 81' lang='lat'><strong><em>1.</em></strong></span> <span class='ocrx_word' id='word_1_187' title='bbox 569 1154 618 1175; x_wconf 80' lang='lat' dir='ltr'><strong><em>Seu</em></strong></span> <span class='ocrx_word' id='word_1_188' title='bbox 643 1152 674 1175; x_wconf 85' lang='lat' dir='ltr'><strong><em>de</em></strong></span> <span class='ocrx_word' id='word_1_189' title='bbox 694 1152 836 1179; x_wconf 76' lang='lat' dir='ltr'><strong><em>Viltanovu,</em></strong></span> <span class='ocrx_word' id='word_1_190' title='bbox 861 1155 889 1174; x_wconf 84' lang='lat' dir='ltr'><strong><em>ut</em></strong></span> <span class='ocrx_word' id='word_1_191' title='bbox 911 1152 936 1174; x_wconf 92' lang='lat' dir='ltr'><strong><em>in</em></strong></span> <span class='ocrx_word' id='word_1_192' title='bbox 957 1152 1045 1176; x_wconf 80' lang='lat' dir='ltr'><strong><em>Catal.</em></strong></span> <span class='ocrx_word' id='word_1_193' title='bbox 1065 1151 1167 1180; x_wconf 81' lang='lat' dir='ltr'><strong><em>licent.,</em></strong></span> <span class='ocrx_word' id='word_1_194' title='bbox 1185 1151 1272 1174; x_wconf 85' lang='lat' dir='ltr'><strong><em>licent.</em></strong></span> <span class='ocrx_word' id='word_1_195' title='bbox 1294 1160 1335 1175; x_wconf 81' lang='lat' dir='ltr'><strong><em>an.</em></strong></span> <span class='ocrx_word' id='word_1_196' title='bbox 1360 1152 1418 1174; x_wconf 77' lang='lat'><strong>1380</strong></span> <span class='ocrx_word' id='word_1_197' title='bbox 1436 1152 1524 1182; x_wconf 79' lang='lat'>(1387).</span> <span class='ocrx_word' id='word_1_198' title='bbox 1546 1151 1670 1174; x_wconf 79' lang='lat' dir='ltr'><strong><em>Fortasse</em></strong></span> <span class='ocrx_word' id='word_1_199' title='bbox 1695 1151 1764 1174; x_wconf 76' lang='lat' dir='ltr'><strong><em>idom</em></strong></span> <span class='ocrx_word' id='word_1_200' title='bbox 1785 1159 1814 1173; x_wconf 80' lang='lat' dir='ltr'><strong><em>nc</em></strong></span> <span class='ocrx_word' id='word_1_201' title='bbox 1837 1150 1969 1174; x_wconf 81' lang='lat' dir='ltr'><strong><em>Johannes</em></strong></span> <span class='ocrx_word' id='word_1_202' title='bbox 1993 1151 2024 1174; x_wconf 85' lang='lat' dir='ltr'><strong><em>de</em></strong></span> <span class='ocrx_word' id='word_1_203' title='bbox 2049 1150 2206 1181; x_wconf 80' lang='lat' dir='ltr'><strong><em>Savigniaco</em></strong></span> <span class='ocrx_word' id='word_1_204' title='bbox 2230 1150 2299 1182; x_wconf 77' lang='lat' dir='ltr'><strong><em>apud</em></strong></span> 
     </span>
     <span class='ocr_line' id='line_1_16' title="bbox 435 1195 2229 1227; baseline -0.001 -8"><span class='ocrx_word' id='word_1_205' title='bbox 435 1197 502 1225; x_wconf 61' lang='lat' dir='ltr'><strong><em>But„</em></strong></span> <span class='ocrx_word' id='word_1_206' title='bbox 521 1197 561 1225; x_wconf 82' lang='lat' dir='ltr'><strong><em>lv,</em></strong></span> <span class='ocrx_word' id='word_1_207' title='bbox 579 1198 632 1220; x_wconf 78' lang='lat'>986.</span> <span class='ocrx_word' id='word_1_208' title='bbox 651 1210 680 1213; x_wconf 97' lang='lat'><strong>—</strong></span> <span class='ocrx_word' id='word_1_209' title='bbox 699 1197 721 1219; x_wconf 75' lang='lat'><strong><em>2.</em></strong></span> <span class='ocrx_word' id='word_1_210' title='bbox 738 1197 787 1219; x_wconf 84' lang='lat' dir='ltr'><strong><em>Seu</em></strong></span> <span class='ocrx_word' id='word_1_211' title='bbox 806 1196 951 1226; x_wconf 80' lang='lat' dir='ltr'><strong><em>Agnevitla,</em></strong></span> <span class='ocrx_word' id='word_1_212' title='bbox 967 1199 995 1218; x_wconf 88' lang='lat' dir='ltr'><strong><em>ut</em></strong></span> <span class='ocrx_word' id='word_1_213' title='bbox 1010 1204 1091 1227; x_wconf 83' lang='lat' dir='ltr'><strong><em>supra</em></strong></span> <span class='ocrx_word' id='word_1_214' title='bbox 1107 1204 1210 1227; x_wconf 81' lang='lat' dir='ltr'><strong><em>semper</em></strong></span> <span class='ocrx_word' id='word_1_215' title='bbox 1228 1196 1362 1223; x_wconf 79' lang='lat' dir='ltr'><strong><em>scribitur,</em></strong></span> <span class='ocrx_word' id='word_1_216' title='bbox 1379 1195 1452 1226; x_wconf 86' lang='lat' dir='ltr'><strong><em>prior</em></strong></span> <span class='ocrx_word' id='word_1_217' title='bbox 1470 1196 1496 1218; x_wconf 94' lang='lat' dir='ltr'><strong><em>S.</em></strong></span> <span class='ocrx_word' id='word_1_218' title='bbox 1515 1195 1629 1227; x_wconf 81' lang='lat' dir='ltr'><strong><em>Vigoris,</em></strong></span> <span class='ocrx_word' id='word_1_219' title='bbox 1646 1199 1671 1218; x_wconf 69' lang='lat' dir='ltr'><strong><em>et</em></strong></span> <span class='ocrx_word' id='word_1_220' title='bbox 1688 1198 1780 1226; x_wconf 84' lang='lat' dir='ltr'><strong><em>postea</em></strong></span> <span class='ocrx_word' id='word_1_221' title='bbox 1794 1195 1877 1218; x_wconf 84' lang='lat' dir='ltr'><strong><em>abbas</em></strong></span> <span class='ocrx_word' id='word_1_222' title='bbox 1894 1196 1921 1218; x_wconf 91' lang='lat' dir='ltr'><strong><em>S.</em></strong></span> <span class='ocrx_word' id='word_1_223' title='bbox 1936 1195 2025 1226; x_wconf 70' lang='lat' dir='ltr'><strong><em>Eligit.</em></strong></span> <span class='ocrx_word' id='word_1_224' title='bbox 2041 1195 2098 1218; x_wconf 86' lang='lat' dir='ltr'><strong><em>Vid.</em></strong></span> <span class='ocrx_word' id='word_1_225' title='bbox 2116 1199 2145 1218; x_wconf 92' lang='lat' dir='ltr'><strong><em>n⁰</em></strong></span> <span class='ocrx_word' id='word_1_226' title='bbox 2160 1195 2229 1218; x_wconf 85' lang='lat'><strong>1507.</strong></span> 
     </span>
    </p>
   </div>
   <div class='ocr_carea' id='block_1_9' title="bbox 441 1363 2297 1447">
    <p class='ocr_par' dir='ltr' id='par_1_9' title="bbox 441 1363 2297 1447">
     <span class='ocr_line' id='line_1_17' title="bbox 441 1363 2297 1407; baseline -0.001 -9"><span class='ocrx_word' id='word_1_227' title='bbox 441 1363 780 1400; x_wconf 68' lang='lat' dir='ltr'><strong><em>1562.Deli11e1·atao</em></strong></span> <span class='ocrx_word' id='word_1_228' title='bbox 800 1372 926 1407; x_wconf 81' lang='lat' dir='ltr'><strong><em>Capituli</em></strong></span> <span class='ocrx_word' id='word_1_229' title='bbox 941 1372 1086 1406; x_wconf 79' lang='lat' dir='ltr'><strong><em>generalis</em></strong></span> <span class='ocrx_word' id='word_1_230' title='bbox 1106 1371 1171 1398; x_wconf 84' lang='lat' dir='ltr'><strong><em>Ord.</em></strong></span> <span class='ocrx_word' id='word_1_231' title='bbox 1191 1371 1295 1397; x_wconf 76' lang='lat' dir='ltr'><strong><em>Praed,</em></strong></span> <span class='ocrx_word' id='word_1_232' title='bbox 1315 1372 1342 1397; x_wconf 77' lang='lat' dir='ltr'><strong><em>in</em></strong></span> <span class='ocrx_word' id='word_1_233' title='bbox 1360 1374 1485 1406; x_wconf 79' lang='lat' dir='ltr'><strong><em>favorem</em></strong></span> <span class='ocrx_word' id='word_1_234' title='bbox 1500 1372 1640 1398; x_wconf 76' lang='lat' dir='ltr'><strong><em>Iohannis</em></strong></span> <span class='ocrx_word' id='word_1_235' title='bbox 1657 1372 1693 1399; x_wconf 85' lang='lat' dir='ltr'><strong><em>de</em></strong></span> <span class='ocrx_word' id='word_1_236' title='bbox 1711 1373 1876 1398; x_wconf 83' lang='lat' dir='ltr'><strong><em>Montesono</em></strong></span> <span class='ocrx_word' id='word_1_237' title='bbox 1893 1371 1942 1397; x_wconf 87' lang='lat' dir='ltr'><strong><em>lile</em></strong></span> <span class='ocrx_word' id='word_1_238' title='bbox 1956 1371 2098 1407; x_wconf 81' lang='lat' dir='ltr'><strong><em>pendente</em></strong></span> <span class='ocrx_word' id='word_1_239' title='bbox 2115 1371 2188 1397; x_wconf 82' lang='lat' dir='ltr'><strong><em>inter</em></strong></span> <span class='ocrx_word' id='word_1_240' title='bbox 2204 1371 2297 1407; x_wconf 71' lang='lat' dir='ltr'><strong><em>ipsum</em></strong></span> 
     </span>
     <span class='ocr_line' id='line_1_18' title="bbox 523 1421 897 1447; baseline -0.003 0"><span class='ocrx_word' id='word_1_241' title='bbox 523 1425 550 1447; x_wconf 90' lang='lat' dir='ltr'><strong><em>et</em></strong></span> <span class='ocrx_word' id='word_1_242' title='bbox 571 1421 786 1447; x_wconf 58' lang='lat' dir='ltr'><strong><em>universitatem</em></strong></span> <span class='ocrx_word' id='word_1_243' title='bbox 803 1422 897 1446; x_wconf 79' lang='lat' dir='ltr'><strong><em>Paris.</em></strong></span> 
     </span>
    </p>
   </div>
   <div class='ocr_carea' id='block_1_10' title="bbox 437 1456 2300 1652">
    <p class='ocr_par' dir='ltr' id='par_1_10' title="bbox 437 1456 2300 1652">
     <span class='ocr_line' id='line_1_19' title="bbox 1593 1456 2015 1486; baseline -0.005 -3"><span class='ocrx_word' id='word_1_244' title='bbox 1593 1458 1668 1486; x_wconf 82' lang='grc'><em>1388,</em></span> <span class='ocrx_word' id='word_1_245' title='bbox 1686 1457 1754 1483; x_wconf 78' lang='lat' dir='ltr'><strong><em>circa</em></strong></span> <span class='ocrx_word' id='word_1_246' title='bbox 1770 1457 1836 1483; x_wconf 81' lang='lat' dir='ltr'><strong><em>Maii</em></strong></span> <span class='ocrx_word' id='word_1_247' title='bbox 1851 1457 1887 1486; x_wconf 90' lang='grc'><strong><em>17,</em></strong></span> <span class='ocrx_word' id='word_1_248' title='bbox 1904 1456 2015 1482; x_wconf 73' lang='lat' dir='ltr'><strong><em>Rutenis.</em></strong></span> 
     </span>
     <span class='ocr_line' id='line_1_20' title="bbox 525 1539 2299 1586; baseline -0.001 -13"><span class='ocrx_word' id='word_1_249' title='bbox 525 1541 614 1574; x_wconf 87' lang='lat' dir='ltr'><strong><em>Cum</em></strong></span> <span class='ocrx_word' id='word_1_250' title='bbox 637 1541 865 1573; x_wconf 69' lang='lat' dir='ltr'><strong><em>sanctissime</em></strong></span> <span class='ocrx_word' id='word_1_251' title='bbox 894 1541 996 1573; x_wconf 85' lang='lat' dir='ltr'><strong><em>matri</em></strong></span> <span class='ocrx_word' id='word_1_252' title='bbox 1028 1541 1154 1582; x_wconf 82' lang='lat' dir='ltr'><strong><em>Mario,</em></strong></span> <span class='ocrx_word' id='word_1_253' title='bbox 1183 1548 1215 1574; x_wconf 88' lang='lat' dir='ltr'><strong><em>et</em></strong></span> <span class='ocrx_word' id='word_1_254' title='bbox 1243 1541 1357 1574; x_wconf 78' lang='lat' dir='ltr'><strong><em>nostri</em></strong></span> <span class='ocrx_word' id='word_1_255' title='bbox 1379 1540 1529 1574; x_wconf 87' lang='lat' dir='ltr'><strong><em>Ordinis</em></strong></span> <span class='ocrx_word' id='word_1_256' title='bbox 1551 1548 1700 1586; x_wconf 85' lang='lat' dir='ltr'><strong><em>patrone</em></strong></span> <span class='ocrx_word' id='word_1_257' title='bbox 1727 1540 2019 1586; x_wconf 85' lang='lat' dir='ltr'><strong><em>singularissime</em></strong></span> <span class='ocrx_word' id='word_1_258' title='bbox 2047 1546 2083 1573; x_wconf 88' lang='lat' dir='ltr'><strong><em>et</em></strong></span> <span class='ocrx_word' id='word_1_259' title='bbox 2114 1539 2299 1584; x_wconf 85' lang='lat' dir='ltr'><strong><em>precipue,</em></strong></span> 
     </span>
     <span class='ocr_line' id='line_1_21' title="bbox 437 1605 2300 1652; baseline -0.001 -12"><span class='ocrx_word' id='word_1_260' title='bbox 437 1607 555 1640; x_wconf 88' lang='lat' dir='ltr'><strong><em>cultus</em></strong></span> <span class='ocrx_word' id='word_1_261' title='bbox 578 1606 746 1652; x_wconf 84' lang='lat' dir='ltr'><strong><em>specialis</em></strong></span> <span class='ocrx_word' id='word_1_262' title='bbox 767 1613 802 1639; x_wconf 84' lang='lat' dir='ltr'><strong><em>et</em></strong></span> <span class='ocrx_word' id='word_1_263' title='bbox 830 1607 1030 1639; x_wconf 88' lang='lat' dir='ltr'><strong><em>reverentia</em></strong></span> <span class='ocrx_word' id='word_1_264' title='bbox 1059 1607 1302 1652; x_wconf 87' lang='lat' dir='ltr'><strong><em>impendenda</em></strong></span> <span class='ocrx_word' id='word_1_265' title='bbox 1330 1608 1469 1649; x_wconf 81' lang='lat' dir='ltr'><strong><em>sit¹....,</em></strong></span> <span class='ocrx_word' id='word_1_266' title='bbox 1497 1608 1591 1640; x_wconf 88' lang='lat' dir='ltr'><strong><em>utin</em></strong></span> <span class='ocrx_word' id='word_1_267' title='bbox 1613 1607 1846 1640; x_wconf 77' lang='lat' dir='ltr'><strong><em>tribulatione</em></strong></span> <span class='ocrx_word' id='word_1_268' title='bbox 1874 1613 1999 1639; x_wconf 87' lang='lat' dir='ltr'><strong><em>nostro</em></strong></span> <span class='ocrx_word' id='word_1_269' title='bbox 2027 1606 2156 1640; x_wconf 86' lang='lat' dir='ltr'><strong><em>Ordini</em></strong></span> <span class='ocrx_word' id='word_1_270' title='bbox 2183 1605 2300 1638; x_wconf 90' lang='lat' dir='ltr'><strong><em>immi-</em></strong></span> 
     </span>
    </p>
   </div>
   <div class='ocr_carea' id='block_1_11' title="bbox 438 1670 2302 1719">
    <p class='ocr_par' dir='ltr' id='par_1_11' title="bbox 438 1670 2302 1719">
     <span class='ocr_line' id='line_1_22' title="bbox 438 1670 2302 1719; baseline -0.002 -12"><span class='ocrx_word' id='word_1_271' title='bbox 438 1674 556 1707; x_wconf 81' lang='lat' dir='ltr'><strong><em>nenti²</em></strong></span> <span class='ocrx_word' id='word_1_272' title='bbox 586 1680 803 1718; x_wconf 85' lang='lat' dir='ltr'><strong><em>oportunum</em></strong></span> <span class='ocrx_word' id='word_1_273' title='bbox 838 1674 1036 1706; x_wconf 89' lang='lat' dir='ltr'><strong><em>remedium</em></strong></span> <span class='ocrx_word' id='word_1_274' title='bbox 1070 1674 1242 1719; x_wconf 77' lang='lat' dir='ltr'><strong><em>dignetur</em></strong></span> <span class='ocrx_word' id='word_1_275' title='bbox 1271 1674 1558 1707; x_wconf 83' lang='lat' dir='ltr'><strong><em>misericorditer</em></strong></span> <span class='ocrx_word' id='word_1_276' title='bbox 1592 1674 1799 1719; x_wconf 66' lang='lat' dir='ltr'><strong><em>impetrare,</em></strong></span> <span class='ocrx_word' id='word_1_277' title='bbox 1831 1680 1864 1707; x_wconf 88' lang='lat' dir='ltr'><strong><em>et</em></strong></span> <span class='ocrx_word' id='word_1_278' title='bbox 1894 1685 1998 1718; x_wconf 82' lang='lat' dir='ltr'><strong><em>quam</em></strong></span> <span class='ocrx_word' id='word_1_279' title='bbox 2032 1671 2199 1705; x_wconf 89' lang='lat' dir='ltr'><strong><em>nonnulli</em></strong></span> <span class='ocrx_word' id='word_1_280' title='bbox 2233 1670 2302 1705; x_wconf 87' lang='lat' dir='ltr'><strong><em>sub</em></strong></span> 
     </span>
    </p>
   </div>
   <div class='ocr_carea' id='block_1_12' title="bbox 437 1742 2314 2788">
    <p class='ocr_par' dir='ltr' id='par_1_12' title="bbox 437 1742 2304 2056">
     <span class='ocr_line' id='line_1_23' title="bbox 438 1742 2303 1789; baseline -0.001 -12"><span class='ocrx_word' id='word_1_281' title='bbox 438 1745 685 1789; x_wconf 76' lang='lat' dir='ltr'><strong><em>Conceptionis</em></strong></span> <span class='ocrx_word' id='word_1_282' title='bbox 701 1745 847 1777; x_wconf 89' lang='lat' dir='ltr'><strong><em>nomine</em></strong></span> <span class='ocrx_word' id='word_1_283' title='bbox 868 1744 1047 1777; x_wconf 86' lang='lat' dir='ltr'><strong><em>honorare</em></strong></span> <span class='ocrx_word' id='word_1_284' title='bbox 1068 1752 1258 1786; x_wconf 85' lang='lat' dir='ltr'><strong><em>conantur,</em></strong></span> <span class='ocrx_word' id='word_1_285' title='bbox 1277 1757 1344 1778; x_wconf 89' lang='lat' dir='ltr'><strong><em>nos</em></strong></span> <span class='ocrx_word' id='word_1_286' title='bbox 1366 1745 1434 1778; x_wconf 85' lang='lat' dir='ltr'><strong><em>sub</em></strong></span> <span class='ocrx_word' id='word_1_287' title='bbox 1451 1745 1597 1778; x_wconf 86' lang='lat' dir='ltr'><strong><em>nomine</em></strong></span> <span class='ocrx_word' id='word_1_288' title='bbox 1613 1757 1698 1778; x_wconf 84' lang='lat' dir='ltr'><strong><em>vere</em></strong></span> <span class='ocrx_word' id='word_1_289' title='bbox 1717 1744 1930 1778; x_wconf 86' lang='lat' dir='ltr'><strong><em>Innocentie</em></strong></span> <span class='ocrx_word' id='word_1_290' title='bbox 1947 1750 1980 1777; x_wconf 90' lang='lat' dir='ltr'><strong><em>et</em></strong></span> <span class='ocrx_word' id='word_1_291' title='bbox 1996 1742 2303 1788; x_wconf 68' lang='lat' dir='ltr'><strong><em>Satzctfficatz‘onz&#39;s</em></strong></span> 
     </span>
     <span class='ocr_line' id='line_1_24' title="bbox 438 1807 2303 1857; baseline -0.001 -14"><span class='ocrx_word' id='word_1_292' title='bbox 438 1811 551 1856; x_wconf 86' lang='lat' dir='ltr'><strong><em>ipsam</em></strong></span> <span class='ocrx_word' id='word_1_293' title='bbox 574 1811 694 1856; x_wconf 90' lang='lat' dir='ltr'><strong><em>potius</em></strong></span> <span class='ocrx_word' id='word_1_294' title='bbox 715 1810 937 1844; x_wconf 84' lang='lat' dir='ltr'><strong><em>honoremus</em></strong></span> <span class='ocrx_word' id='word_1_295' title='bbox 956 1823 962 1843; x_wconf 92' lang='lat'>:</span> <span class='ocrx_word' id='word_1_296' title='bbox 987 1811 1197 1844; x_wconf 86' lang='lat' dir='ltr'><strong><em>ordinamus</em></strong></span> <span class='ocrx_word' id='word_1_297' title='bbox 1219 1812 1315 1857; x_wconf 91' lang='lat' dir='ltr'><strong><em>quod</em></strong></span> <span class='ocrx_word' id='word_1_298' title='bbox 1338 1812 1374 1844; x_wconf 90' lang='lat' dir='ltr'><strong><em>in</em></strong></span> <span class='ocrx_word' id='word_1_299' title='bbox 1395 1811 1569 1845; x_wconf 87' lang='lat' dir='ltr'><strong><em>honorem</em></strong></span> <span class='ocrx_word' id='word_1_300' title='bbox 1593 1813 1632 1844; x_wconf 93' lang='lat' dir='ltr'><strong><em>B.</em></strong></span> <span class='ocrx_word' id='word_1_301' title='bbox 1663 1811 1775 1844; x_wconf 88' lang='lat' dir='ltr'><strong><em>Marie</em></strong></span> <span class='ocrx_word' id='word_1_302' title='bbox 1796 1811 1856 1844; x_wconf 86' lang='lat' dir='ltr'><strong><em>fiat</em></strong></span> <span class='ocrx_word' id='word_1_303' title='bbox 1882 1811 2014 1844; x_wconf 85' lang='lat' dir='ltr'><strong><em>festum</em></strong></span> <span class='ocrx_word' id='word_1_304' title='bbox 2036 1816 2147 1843; x_wconf 88' lang='lat' dir='ltr'><strong><em>totum</em></strong></span> <span class='ocrx_word' id='word_1_305' title='bbox 2170 1807 2303 1854; x_wconf 87' lang='lat' dir='ltr'><strong><em>duplex</em></strong></span> 
     </span>
     <span class='ocr_line' id='line_1_25' title="bbox 437 1875 2304 1923; baseline -0.001 -13"><span class='ocrx_word' id='word_1_306' title='bbox 437 1879 489 1911; x_wconf 88' lang='lat' dir='ltr'><strong><em>De</em></strong></span> <span class='ocrx_word' id='word_1_307' title='bbox 504 1878 795 1923; x_wconf 82' lang='lat' dir='ltr'><strong><em>Sanctificatione</em></strong></span> <span class='ocrx_word' id='word_1_308' title='bbox 812 1878 974 1922; x_wconf 87' lang='lat' dir='ltr'><strong><em>ejusdem</em></strong></span> <span class='ocrx_word' id='word_1_309' title='bbox 992 1878 1156 1923; x_wconf 84' lang='lat' dir='ltr'><strong><em>Virginis</em></strong></span> <span class='ocrx_word' id='word_1_310' title='bbox 1178 1878 1340 1922; x_wconf 78' lang='lat' dir='ltr'><strong><em>gloriose</em></strong></span> <span class='ocrx_word' id='word_1_311' title='bbox 1357 1891 1436 1911; x_wconf 86' lang='lat' dir='ltr'><strong><em>cum</em></strong></span> <span class='ocrx_word' id='word_1_312' title='bbox 1455 1878 1572 1911; x_wconf 82' lang='lat' dir='ltr'><strong><em>officio</em></strong></span> <span class='ocrx_word' id='word_1_313' title='bbox 1590 1879 1634 1911; x_wconf 89' lang='lat' dir='ltr'><strong><em>de</em></strong></span> <span class='ocrx_word' id='word_1_314' title='bbox 1651 1878 1840 1911; x_wconf 85' lang='lat' dir='ltr'><strong><em>Nativitate</em></strong></span> <span class='ocrx_word' id='word_1_315' title='bbox 1857 1877 1987 1922; x_wconf 67' lang='lat' dir='ltr'><strong><em>ipsius,</em></strong></span> <span class='ocrx_word' id='word_1_316' title='bbox 2005 1882 2140 1909; x_wconf 88' lang='lat' dir='ltr'><strong><em>mutato</em></strong></span> <span class='ocrx_word' id='word_1_317' title='bbox 2157 1875 2304 1908; x_wconf 89' lang='lat' dir='ltr'><strong><em>nomine</em></strong></span> 
     </span>
     <span class='ocr_line' id='line_1_26' title="bbox 439 1941 2304 1990; baseline -0.001 -14"><span class='ocrx_word' id='word_1_318' title='bbox 439 1944 639 1977; x_wconf 84' lang='lat' dir='ltr'><strong><em>Nativitatis</em></strong></span> <span class='ocrx_word' id='word_1_319' title='bbox 661 1945 697 1976; x_wconf 94' lang='lat' dir='ltr'><strong><em>in</em></strong></span> <span class='ocrx_word' id='word_1_320' title='bbox 718 1956 850 1977; x_wconf 87' lang='lat' dir='ltr'><strong><em>nomen</em></strong></span> <span class='ocrx_word' id='word_1_321' title='bbox 872 1944 1186 1986; x_wconf 75' lang='lat' dir='ltr'><strong><em>sanctificationis,</em></strong></span> <span class='ocrx_word' id='word_1_322' title='bbox 1205 1945 1321 1978; x_wconf 91' lang='lat' dir='ltr'><strong><em>donec</em></strong></span> <span class='ocrx_word' id='word_1_323' title='bbox 1343 1958 1406 1990; x_wconf 87' lang='lat' dir='ltr'><strong><em>per</em></strong></span> <span class='ocrx_word' id='word_1_324' title='bbox 1424 1952 1587 1978; x_wconf 87' lang='lat' dir='ltr'><strong><em>nostrum</em></strong></span> <span class='ocrx_word' id='word_1_325' title='bbox 1605 1945 1778 1978; x_wconf 87' lang='lat' dir='ltr'><strong><em>Ordinem</em></strong></span> <span class='ocrx_word' id='word_1_326' title='bbox 1802 1944 1845 1977; x_wconf 92' lang='lat' dir='ltr'><strong><em>de</em></strong></span> <span class='ocrx_word' id='word_1_327' title='bbox 1867 1943 1984 1977; x_wconf 76' lang='lat' dir='ltr'><strong><em>officio</em></strong></span> <span class='ocrx_word' id='word_1_328' title='bbox 2003 1941 2304 1976; x_wconf 87' lang='lat' dir='ltr'><strong><em>Sanctificationis</em></strong></span> 
     </span>
     <span class='ocr_line' id='line_1_27' title="bbox 439 2011 869 2056; baseline 0 -13"><span class='ocrx_word' id='word_1_329' title='bbox 439 2011 541 2044; x_wconf 87' lang='lat' dir='ltr'><strong><em>aliter</em></strong></span> <span class='ocrx_word' id='word_1_330' title='bbox 562 2011 608 2043; x_wconf 88' lang='lat' dir='ltr'><strong><em>sit</em></strong></span> <span class='ocrx_word' id='word_1_331' title='bbox 629 2011 869 2056; x_wconf 86' lang='lat' dir='ltr'><strong><em>provisum....</em></strong></span> 
     </span>
    </p>

    <p class='ocr_par' dir='ltr' id='par_1_13' title="bbox 442 2075 2314 2788">
     <span class='ocr_line' id='line_1_28' title="bbox 529 2075 2307 2124; baseline -0.002 -13"><span class='ocrx_word' id='word_1_332' title='bbox 529 2078 632 2119; x_wconf 87' lang='lat' dir='ltr'><strong><em>Cum,</em></strong></span> <span class='ocrx_word' id='word_1_333' title='bbox 651 2078 733 2122; x_wconf 88' lang='lat' dir='ltr'><strong><em>quia</em></strong></span> <span class='ocrx_word' id='word_1_334' title='bbox 755 2084 876 2111; x_wconf 88' lang='lat' dir='ltr'><strong><em>contra</em></strong></span> <span class='ocrx_word' id='word_1_335' title='bbox 899 2079 1096 2111; x_wconf 85' lang='lat' dir='ltr'><strong><em>nonnullos</em></strong></span> <span class='ocrx_word' id='word_1_336' title='bbox 1114 2079 1174 2123; x_wconf 90' lang='lat' dir='ltr'><strong><em>qui</em></strong></span> <span class='ocrx_word' id='word_1_337' title='bbox 1197 2090 1385 2124; x_wconf 86' lang='lat' dir='ltr'><strong><em>perperam</em></strong></span> <span class='ocrx_word' id='word_1_338' title='bbox 1404 2086 1437 2112; x_wconf 89' lang='lat' dir='ltr'><strong><em>et</em></strong></span> <span class='ocrx_word' id='word_1_339' title='bbox 1458 2080 1606 2123; x_wconf 68' lang='lat' dir='ltr'><strong><em>injuste,</em></strong></span> <span class='ocrx_word' id='word_1_340' title='bbox 1626 2085 1663 2111; x_wconf 89' lang='lat' dir='ltr'><strong><em>ut</em></strong></span> <span class='ocrx_word' id='word_1_341' title='bbox 1683 2085 1862 2119; x_wconf 86' lang='lat' dir='ltr'><strong><em>tenemus,</em></strong></span> <span class='ocrx_word' id='word_1_342' title='bbox 1880 2077 2066 2111; x_wconf 89' lang='lat' dir='ltr'><strong><em>veritatem</em></strong></span> <span class='ocrx_word' id='word_1_343' title='bbox 2084 2075 2170 2109; x_wconf 87' lang='lat' dir='ltr'><strong><em>fidei</em></strong></span> <span class='ocrx_word' id='word_1_344' title='bbox 2190 2086 2307 2109; x_wconf 86' lang='lat' dir='ltr'><strong><em>sacre-</em></strong></span> 
     </span>
     <span class='ocr_line' id='line_1_29' title="bbox 442 2141 2306 2189; baseline -0.001 -13"><span class='ocrx_word' id='word_1_345' title='bbox 442 2156 510 2189; x_wconf 90' lang='lat' dir='ltr'><strong><em>que</em></strong></span> <span class='ocrx_word' id='word_1_346' title='bbox 543 2144 723 2189; x_wconf 86' lang='lat' dir='ltr'><strong><em>scripture</em></strong></span> <span class='ocrx_word' id='word_1_347' title='bbox 755 2156 793 2177; x_wconf 87' lang='lat' dir='ltr'><strong><em>ae</em></strong></span> <span class='ocrx_word' id='word_1_348' title='bbox 825 2145 985 2177; x_wconf 87' lang='lat' dir='ltr'><strong><em>doctoris</em></strong></span> <span class='ocrx_word' id='word_1_349' title='bbox 1018 2146 1133 2178; x_wconf 83' lang='lat' dir='ltr'><strong><em>nostri</em></strong></span> <span class='ocrx_word' id='word_1_350' title='bbox 1164 2146 1285 2178; x_wconf 86' lang='lat' dir='ltr'><strong><em>eximii</em></strong></span> <span class='ocrx_word' id='word_1_351' title='bbox 1321 2146 1433 2178; x_wconf 88' lang='lat' dir='ltr'><strong><em>sancti</em></strong></span> <span class='ocrx_word' id='word_1_352' title='bbox 1464 2145 1600 2178; x_wconf 90' lang='lat' dir='ltr'><strong><em>Thome</em></strong></span> <span class='ocrx_word' id='word_1_353' title='bbox 1635 2145 1795 2178; x_wconf 78' lang='lat' dir='ltr'><strong><em>parisius</em></strong></span> <span class='ocrx_word' id='word_1_354' title='bbox 1829 2144 2174 2183; x_wconf 84' lang='lat' dir='ltr'><strong><em>condemnaverunt,</em></strong></span> <span class='ocrx_word' id='word_1_355' title='bbox 2206 2141 2306 2175; x_wconf 89' lang='lat' dir='ltr'><strong><em>Ordo</em></strong></span> 
     </span>
     <span class='ocr_line' id='line_1_30' title="bbox 444 2208 2306 2257; baseline -0.002 -14"><span class='ocrx_word' id='word_1_356' title='bbox 444 2217 568 2244; x_wconf 86' lang='lat' dir='ltr'><strong><em>noster</em></strong></span> <span class='ocrx_word' id='word_1_357' title='bbox 588 2210 717 2244; x_wconf 87' lang='lat' dir='ltr'><strong><em>habeat</em></strong></span> <span class='ocrx_word' id='word_1_358' title='bbox 736 2211 772 2243; x_wconf 89' lang='lat' dir='ltr'><strong><em>in</em></strong></span> <span class='ocrx_word' id='word_1_359' title='bbox 794 2213 951 2244; x_wconf 86' lang='lat' dir='ltr'><strong><em>Romana</em></strong></span> <span class='ocrx_word' id='word_1_360' title='bbox 973 2212 1071 2244; x_wconf 90' lang='lat' dir='ltr'><strong><em>curia</em></strong></span> <span class='ocrx_word' id='word_1_361' title='bbox 1094 2212 1301 2245; x_wconf 88' lang='lat' dir='ltr'><strong><em>necessario</em></strong></span> <span class='ocrx_word' id='word_1_362' title='bbox 1319 2212 1474 2257; x_wconf 72' lang='lat' dir='ltr'><strong><em>litigare,</em></strong></span> <span class='ocrx_word' id='word_1_363' title='bbox 1494 2212 1590 2256; x_wconf 89' lang='lat' dir='ltr'><strong><em>quod</em></strong></span> <span class='ocrx_word' id='word_1_364' title='bbox 1614 2224 1685 2244; x_wconf 87' lang='lat' dir='ltr'><strong><em>non</em></strong></span> <span class='ocrx_word' id='word_1_365' title='bbox 1707 2217 1827 2256; x_wconf 88' lang='lat' dir='ltr'><strong><em>potest</em></strong></span> <span class='ocrx_word' id='word_1_366' title='bbox 1847 2221 2008 2255; x_wconf 86' lang='lat' dir='ltr'><strong><em>congrue</em></strong></span> <span class='ocrx_word' id='word_1_367' title='bbox 2029 2210 2147 2242; x_wconf 83' lang='lat' dir='ltr'><strong><em>facere</em></strong></span> <span class='ocrx_word' id='word_1_368' title='bbox 2168 2208 2306 2253; x_wconf 84' lang='lat' dir='ltr'><strong><em>absque</em></strong></span> 
     </span>
     <span class='ocr_line' id='line_1_31' title="bbox 444 2274 2307 2324; baseline -0.002 -14"><span class='ocrx_word' id='word_1_369' title='bbox 444 2277 613 2321; x_wconf 83' lang='lat' dir='ltr'><strong><em>expensis</em></strong></span> <span class='ocrx_word' id='word_1_370' title='bbox 635 2277 899 2310; x_wconf 81' lang='lat' dir='ltr'><strong><em>sufficientibus</em></strong></span> <span class='ocrx_word' id='word_1_371' title='bbox 920 2290 985 2323; x_wconf 87' lang='lat' dir='ltr'><strong><em>pro</em></strong></span> <span class='ocrx_word' id='word_1_372' title='bbox 1006 2277 1074 2311; x_wconf 91' lang='lat' dir='ltr'><strong><em>hoc</em></strong></span> <span class='ocrx_word' id='word_1_373' title='bbox 1096 2278 1193 2323; x_wconf 85' lang='lat' dir='ltr'><strong><em>ipso;</em></strong></span> <span class='ocrx_word' id='word_1_374' title='bbox 1213 2285 1405 2324; x_wconf 86' lang='lat' dir='ltr'><strong><em>eapropter</em></strong></span> <span class='ocrx_word' id='word_1_375' title='bbox 1420 2278 1539 2311; x_wconf 89' lang='lat' dir='ltr'><strong><em>habita</em></strong></span> <span class='ocrx_word' id='word_1_376' title='bbox 1562 2278 1824 2311; x_wconf 80' lang='lat' dir='ltr'><strong><em>deliberatione</em></strong></span> <span class='ocrx_word' id='word_1_377' title='bbox 1841 2288 1952 2322; x_wconf 82' lang='lat' dir='ltr'><strong><em>super</em></strong></span> <span class='ocrx_word' id='word_1_378' title='bbox 1968 2275 2075 2308; x_wconf 89' lang='lat' dir='ltr'><strong><em>modo</em></strong></span> <span class='ocrx_word' id='word_1_379' title='bbox 2097 2274 2307 2319; x_wconf 89' lang='lat' dir='ltr'><strong><em>hujusmodi</em></strong></span> 
     </span>
     <span class='ocr_line' id='line_1_32' title="bbox 447 2343 2309 2390; baseline -0.001 -15"><span class='ocrx_word' id='word_1_380' title='bbox 447 2343 650 2376; x_wconf 86' lang='lat' dir='ltr'><strong><em>necessaria</em></strong></span> <span class='ocrx_word' id='word_1_381' title='bbox 672 2355 736 2388; x_wconf 93' lang='lat' dir='ltr'><strong><em>pro</em></strong></span> <span class='ocrx_word' id='word_1_382' title='bbox 758 2345 929 2388; x_wconf 84' lang='lat' dir='ltr'><strong><em>expensis</em></strong></span> <span class='ocrx_word' id='word_1_383' title='bbox 949 2344 1159 2389; x_wconf 85' lang='lat' dir='ltr'><strong><em>hujusmodi</em></strong></span> <span class='ocrx_word' id='word_1_384' title='bbox 1180 2345 1415 2386; x_wconf 88' lang='lat' dir='ltr'><strong><em>conserimus,</em></strong></span> <span class='ocrx_word' id='word_1_385' title='bbox 1439 2345 1536 2390; x_wconf 93' lang='lat' dir='ltr'><strong><em>quod</em></strong></span> <span class='ocrx_word' id='word_1_386' title='bbox 1558 2346 1659 2389; x_wconf 88' lang='lat' dir='ltr'><strong><em>juxta</em></strong></span> <span class='ocrx_word' id='word_1_387' title='bbox 1688 2351 1895 2377; x_wconf 87' lang='lat' dir='ltr'><strong><em>nostrorum</em></strong></span> <span class='ocrx_word' id='word_1_388' title='bbox 1917 2348 2159 2375; x_wconf 88' lang='lat' dir='ltr'><strong><em>conventuum</em></strong></span> <span class='ocrx_word' id='word_1_389' title='bbox 2182 2352 2309 2373; x_wconf 89' lang='lat' dir='ltr'><strong><em>nume-</em></strong></span> 
     </span>
     <span class='ocr_line' id='line_1_33' title="bbox 447 2406 2309 2456; baseline -0.001 -15"><span class='ocrx_word' id='word_1_390' title='bbox 447 2421 524 2442; x_wconf 89' lang='lat' dir='ltr'><strong><em>rum</em></strong></span> <span class='ocrx_word' id='word_1_391' title='bbox 556 2421 620 2454; x_wconf 89' lang='lat' dir='ltr'><strong><em>pro</em></strong></span> <span class='ocrx_word' id='word_1_392' title='bbox 649 2422 786 2443; x_wconf 80' lang='lat' dir='ltr'><strong><em>sumina</em></strong></span> <span class='ocrx_word' id='word_1_393' title='bbox 816 2410 915 2443; x_wconf 88' lang='lat' dir='ltr'><strong><em>mille</em></strong></span> <span class='ocrx_word' id='word_1_394' title='bbox 943 2418 978 2443; x_wconf 87' lang='lat' dir='ltr'><strong><em>et</em></strong></span> <span class='ocrx_word' id='word_1_395' title='bbox 1007 2411 1269 2456; x_wconf 87' lang='lat' dir='ltr'><strong><em>quinquaginta</em></strong></span> <span class='ocrx_word' id='word_1_396' title='bbox 1295 2411 1516 2444; x_wconf 89' lang='lat' dir='ltr'><strong><em>florenorum</em></strong></span> <span class='ocrx_word' id='word_1_397' title='bbox 1546 2411 1722 2456; x_wconf 83' lang='lat' dir='ltr'><strong><em>equaliter</em></strong></span> <span class='ocrx_word' id='word_1_398' title='bbox 1742 2409 1938 2443; x_wconf 89' lang='lat' dir='ltr'><strong><em>dividendo</em></strong></span> <span class='ocrx_word' id='word_1_399' title='bbox 1964 2411 2046 2453; x_wconf 85' lang='lat' dir='ltr'><strong><em>(que</em></strong></span> <span class='ocrx_word' id='word_1_400' title='bbox 2067 2419 2206 2441; x_wconf 88' lang='lat' dir='ltr'><strong><em>summa</em></strong></span> <span class='ocrx_word' id='word_1_401' title='bbox 2226 2406 2309 2452; x_wconf 92' lang='lat' dir='ltr'><strong><em>plus</em></strong></span> 
     </span>
     <span class='ocr_line' id='line_1_34' title="bbox 449 2473 2311 2523; baseline -0.001 -16"><span class='ocrx_word' id='word_1_402' title='bbox 449 2476 613 2508; x_wconf 88' lang='lat' dir='ltr'><strong><em>minusve</em></strong></span> <span class='ocrx_word' id='word_1_403' title='bbox 634 2476 776 2508; x_wconf 85' lang='lat' dir='ltr'><strong><em>videtur</em></strong></span> <span class='ocrx_word' id='word_1_404' title='bbox 797 2488 906 2521; x_wconf 90' lang='lat' dir='ltr'><strong><em>posse</em></strong></span> <span class='ocrx_word' id='word_1_405' title='bbox 928 2477 1094 2510; x_wconf 86' lang='lat' dir='ltr'><strong><em>sufficere</em></strong></span> <span class='ocrx_word' id='word_1_406' title='bbox 1115 2490 1180 2523; x_wconf 90' lang='lat' dir='ltr'><strong><em>pro</em></strong></span> <span class='ocrx_word' id='word_1_407' title='bbox 1203 2478 1373 2523; x_wconf 84' lang='lat' dir='ltr'><strong><em>expensis</em></strong></span> <span class='ocrx_word' id='word_1_408' title='bbox 1400 2478 1576 2511; x_wconf 82' lang='lat' dir='ltr'><strong><em>faciendis</em></strong></span> <span class='ocrx_word' id='word_1_409' title='bbox 1598 2477 1642 2510; x_wconf 89' lang='lat' dir='ltr'><strong><em>de</em></strong></span> <span class='ocrx_word' id='word_1_410' title='bbox 1670 2477 1833 2522; x_wconf 84' lang='lat' dir='ltr'><strong><em>proximo</em></strong></span> <span class='ocrx_word' id='word_1_411' title='bbox 1855 2482 1891 2509; x_wconf 88' lang='lat' dir='ltr'><strong><em>et</em></strong></span> <span class='ocrx_word' id='word_1_412' title='bbox 1911 2477 1985 2520; x_wconf 86' lang='lat' dir='ltr'><strong><em>jam</em></strong></span> <span class='ocrx_word' id='word_1_413' title='bbox 2014 2475 2128 2519; x_wconf 85' lang='lat' dir='ltr'><strong><em>sactis)</em></strong></span> <span class='ocrx_word' id='word_1_414' title='bbox 2158 2473 2311 2519; x_wconf 89' lang='lat' dir='ltr'><strong><em>quilibet</em></strong></span> 
     </span>
     <span class='ocr_line' id='line_1_35' title="bbox 450 2540 2311 2589; baseline 0 -16"><span class='ocrx_word' id='word_1_415' title='bbox 450 2548 650 2574; x_wconf 85' lang='lat' dir='ltr'><strong><em>conventus</em></strong></span> <span class='ocrx_word' id='word_1_416' title='bbox 677 2542 720 2574; x_wconf 80' lang='lat' dir='ltr'><strong><em>ad</em></strong></span> <span class='ocrx_word' id='word_1_417' title='bbox 748 2554 810 2575; x_wconf 82' lang='lat' dir='ltr'><strong><em>sex</em></strong></span> <span class='ocrx_word' id='word_1_418' title='bbox 839 2543 999 2576; x_wconf 88' lang='lat' dir='ltr'><strong><em>florenos</em></strong></span> <span class='ocrx_word' id='word_1_419' title='bbox 1030 2544 1077 2577; x_wconf 87' lang='lat' dir='ltr'><strong><em>sit</em></strong></span> <span class='ocrx_word' id='word_1_420' title='bbox 1104 2544 1292 2577; x_wconf 86' lang='lat' dir='ltr'><strong><em>taxandus.</em></strong></span> <span class='ocrx_word' id='word_1_421' title='bbox 1322 2545 1550 2589; x_wconf 86' lang='lat' dir='ltr'><strong><em>Quapropter</em></strong></span> <span class='ocrx_word' id='word_1_422' title='bbox 1578 2543 1763 2589; x_wconf 86' lang='lat' dir='ltr'><strong><em>provincia</em></strong></span> <span class='ocrx_word' id='word_1_423' title='bbox 1794 2542 1986 2587; x_wconf 80' lang='lat' dir='ltr'><strong><em>Hispanie⁸</em></strong></span> <span class='ocrx_word' id='word_1_424' title='bbox 2012 2542 2113 2586; x_wconf 86' lang='lat' dir='ltr'><strong><em>juxta</em></strong></span> <span class='ocrx_word' id='word_1_425' title='bbox 2134 2540 2311 2586; x_wconf 85' lang='lat' dir='ltr'><strong><em>premissa</em></strong></span> 
     </span>
     <span class='ocr_line' id='line_1_36' title="bbox 453 2606 2312 2656; baseline -0.001 -16"><span class='ocrx_word' id='word_1_426' title='bbox 453 2607 632 2640; x_wconf 86' lang='lat' dir='ltr'><strong><em>tenebitur</em></strong></span> <span class='ocrx_word' id='word_1_427' title='bbox 660 2608 801 2641; x_wconf 85' lang='lat' dir='ltr'><strong><em>solvere</em></strong></span> <span class='ocrx_word' id='word_1_428' title='bbox 829 2616 972 2642; x_wconf 85' lang='lat' dir='ltr'><strong><em>centum</em></strong></span> <span class='ocrx_word' id='word_1_429' title='bbox 1001 2611 1186 2656; x_wconf 87' lang='lat' dir='ltr'><strong><em>sexaginta</em></strong></span> <span class='ocrx_word' id='word_1_430' title='bbox 1215 2617 1250 2644; x_wconf 87' lang='lat' dir='ltr'><strong><em>et</em></strong></span> <span class='ocrx_word' id='word_1_431' title='bbox 1279 2623 1388 2643; x_wconf 89' lang='lat' dir='ltr'><strong><em>unum</em></strong></span> <span class='ocrx_word' id='word_1_432' title='bbox 1418 2610 1591 2652; x_wconf 83' lang='lat' dir='ltr'><strong><em>florenos,</em></strong></span> <span class='ocrx_word' id='word_1_433' title='bbox 1621 2609 1805 2655; x_wconf 76' lang='lat' dir='ltr'><strong><em>provincia</em></strong></span> <span class='ocrx_word' id='word_1_434' title='bbox 1826 2608 2031 2642; x_wconf 85' lang='lat' dir='ltr'><strong><em>Tholosana</em></strong></span> <span class='ocrx_word' id='word_1_435' title='bbox 2061 2607 2244 2641; x_wconf 86' lang='lat' dir='ltr'><strong><em>tenebitur</em></strong></span> <span class='ocrx_word' id='word_1_436' title='bbox 2268 2606 2312 2640; x_wconf 91' lang='lat' dir='ltr'><strong><em>ad</em></strong></span> 
     </span>
     <span class='ocr_line' id='line_1_37' title="bbox 452 2674 2314 2722; baseline 0 -16"><span class='ocrx_word' id='word_1_437' title='bbox 452 2681 594 2706; x_wconf 81' lang='lat' dir='ltr'><strong><em>centum</em></strong></span> <span class='ocrx_word' id='word_1_438' title='bbox 617 2675 812 2719; x_wconf 84' lang='lat' dir='ltr'><strong><em>nonaginta</em></strong></span> <span class='ocrx_word' id='word_1_439' title='bbox 833 2675 924 2708; x_wconf 88' lang='lat' dir='ltr'><strong><em>duos</em></strong></span> <span class='ocrx_word' id='word_1_440' title='bbox 954 2676 1126 2718; x_wconf 84' lang='lat' dir='ltr'><strong><em>florenos,</em></strong></span> <span class='ocrx_word' id='word_1_441' title='bbox 1150 2677 1335 2722; x_wconf 88' lang='lat' dir='ltr'><strong><em>provincia</em></strong></span> <span class='ocrx_word' id='word_1_442' title='bbox 1357 2677 1505 2710; x_wconf 87' lang='lat' dir='ltr'><strong><em>Francie</em></strong></span> <span class='ocrx_word' id='word_1_443' title='bbox 1526 2677 1569 2710; x_wconf 90' lang='lat' dir='ltr'><strong><em>ad</em></strong></span> <span class='ocrx_word' id='word_1_444' title='bbox 1590 2683 1791 2709; x_wconf 88' lang='lat' dir='ltr'><strong><em>tercentum</em></strong></span> <span class='ocrx_word' id='word_1_445' title='bbox 1819 2675 2004 2720; x_wconf 86' lang='lat' dir='ltr'><strong><em>sexaginta</em></strong></span> <span class='ocrx_word' id='word_1_446' title='bbox 2030 2674 2204 2715; x_wconf 89' lang='lat' dir='ltr'><strong><em>florenos,</em></strong></span> <span class='ocrx_word' id='word_1_447' title='bbox 2231 2685 2314 2719; x_wconf 90' lang='lat' dir='ltr'><strong><em>pro-</em></strong></span> 
     </span>
     <span class='ocr_line' id='line_1_38' title="bbox 453 2740 2313 2788; baseline 0 -16"><span class='ocrx_word' id='word_1_448' title='bbox 453 2741 569 2773; x_wconf 87' lang='lat' dir='ltr'><strong><em>vincia</em></strong></span> <span class='ocrx_word' id='word_1_449' title='bbox 594 2741 776 2785; x_wconf 85' lang='lat' dir='ltr'><strong><em>Aragonie</em></strong></span> <span class='ocrx_word' id='word_1_450' title='bbox 809 2742 845 2773; x_wconf 89' lang='lat' dir='ltr'><strong><em>in</em></strong></span> <span class='ocrx_word' id='word_1_451' title='bbox 873 2749 1016 2775; x_wconf 86' lang='lat' dir='ltr'><strong><em>centum</em></strong></span> <span class='ocrx_word' id='word_1_452' title='bbox 1045 2743 1218 2776; x_wconf 88' lang='lat' dir='ltr'><strong><em>tredecim</em></strong></span> <span class='ocrx_word' id='word_1_453' title='bbox 1248 2744 1422 2785; x_wconf 77' lang='lat' dir='ltr'><strong><em>florenos,</em></strong></span> <span class='ocrx_word' id='word_1_454' title='bbox 1449 2743 1634 2788; x_wconf 82' lang='lat' dir='ltr'><strong><em>provincia</em></strong></span> <span class='ocrx_word' id='word_1_455' title='bbox 1662 2742 1852 2776; x_wconf 84' lang='lat' dir='ltr'><strong><em>Provincie</em></strong></span> <span class='ocrx_word' id='word_1_456' title='bbox 1879 2742 1923 2774; x_wconf 89' lang='lat' dir='ltr'><strong><em>ad</em></strong></span> <span class='ocrx_word' id='word_1_457' title='bbox 1951 2748 2095 2774; x_wconf 88' lang='lat' dir='ltr'><strong><em>centum</em></strong></span> <span class='ocrx_word' id='word_1_458' title='bbox 2128 2740 2313 2785; x_wconf 86' lang='lat' dir='ltr'><strong><em>sexaginta</em></strong></span> 
     </span>
    </p>
   </div>
   <div class='ocr_carea' id='block_1_13' title="bbox 455 2806 2313 2922">
    <p class='ocr_par' dir='ltr' id='par_1_14' title="bbox 455 2806 2313 2922">
     <span class='ocr_line' id='line_1_39' title="bbox 455 2806 2313 2855; baseline 0 -16"><span class='ocrx_word' id='word_1_459' title='bbox 455 2807 547 2839; x_wconf 89' lang='lat' dir='ltr'><strong><em>duos</em></strong></span> <span class='ocrx_word' id='word_1_460' title='bbox 574 2806 747 2848; x_wconf 84' lang='lat' dir='ltr'><strong><em>florenos,</em></strong></span> <span class='ocrx_word' id='word_1_461' title='bbox 774 2808 957 2852; x_wconf 89' lang='lat' dir='ltr'><strong><em>provincia</em></strong></span> <span class='ocrx_word' id='word_1_462' title='bbox 986 2809 1204 2843; x_wconf 90' lang='lat' dir='ltr'><strong><em>Lombardie</em></strong></span> <span class='ocrx_word' id='word_1_463' title='bbox 1234 2810 1436 2855; x_wconf 87' lang='lat' dir='ltr'><strong><em>superioris</em></strong></span> <span class='ocrx_word' id='word_1_464' title='bbox 1461 2809 1505 2842; x_wconf 94' lang='lat' dir='ltr'><strong><em>ad</em></strong></span> <span class='ocrx_word' id='word_1_465' title='bbox 1535 2809 1772 2854; x_wconf 84' lang='lat' dir='ltr'><strong><em>quadraginta</em></strong></span> <span class='ocrx_word' id='word_1_466' title='bbox 1800 2815 1880 2841; x_wconf 89' lang='lat' dir='ltr'><strong><em>octo</em></strong></span> <span class='ocrx_word' id='word_1_467' title='bbox 1912 2808 2086 2849; x_wconf 86' lang='lat' dir='ltr'><strong><em>florenos,</em></strong></span> <span class='ocrx_word' id='word_1_468' title='bbox 2112 2813 2313 2840; x_wconf 85' lang='lat' dir='ltr'><strong><em>conventus</em></strong></span> 
     </span>
     <span class='ocr_line' id='line_1_40' title="bbox 457 2872 1601 2922; baseline 0.004 -18"><span class='ocrx_word' id='word_1_469' title='bbox 457 2872 734 2918; x_wconf 46' lang='lat' dir='ltr'><strong><em>Frilmrgensisb</em></strong></span> <span class='ocrx_word' id='word_1_470' title='bbox 758 2874 941 2918; x_wconf 85' lang='lat' dir='ltr'><strong><em>provincie</em></strong></span> <span class='ocrx_word' id='word_1_471' title='bbox 958 2875 1182 2909; x_wconf 87' lang='lat' dir='ltr'><strong><em>Theutonice</em></strong></span> <span class='ocrx_word' id='word_1_472' title='bbox 1203 2876 1247 2909; x_wconf 87' lang='lat' dir='ltr'><strong><em>ad</em></strong></span> <span class='ocrx_word' id='word_1_473' title='bbox 1269 2883 1406 2922; x_wconf 87' lang='lat' dir='ltr'><strong><em>septem</em></strong></span> <span class='ocrx_word' id='word_1_474' title='bbox 1430 2876 1601 2909; x_wconf 86' lang='lat' dir='ltr'><strong><em>florenos.</em></strong></span> 
     </span>
    </p>
   </div>
  </div>
 </body>
</html>
