2488 3386
224 320 321 356 1385]
642 335 687 355 AB
723 334 827 355 ANNO
863 335 992 356 MCCCL
1030 335 1157 362 tJSQUE
1193 335 1240 356 Αυ
1276 335 1538 357 11ΕΝ13010’111111
1574 337 1662 358 Χιιι.
2020 329 2081 361 407

221 406 342 439 debite
363 407 638 440 reformacionis
659 409 935 452 cujuscumque,
958 408 1049 440 alme
1072 408 1194 441 matris
1216 415 1340 440 nostre
1364 409 1617 442 Universitatis
1638 422 1676 442 ac
1699 411 1850 443 rectoris
1871 418 1906 444 et
1930 412 2081 444 rectorie

222 473 430 506 reverencia
451 485 596 519 semper
616 473 724 507 salva.

308 541 425 583 xxiiij.
451 541 539 573 Item
571 547 649 573 esto
686 540 783 584 quod
818 540 996 573 dictorum
1032 540 1266 573 articulorum
1302 541 1612 585 impertinenciam
1648 549 1682 574 et
1716 543 2079 577 inadmissibilitatem

220 606 390 639 dominus
425 618 528 639 meus
559 618 678 639 coram
708 614 827 640 vestra
859 607 1164 640 reverendissima
1202 607 1414 651 paternitate
1450 619 1488 640 se
1525 608 1662 652 pluries
1692 621 1734 641 ex
1763 610 1882 642 causis
1914 612 2082 654 pretactis

219 673 330 705 eciam
347 673 570 717 judicialiter
591 673 763 706 obtulerit
787 673 1035 718 probaturum5
1059 685 1203 718 semper
1225 680 1341 706 tamen
1363 674 1406 706 ad
1432 673 1499 706 hoc
1523 674 1640 718 ipsum
1663 675 1850 708 admittere
1873 678 2080 715 recusastis,

218 739 262 771 ad
283 750 430 772 examen
457 740 602 772 testium
630 752 694 784 pro
722 746 820 785 parte
846 739 997 772 adversa
1020 752 1130 784 super
1151 740 1288 772 eisdem
1316 740 1574 784 productorum
1597 742 1768 773 continue
1796 743 2027 786 procedendo
2050 751 2081 776 et

219 805 366 850 procedi
387 805 565 839 faciendo.

305 885 391 906 xxv.
419 874 521 913 Item,
544 879 582 905 ut
602 874 910 906 reverendissima
932 874 1127 918 paternitas
1150 881 1270 907 vestra
1287 874 1507 906 sanctissimi
1530 874 1565 906 in
1587 874 1732 907 Christo
1756 875 1865 919 patris
1886 888 1924 908 ac
1947 876 2082 909 domini

218 940 332 972 nostri
354 938 553 973 Clementis
579 940 699 973 divina
727 940 942 985 providente
967 940 1164 973 clemencia
1186 947 1415 973 sacrosancte
1445 942 1603 973 Romane
1630 947 1664 973 et
1689 942 1907 974 universalis
1928 943 2081 976 ecclesie

218 1018 307 1051 pape
334 1006 480 1051 septimi
502 1007 547 1039 de
568 1007 708 1040 meritis
729 1007 885 1052 originis
907 1014 942 1040 et
963 1019 1200 1052 processuum
1223 1007 1434 1051 hujusmodi
1456 1007 1600 1051 plenius
1621 1007 1736 1040 valeat
1761 1008 1958 1049 informari,
1983 1010 2080 1054 ponit

216 1079 249 1105 et
277 1073 430 1118 probare
451 1073 608 1106 intendit
634 1074 729 1106 idem
752 1081 963 1118 procurator
985 1086 1055 1118 quo
1080 1086 1188 1119 supra
1210 1074 1370 1115 nomine,
1393 1074 1490 1118 quod
1511 1074 1596 1106 olim
1619 1081 1781 1119 tempore
1801 1075 1847 1107 fe.
1870 1087 1920 1108 re.
1945 1076 2080 1109 domini

217 1140 362 1172 Martini
384 1147 613 1173 sacrosancte
635 1142 794 1173 Romane
815 1153 853 1173 ac
876 1141 1094 1174 universalis
1116 1140 1271 1173 ecclesie
1293 1152 1384 1185 pape
1406 1141 1522 1185 quarti
1548 1141 1741 1185 questione
1763 1148 1856 1174 mota
1883 1142 1976 1174 inter
1998 1150 2080 1176 tunc

214 1206 444 1239 venerabiles
460 1207 558 1239 viros
580 1207 790 1252 magistrum
814 1207 1018 1252 Philippum
1038 1207 1082 1240 de
1102 1207 1268 1243 Toriaco,
1291 1207 1546 1240 cancellarium
1568 1208 1655 1240 eccl.
1679 1220 1720 1240 ex
1743 1220 1824 1249 una,
1847 1215 1882 1241 et
1905 1216 2079 1241 rectorem

215 1273 473 1306 Universitatis
495 1285 534 1306 ac
556 1274 835 1306 Universitatem
859 1274 970 1306 studii
992 1274 1187 1307 Parisiens.
1213 1280 1310 1318 parte
1332 1286 1374 1306 ex
1391 1273 1514 1313 altera,
1533 1274 1614 1318 quis
1636 1274 1779 1307 illorum
1799 1282 1895 1308 esset
1919 1276 2078 1319 majorfl,

215 1339 309 1371 sicut
329 1339 395 1372 hec
417 1352 486 1384 que
510 1340 615 1372 modo
633 1341 785 1373 vertitur
806 1352 911 1373 causa
934 1341 1029 1373 inter
1046 1341 1324 1373 Universitatcm
1348 1341 1458 1373 studii
1481 1347 1515 1373 et
1534 1341 1788 1373 cancellarium
1811 1341 1965 1374 ecclesie
1987 1342 2081 1374 Pari-

214 1406 349 1438 siensis
384 1406 557 1439 radicitus
591 1406 715 1439 habuit
749 1414 880 1444 01111111,
918 1408 1071 1452 ipsoque
1106 1408 1318 1452 magistro¹2
1357 1407 1523 1452 Philippo
1563 1408 1777 1440 cancellario
1815 1409 1994 1441 antedicto
2033 1409 2078 1441 ob

214 1484 355 1505 causam
375 1473 572 1517 predictam
591 1473 777 1506 (lominum
796 1480 960 1506 nostrum
978 1486 1102 1519 papam
1123 1474 1297 1518 prefatum
1316 1481 1349 1506 et
1367 1476 1467 1506 Rom.
1487 1475 1620 1506 curiam
1640 1475 1880 1519 personaliter
1897 1476 2077 1516 visitante,

214 1540 293 1584 ipse
310 1539 548 1572 cancellarius
567 1547 649 1572 111110
667 1552 785 1573 coram
804 1541 849 1572 se.
870 1553 919 1573 re.
939 1541 1086 1573 domino
1109 1541 1263 1573 Martino
1287 1553 1376 1585 pape
1394 1541 1557 1585 predicto
1576 1553 1639 1586 pro
1661 1553 1700 1574 se
1718 1548 1752 1574 et
1769 1553 1832 1574 sua
1853 1542 2076 1582 cancellaria,

215 1606 389 1651 magistro
412 1606 575 1639 Johanne
604 1607 647 1639 de
674 1607 865 1640 Machlinia
888 1614 1123 1652 procuratore
1147 1608 1403 1640 Universitatis
1431 1614 1464 1640 01
1486 1620 1549 1652 pro
1572 1608 1648 1652 ipsa
1673 1612 1879 1652 [presente],
1908 1620 2079 1652 persona-

214 1672 296 1705 liter
317 1673 537 1706 constitutus
565 1674 755 1718 proposuit
784 1674 881 1718 quod
910 1675 1044 1719 prefata
1068 1674 1294 1707 Universitas
1322 1674 1480 1719 propriis
1508 1674 1643 1707 linibus
1674 1687 1745 1706 non
1776 1682 1957 1715 contenta,
1989 1675 2080 1707 inter

212 1739 279 1772 alia
305 1746 340 1772 et
361 1740 503 1773 diversa
525 1741 730 1785 gravamina
758 1753 827 1785 que
857 1741 900 1773 ab
929 1741 1001 1773 illis
1030 1740 1279 1773 inserebantur
1304 1741 1435 1780 eidem,
1459 1741 1590 1785 ipsum7
1615 1741 1698 1774 licet
1723 1742 1973 1774 Universitatis
2001 1754 2079 1786 pre-

213 1807 308 1839 dicte
336 1807 451 1850 capud
480 1807 663 1847 existeret,
688 1819 754 1839 nec
785 1808 820 1839 in
850 1820 929 1840 eum
959 1814 1172 1852 potestatem
1202 1807 1363 1848 haberet,
1387 1808 1479 1840 sicut
1509 1820 1574 1840 nec
1601 1808 1752 1840 inferior
1781 1809 1817 1840 in
1839 1809 2076 1853 superiorem,

213 1885 278 1906 nec
309 1874 420 1906 eciam
452 1885 514 1918 par
543 1874 580 1906 in
611 1886 744 1918 parem7
778 1886 841 1919 per
868 1874 1035 1907 bedellos
1066 1875 1263 1907 servitores
1294 1886 1380 1907 suos
1409 1874 1450 1907 ad
1484 1875 1795 1919 congregaciones
1824 1875 2077 1908 Universitatis

213 1940 376 1984 ejusdem
400 1940 468 1973 sub
491 1952 581 1984 pena
603 1941 860 1985 suspensionis
882 1941 1084 1974 leccionum
1106 1953 1171 1986 pro
1194 1953 1256 1973 sua
1279 1941 1430 1973 faciebat
1450 1941 1635 1974 voluntate
1656 1942 1774 1977 citari;
1798 1948 1830 1974 01
1857 1942 1938 1985 quia
1961 1942 2077 1974 dictus

212 2007 452 2039 cancellarius
474 2007 525 2039 sic
546 2007 676 2039 citatus
698 2007 865 2040 noluerat
885 2008 977 2040 sicut
1005 2020 1071 2040 nee
1102 2008 1289 2045 debuerat,
1313 2008 1355 2040 ad
1387 2008 1530 2040 easdem
1559 2008 1870 2052 congregacioncs
1891 2008 2075 2046 accedere,

212 2074 331 2118 ipsum
354 2074 398 2106 de
419 2074 524 2114 sacto,
543 2085 622 2106 cum
645 2073 689 2106 de
705 2075 789 2118 jure
811 2086 883 2106 non
901 2081 1065 2119 possent,
1082 2087 1100 2107 a
1122 2075 1198 2107 suis
1219 2074 1445 2107 leccionibus
1466 2081 1501 2107 et
1521 2074 1835 2119 disputacionibus
1854 2075 2077 2108 Universitas

213 2140 373 2185 predicta
396 2140 600 2184 suspendit,
620 2152 688 2172 una
710 2152 789 2172 cum
814 2140 979 2185 pluribus
1001 2141 1081 2173 aliis
1103 2141 1374 2185 gravaminibus
1396 2141 1480 2173 inde
1502 2141 1638 2174 secutis
1660 2148 1694 2173 et
1716 2153 1778 2185 per
1799 2141 1910 2185 ipsam
1930 2141 2078 2174 Univer-

212 2207 351 2239 sitatem
370 2206 480 2239 illatis
497 2206 713 2239 cancellario
731 2208 926 2247 antedicto,
945 2207 1148 2240 scolaribus
1169 2214 1203 2240 et
1219 2208 1299 2240 aliis
1321 2207 1538 2241 11011111011813
1561 2209 1706 2252 ejus,—
1724 2208 1895 2252 magistro
1916 2207 2077 2240 Johanne

212 2273 256 2306 de
278 2273 470 2306 Machlinia
492 2285 556 2306 seu
579 2273 622 2306 de
644 2273 798 2306 Malines
819 2286 862 2306 ex
882 2274 1036 2307 adverso
1058 2281 1292 2319 procuratore
1314 2281 1348 2306 et
1377 2275 1626 2319 procuratorio
1656 2274 1801 2306 nomine
1822 2274 2076 2307 Universitatis

212 2340 299 2372 satis
321 2339 599 2384 superficialiter
620 2347 652 2372 et
675 2341 921 2385 perfunctorie
944 2341 1202 2385 respondente.

299 2409 399 2449 xxvj.
426 2408 513 2439 Item
536 2407 632 2451 quod
655 2407 691 2439 in
709 2407 922 2447 [non]nullis
940 2408 1170 2452 postmodum
1188 2408 1350 2440 articulis
1372 2408 1487 2440 eidem
1510 2408 1555 2440 se.
1577 2420 1625 2439 re.
1645 2407 1791 2439 domino
1814 2407 1967 2440 Martino
1988 2419 2075 2451 pape

212 2480 337 2518 quarto
367 2480 435 2506 tam
467 2485 484 2506 a
515 2473 730 2506 cancellario
757 2486 860 2518 quam
892 2481 1124 2518 procuratore
1153 2474 1299 2518 prefatis
1325 2473 1508 2514 exhibitis7
1532 2475 1593 2518 qui
1620 2474 1825 2518 gravamina
1852 2480 1889 2506 ut
1910 2473 2075 2506 dicebant

212 2539 382 2572 hincinde
413 2539 508 2572 illata
537 2539 798 2584 exprimebant,
829 2540 906 2585 ipse
939 2547 1021 2573 tunc
1055 2541 1224 2573 dominus
1257 2553 1342 2585 papa
1373 2541 1550 2573 Martinus
1581 2540 1776 2584 diligenter
1807 2540 1897 2572 sicut
1928 2540 2075 2572 decebat

211 2607 416 2647 attendens,
438 2607 535 2651 quod
558 2606 766 2649 hujusmodi
788 2607 908 2640 citatio
930 2607 1207 2651 attemptabatur
1227 2614 1349 2639 contra
1375 2607 1592 2639 parisiensis
1614 2607 1768 2639 ecclesie
1794 2619 1832 2638 ac
1859 2607 1973 2650 ipsius
1995 2619 2075 2638 can-

211 2673 348 2706 cellarii
370 2673 572 2706 libertatem
595 2680 629 2706 et
656 2674 768 2706 eciam
797 2674 1015 2706 laudabilem
1044 2674 1360 2714 consuetudinem,
1383 2674 1556 2706 anteactis
1583 2673 1808 2717 temporibus
1836 2672 2072 2712 observatam7

211 2752 289 2772 cum
313 2740 538 2772 Parisienses
560 2740 765 2773 cancellarii
792 2741 853 2785 qui
878 2742 1019 2773 fuerant
1049 2753 1114 2785 pro
1142 2747 1304 2784 tempore
1332 2740 1375 2772 ad
1404 2740 1708 2784 congregationes
1739 2739 1946 2782 hujusmodi
1975 2750 2074 2770 revo-

212 2813 334 2839 renter
355 2813 389 2839 et
410 2806 623 2851 suppliciter
644 2808 903 2840 consueverint
925 2808 1080 2848 evocari,
1100 2814 1218 2840 notam
1238 2807 1316 2839 fieri
1333 2806 1527 2847 mandavit7
1548 2818 1609 2850 per
1627 2818 1730 2850 quam
1755 2805 1960 2837 disti-iccius
1982 2804 2074 2836 inhi-

212 2873 317 2906 bebat
339 2886 383 2905 110
405 2873 532 2906 citacio
554 2873 761 2918 hujusmodi
785 2886 828 2906 ex
848 2881 932 2906 tunc
954 2874 1120 2906 ammodo
1142 2874 1221 2906 {ieri
1243 2873 1404 2913 deberet,
1423 2873 1551 2905 volens
1568 2872 1715 2904 omnino
1734 2878 1771 2903 ut
1787 2871 1880 2903 idem
1898 2870 2071 2902 cancella-
