2488 3386
189 371 284 407 1369]
604 383 648 405 ΑΒ
683 383 788 404 ΑΝΝο
822 382 953 404 MCCCL
986 382 1116 410 USQUE
1153 383 1199 403 An
1234 382 1501 404 nnnsmc'rnm
1536 384 1626 404 xui.
1985 374 2045 407 187

187 465 222 491 et
242 470 308 491 suo
329 458 496 498 consilio,
520 457 680 490 munitus
702 456 815 489 multo
846 456 1000 489 consilio
1029 456 1299 496 advocatorum,
1328 456 1577 500 principaliter
1607 457 1767 500 magistri
1800 457 1975 490 Joliannis
2002 458 2046 489 dc

186 526 364 565 Maresco,
383 524 443 569 qui
465 523 704 569 proponendo
726 523 897 555 articulos
918 523 1030 555 factos
1048 529 1171 555 contra
1193 522 1352 554 scolares
1373 522 1514 566 aliquos
1536 523 1579 555 dc
1597 523 1839 556 Univcrsitatc
1860 524 2046 556 offuscavit

185 590 357 623 articulos
380 590 634 623 Universitatis
662 596 786 622 contra
814 589 1038 634 prepositum
1068 589 1103 620 in
1133 595 1281 629 tantum,
1305 588 1400 632 quod
1430 588 1548 621 dictus
1576 589 1784 633 prepositus
1811 589 1846 621 in
1877 590 1999 622 multis
2029 603 2046 622 a

186 669 272 702 rege
302 657 369 689 fuit
399 657 604 690 advoatus'.
635 657 801 689 Attamen
831 656 965 688 dictum
999 655 1066 687 suit
1091 654 1160 687 sibi
1188 666 1251 699 per
1278 654 1376 699 regis
1403 666 1456 695 os,
1480 655 1576 699 quod
1603 655 1762 687 scolares
1793 662 1825 687 ct
1854 657 2045 700 magistros

186 724 354 756 decetero
382 730 548 756 tractaret
567 722 804 756 amicabiliter
829 734 908 754 cum
936 722 1138 754 reverentia
1161 728 1193 753 et
1215 720 1353 753 honore
1382 721 1450 753 sub
1480 733 1570 766 pena
1596 721 1806 754 incurrendi
1837 729 2044 766 perpetuam

186 790 321 835 regiam
343 790 529 822 offensam.
553 789 657 832 Quod
679 789 731 822 sic
752 789 837 821 fecit
856 789 1014 833 postea⁸.

275 857 361 889 Item
384 868 463 888 cum
493 855 635 888 rotulus
663 862 825 900 tempore
856 855 911 887 sui
945 855 1219 899 predecessoris
1249 855 1445 888 conclusus
1473 856 1604 894 esset⁰,
1628 854 1874 898 obsequenter
1902 855 1939 886 in
1969 856 2046 899 ejus

186 922 339 955 rectoria
369 922 406 954 in
436 921 603 967 pluribus
633 920 982 967 congregationibus
1010 921 1053 954 ad
1083 921 1198 953 lucem
1228 922 1375 954 emicuit
1400 921 1497 966 quod
1519 933 1591 953 non
1611 921 1728 953 fuerat
1747 921 1955 962 conclusus,
1978 922 2048 954 nisi

186 988 254 1022 sub
284 989 364 1021 istis
394 988 731 1033 protestationibus,
760 988 875 1033 primo
904 987 1001 1032 quod
1031 987 1138 1020 rotuli
1170 988 1328 1020 omnium
1360 987 1566 1020 facultatum
1597 994 1874 1028 consuerentur,
1897 994 1931 1019 et
1952 988 2048 1032 quod

186 1067 259 1087 non
280 1061 436 1100 possunt
461 1061 534 1087 tres
554 1054 755 1095 facultates,
780 1054 920 1087 scilicet
946 1054 1138 1094 medicine,
1163 1054 1392 1087 decretorum
1415 1061 1450 1086 et
1474 1053 1673 1098 theologie,
1696 1054 1777 1098 cogi
1805 1053 1848 1086 ad
1877 1054 2046 1086 nuncium

188 1121 478 1162 ministrandum,
500 1127 534 1154 et
555 1121 651 1166 quod
672 1121 776 1154 aliter
796 1120 969 1153 nolebant
991 1120 1161 1153 rotulum.
1187 1121 1291 1162 Quod
1313 1121 1364 1153 sic
1388 1132 1468 1153 cum
1491 1120 1644 1153 maximo
1666 1120 1789 1152 labore
1810 1120 1877 1152 suit
1897 1120 2051 1153 finaliter

186 1188 222 1220 in
253 1189 332 1232 ejus
362 1188 515 1220 rectoria
546 1194 747 1229 executum,
780 1187 861 1232 quia
894 1188 1041 1219 suerunt
1073 1199 1200 1219 omnes
1229 1187 1338 1219 rotuli
1368 1187 1524 1227 consuti,
1557 1194 1623 1219 tam
1655 1186 1796 1219 articuli
1825 1199 2048 1228 communes,

187 1266 291 1299 quam
321 1254 429 1286 rotuli
456 1254 676 1294 facultatum,
704 1254 845 1298 dempta
874 1260 991 1286 tamen
1020 1253 1284 1298 supplicatione
1315 1254 1468 1286 rectoris
1490 1266 1558 1297 que
1588 1252 1815 1297 sigillabatur
1835 1253 1876 1285 ad
1900 1260 2049 1297 partem.

187 1321 259 1353 Nec
281 1321 427 1353 fuerunt
447 1320 557 1365 aliqui
579 1320 702 1353 nuncii
725 1320 794 1352 nisi
817 1327 970 1364 quatuor
992 1320 1155 1364 magistri
1177 1320 1220 1352 de
1243 1326 1396 1364 quatuor
1417 1319 1625 1352 nationibus
1647 1319 1682 1351 in
1703 1319 1869 1351 facultate
1890 1320 2052 1352 artium¹⁰

187 1393 222 1420 et
242 1386 421 1419 bedellus.

280 1485 346 1507 Mus.
362 1483 480 1507 Britann.
497 1491 546 1507 ms.
561 1483 622 1507 add.
636 1483 722 1512 17:304,
739 1483 784 1507 fol.
799 1483 870 1506 14811.
883 1497 912 1500 -
925 1483 1048 1512 Bulaeus,
1063 1484 1104 1512 IV,
1120 1484 1174 1507 420.

282 1568 304 1591 1.
323 1568 345 1591 1.
362 1568 390 1591 ln
407 1568 469 1592 Lib.
482 1574 559 1597 procu
575 1571 636 1592 nat.
653 1568 738 1596 Anql.
755 1567 818 1591 haec
838 1567 929 1591 electio
946 1568 978 1591 ad
992 1568 1021 1591 15
1035 1568 1154 1591 Decemb.
1172 1569 1293 1591 refertur.
1311 1568 1368 1591 Vid.
1385 1569 1504 1591 Λυσίαν.
1523 1567 1651 1591 Chao-tul.
1669 1567 1801 1592 Univers..
1818 1568 1836 1590 I.
1850 1581 1877 1584 ——
1893 1568 1916 1590 2.
1933 1567 2054 1589 Fortasse

188 1613 269 1635 frater
290 1612 407 1643 ejusdem
424 1613 468 1644 qui
483 1615 592 1635 vocatur
613 1620 703 1643 supra,
727 1621 754 1643 p.
778 1613 815 1640 89,
838 1612 971 1635 Johannes
992 1612 1107 1635 Boutini‚
1124 1626 1154 1629 —-
1175 1614 1198 1635 3.
1218 1613 1265 1637 Ms.
1282 1616 1308 1635 ct
1328 1613 1385 1635 Bul.
1402 1621 1406 1634 ·.
1426 1621 1436 1633 ν(
1460 1612 1608 1635 Carncmoti
1626 1621 1646 1635 ι),
1664 1612 1796 1635 Cor-rectio
1819 1620 1831 1634 c
1854 1616 1882 1634 n⁰
1900 1612 1966 1639 1265,
1983 1620 2009 1641 p.
2025 1612 2054 1633 84

187 1657 315 1687 (Turum).
332 1657 360 1679 In
376 1657 439 1688 Reg.
459 1658 538 1681 Aven.
554 1657 634 1687 Greg.
651 1657 683 1679 XI
699 1657 732 1679 nd
747 1665 789 1680 an.
807 1657 877 1686 1371,
892 1657 950 1680 Jan.
967 1658 1006 1683 27,
1023 1660 1131 1680 vocatur
1149 1657 1318 1685 Qnennaroti,
1336 1665 1393 1680 can.
1410 1657 1574 1684 T1·ecox·ens.‚
1589 1656 1632 1687 qui
1654 1666 1664 1678 (ι
1682 1656 1706 1678 in
1729 1659 1779 1679 art.
1794 1664 1873 1687 mag..
1893 1659 1917 1678 ct
1938 1655 1963 1678 in
1980 1664 2055 1678 sacra

187 1700 268 1724 theol.
284 1701 346 1723 scol.
363 1701 463 1730 existis,
480 1704 505 1724 et
519 1701 636 1724 Pal-isius
652 1700 678 1723 in
695 1700 824 1724 medicina
843 1701 912 1731 regis
929 1709 940 1723 ))
959 1701 1020 1730 (vol.
1037 1701 1069 1729 11,
1085 1701 1129 1724 sol.
1147 1701 1229 1730 218b).
1246 1715 1275 1718 —
1288 1702 1311 1724 4,
1329 1701 1379 1728 Qui
1395 1709 1445 1724 non
1457 1701 1534 1731 longe
1550 1703 1641 1731 postea
1651 1700 1706 1731 jani
1724 1701 1772 1723 suit
1786 1708 1856 1730 mag.
1874 1700 1898 1722 in
1915 1699 2052 1722 medicina.

187 1745 245 1768 Vid.
262 1745 340 1768 infra.
355 1759 385 1763 —
400 1748 423 1769 5.
439 1746 505 1769 Ms.:
524 1754 535 1768 «
552 1745 701 1769 Gomecium
717 1755 740 1769 n.
757 1759 785 1762 —
802 1747 826 1769 6.
850 1746 986 1776 Hugonem
1006 1745 1124 1769 Aubriot.
1143 1760 1172 1762 —
1187 1747 1208 1768 7.
1227 1746 1273 1769 Ms.
1291 1749 1315 1768 ct
1330 1746 1388 1769 Bul.
1408 1754 1412 1768 :
1430 1755 1440 1767 κ
1457 1746 1600 1768 advocatus
1619 1754 1638 1767 ».
1658 1759 1682 1762 -
1704 1747 1726 1767 8.
1748 1745 1822 1772 Quod
1839 1745 1945 1767 minimo
1966 1752 2055 1767 verum

188 1792 235 1818 est,
250 1793 279 1812 ut
293 1789 361 1813 infra
376 1790 534 1813 videbimus.
549 1792 611 1813 —9.
628 1790 686 1814 Vid.
700 1798 782 1821 supra
797 1794 825 1812 n⁰
841 1790 911 1814 1348.
926 1804 956 1808 —
969 1790 1007 1813 10.
1022 1790 1134 1813 Nuntius
1150 1798 1180 1812 cx
1193 1794 1268 1821 purte
1284 1794 1335 1813 nat.
1356 1790 1455 1820 Anglic.
1473 1793 1529 1812 crat
1545 1790 1678 1812 Mai-silius
1695 1790 1725 1812 do
1742 1790 1850 1820 Inghen,
1865 1789 1909 1820 qui
1925 1789 2010 1811 Martii
2028 1789 2056 1811 19

188 1833 214 1856 in
230 1834 339 1857 taberna
354 1842 402 1865 pro
417 1843 464 1857 suo
480 1835 555 1859 Bene
569 1835 653 1859 valete
668 1834 734 1857 duos
751 1835 855 1857 francos
876 1834 956 1857 solvit
976 1834 1038 1863 (vid.
1055 1837 1175 1859 Auctar.
1195 1835 1335 1859 Char-tuh,
1352 1835 1381 1864 l),
1402 1835 1445 1865 qui
1467 1837 1553 1857 tamen
1571 1835 1654 1857 sotum
1675 1837 1736 1865 post
1751 1834 1835 1856 Martii
1854 1834 1881 1856 3¹1
1906 1834 1938 1856 ad
1956 1833 2055 1855 cui-iani

188 1879 322 1909 profectus
337 1882 385 1902 est.
402 1878 556 1910 Opinamur,
575 1882 604 1901 ut
619 1887 631 1901 e
645 1879 708 1910 Reg.
723 1880 803 1902 Aven.
821 1879 921 1901 Urbani
938 1879 965 1906 V,
985 1879 1037 1901 vol.
1055 1879 1096 1901 XX
1109 1880 1135 1902 et
1148 1879 1212 1903 XXI.
1228 1879 1316 1910 putari
1332 1882 1426 1910 potest,
1445 1879 1567 1906 rotulum,
1586 1887 1653 1901 nunc
1671 1878 1845 1909 deperditum,
1861 1886 1909 1909 pro
1926 1877 2055 1908 theologis

189 1926 214 1945 et
225 1922 372 1946 decretistis
392 1923 461 1945 circa
478 1923 538 1946 Maii
555 1924 576 1951 1,
595 1931 643 1954 pro
659 1923 759 1946 artistis
775 1923 837 1946 Maii
855 1923 894 1951 10,
910 1923 935 1945 in
952 1923 1025 1946 curia
1043 1924 1122 1954 (apud
1142 1924 1406 1952 Montmnssasconem)
1423 1923 1555 1954 signatum
1576 1932 1643 1946 csse.
1660 1923 1716 1946 vol.
1734 1923 1784 1951 XX,
1798 1923 1842 1945 sol.
1860 1922 1929 1950 301b‚
1949 1922 2057 1944 ass'crtur

187 1967 266 1990 etiam
280 1967 387 1990 Pontius
405 1967 437 1990 de
453 1967 616 1996 Frezenchis,
632 1976 690 1991 can.
706 1968 851 1996 Gamerae.y
863 1968 959 1991 decret.
975 1967 1075 1996 doctor,
1092 1971 1151 1991 actu
1169 1968 1258 1999 legens
1272 1968 1367 1995 Paris.;
1384 1968 1436 1991 vol.
1454 1968 1516 1995 XXI,
1533 1968 1577 1990 fol.
1596 1969 1649 1995 1133,
1667 1971 1753 1990 tamen
1769 1968 1801 1989 ad
1816 1966 1898 1997 April.
1915 1968 1938 1993 G,
1954 1966 2054 1989 Crisa»-

189 2012 261 2035 forus
275 2012 306 2034 de
322 2012 448 2042 Lignano,
466 2013 526 2035 frat.
543 2012 636 2035 domus
655 2012 757 2043 Bruyde
773 2012 922 2040 Mediolan„
942 2012 1004 2035 Ord.
1023 2012 1169 2038 Humilint..
1187 2012 1230 2044 qui
1245 2021 1256 2035 (ι
1274 2012 1391 2035 Pin-isius
1407 2020 1465 2035 cum
1482 2012 1568 2042 rigore
1584 2012 1711 2035 examinis
1729 2012 1752 2034 in
1774 2020 1794 2034 s.
1816 2011 1893 2034 theol,
1912 2010 2057 2041 magisterii

189 2055 315 2079 honorem
327 2056 426 2087 recepit
439 2065 461 2079 ».

195 2178 336 2215 1355.
365 2187 495 2213 Urbanus
518 2189 541 2214 V
556 2189 707 2223 (Grimerio
727 2189 886 2223 Bonifacii)
909 2188 1083 2214 cancellario
1104 2189 1207 2220 Paris.‚
1226 2192 1256 2214 ul
1279 2188 1435 2214 Iohannem
1463 2187 1592 2221 Thomae,
1615 2187 1679 2213 Orcl.
1698 2187 1843 2220 Praedia,
1862 2187 1911 2222 qui
1927 2186 2056 2222 philoso-

278 2236 377 2272 phiam
393 2241 420 2262 et
433 2237 536 2262 librum
549 2239 672 2263 Sentent.
687 2238 715 2263 in
727 2237 871 2263 nonnullis
887 2237 957 2263 locis
973 2238 1100 2273 ejusdem
1115 2237 1179 2263 Ord.
1194 2237 1263 2271 legit
1278 2246 1312 2262 ac
1329 2238 1356 2262 in
1372 2238 1512 2270 Remens.⁷
1528 2238 1679 2262 Senonens.
1694 2240 1720 2262 et
1736 2236 1804 2261 aliis
1821 2236 1890 2261 locis
1906 2235 1976 2261 dicti
1990 2235 2054 2261 Ord.

277 2294 330 2321 per·
345 2289 406 2311 octo
424 2294 515 2311 annos
535 2286 624 2312 lector
637 2286 703 2320 fuit,
722 2286 762 2312 ad
777 2286 926 2321 legendum
948 2286 1051 2312 librum
1069 2289 1192 2312 Sentenl.
1211 2286 1335 2311 Parisiis
1357 2289 1480 2321 ternpore
1501 2285 1619 2311 hiemali
1644 2289 1673 2310 ut
1697 2285 1897 2310 baccalttreum
1913 2286 1940 2310 in
1963 2284 2056 2310 altera

280 2334 402 2360 duarum
426 2334 588 2361 scholarum
612 2334 712 2360 domus
734 2335 805 2360 dicti
834 2335 900 2361 ord.
923 2344 998 2361 anno
1018 2335 1132 2361 Domini
1157 2335 1306 2360 millesimo
1330 2334 1525 2360 trecentesimo
1548 2335 1760 2370 septuagesimo
1782 2334 1873 2369 primo
1897 2333 2056 2358 ιήσΙιοαιιιΙο

280 2382 424 2409 admittat.
443 2384 506 2410 Dat.
524 2384 603 2418 apud
618 2384 907 2412 Montemssasconem
922 2385 962 2418 iiij
977 2392 1047 2411 non.
1065 2384 1139 2414 Maii,
1151 2392 1230 2410 anno
1245 2384 1379 2418 septimo,
1399 2393 1412 2407 «
1429 2383 1486 2408 Viri
1503 2391 1580 2409 sacre
1596 2394 1620 2408 ».

1225 2469 1298 2498 1369,
1314 2468 1375 2494 Maii
1386 2469 1410 2497 4,
1427 2468 1496 2500 apud
1507 2469 1770 2493 Montemflasconem.

284 2552 348 2583 Beg.
363 2553 419 2576 Vnt.
434 2553 512 2577 Aven.
531 2553 629 2577 Urbani
648 2554 675 2580 V,
693 2554 744 2576 vol.
758 2554 821 2581 XXI,
836 2554 879 2577 sol.
893 2553 964 2577 54211.
979 2567 1010 2571 -
1020 2553 1152 2576 Johunnes
1167 2553 1282 2576 Thomae
1298 2560 1340 2575 un.
1354 2551 1493 2575 1374-1375
1508 2551 1643 2574 licentiam
1659 2551 1684 2573 in
1698 2551 1830 2581 theologia
1846 2550 1944 2581 recepit
1960 2549 2057 2579 (Calal.

194 2596 284 2620 licent.
298 2597 323 2619 in
342 2605 404 2620 mss.
422 2598 467 2621 lat.
484 2599 569 2625 56572,
588 2598 682 2627 12850).
703 2598 737 2620 Dc
753 2598 811 2628 ipso
827 2598 896 2621 infra
911 2598 1021 2629 pluries.
1039 2599 1084 2621 An.
1103 2598 1164 2621 1389
1183 2597 1232 2620 fnit
1251 2597 1365 2619 viem—ius
1385 2596 1549 2627 inquisitoris
1568 2596 1701 2623 Franciac,
1721 2597 1751 2618 sr.
1768 2595 1861 2618 Vitatis
1879 2594 1940 2624 (vid.
1958 2594 2059 2621 Quem-

194 2640 305 2669 Echard,
328 2641 350 2665 Ι,
369 2642 434 2671 694).
458 2642 553 2665 Eodem
574 2650 642 2665 anno
664 2645 773 2665 vocatur
788 2651 802 2665 a
818 2642 931 2673 Georgio
952 2643 983 2665 dc
1003 2642 1078 2669 Rain,
1098 2650 1168 2672 mag.
1188 2641 1339 2667 parisiens..
1358 2650 1368 2663 (⁴
1386 2640 1518 2663 solennior
1533 2640 1644 2663 clericus
1661 2640 1740 2662 totius
1764 2639 1869 2662 Ordinis
1885 2647 1895 2660 ι)
1913 2638 2056 2661 praedicat.

195 2685 272 2713 (Bibt.
288 2694 386 2708 caesar.
401 2686 522 2715 Viudob„
537 2695 584 2709 ms,
602 2687 647 2710 lat.
664 2687 734 2714 4384,
749 2687 793 2710 fol.
813 2688 866 2710 269.
883 2687 940 2710 Vid.
956 2687 1025 2710 infra
1041 2687 1192 2711 Processus
1207 2690 1305 2710 contra
1318 2686 1378 2709 Jolz.
1394 2686 1426 2708 de
1440 2685 1621 2713 Montes-ono).
1637 2685 1664 2707 In
1681 2685 1781 2708 Chrorz.
1798 2685 1837 2706 ιΙιι
1850 2683 1899 2706 rel.
1916 2684 1948 2706 de
1962 2682 2058 2705 Saint-

194 2730 297 2759 Dmm,
314 2730 354 2753 cd.
371 2731 516 2761 Bellaguet,
532 2731 551 2760 I,
567 2732 623 2763 582,
640 2731 790 2754 nominatur
806 2740 817 2754 «
834 2732 925 2754 doctor
939 2731 1173 2754 excellentissimus
1192 2739 1212 2753 n.
