2488 3386
184 362 280 398 1365]
600 375 644 396 AB
679 375 784 396 ANNO
819 375 950 396 MCCCL
985 375 1114 402 USQUE
1151 375 1197 395 AD
1234 375 1494 397 RENEDICTUM
1529 377 1618 398 xiii.
1983 370 2044 402 129

181 450 232 483 phi
254 450 416 476 Lexoviens.
434 450 497 475 dioc
502 470 553 474 .....
571 457 692 475 examen
708 449 805 475 abbati
822 450 847 475 S.
866 450 1009 475 Genovese
1030 450 1058 474 in
1082 450 1182 474 monle
1198 450 1283 476 Paris.
1301 450 1344 475 vel
1363 450 1459 475 abbati
1481 451 1507 477 S.
1526 452 1663 476 Germani
1684 453 1719 478 (10
1741 453 1828 478 Praiis
1851 461 1899 486 per
1927 454 2039 480 sanctii.

181 506 206 525 v.
228 498 440 524 committatur.
458 514 492 516 -—
509 509 520 520 «ε
539 498 609 527 Fiat,
626 498 674 524 sed
689 498 812 523 omnino
827 498 939 531 applica
955 499 982 524 te
998 498 1034 523 ad
1049 497 1183 523 divinum
1200 498 1360 528 servitium,
1376 500 1405 524 et
1419 499 1534 525 dimitte
1549 499 1652 525 bedelli
1667 501 1797 526 officium
1816 501 1847 535 ul.

270 596 347 629 Dat.
366 595 546 628 Avinione
568 594 708 627 decimo
726 595 881 639 septimo
904 594 972 627 kal.
995 594 1094 635 Julii.
1116 606 1210 627 anno
1232 595 1349 628 tertio.
1865 563 1900 598 [³]

273 693 335 723 Reg.
362 692 456 723 Suppl.
472 693 529 715 Vat.
548 692 649 716 Urbani
669 693 699 721 V,
715 700 758 715 tm.
771 693 793 719 3,
810 701 836 723 p.
854 694 876 722 2,
897 692 941 715 fol.
958 693 996 715 9‘2.
1013 705 1041 709 —
1058 692 1086 714 ln
1107 692 1157 715 fine
1172 692 1314 723 cujuslibet
1335 693 1455 723 magistri
1478 693 1599 716 additur:
1619 703 1629 716 «
1648 694 1704 717 Fiat
1722 703 1732 716 n
1751 698 1776 717 et
1793 703 1803 716 (t
1820 695 1847 717 B.
1867 704 1886 717 n.
1902 709 1932 712 —
1946 696 2000 718 Fol.
2015 697 2041 718 94

179 739 264 759 exstat
283 745 382 767 parvus
396 737 498 759 rotulus
516 736 704 767 magistrorum
723 736 749 759 in
766 736 868 761 medic..
887 745 898 758 ι(
917 736 961 767 qui
977 736 1009 759 ad
1026 745 1046 759 s.
1066 736 1184 767 presbyt.
1201 736 1319 759 ordinem
1338 740 1399 760 sunt
1414 737 1528 768 promoti
1542 741 1566 760 et
1582 738 1696 761 scolares
1715 738 1739 760 in
1756 738 1850 761 det-ret.
1868 740 1906 762 vel
1925 739 1949 761 in
1964 740 2043 762 theol.

180 782 229 804 suc.
247 790 257 803 v
270 784 338 803 sunt.
351 781 524 804 Nominnntur
534 781 615 803 Adam
627 781 658 804 de
669 781 844 813 Francovilla,
857 781 932 812 Hugo
945 781 976 804 dc
987 781 1114 804 Tenolleti
1126 781 1157 804 dc
1168 781 1260 804 Castro
1272 781 1378 805 Girurdi
1393 781 1502 812 Lingon.
1515 782 1607 811 (11000,
1619 782 1775 806 Guillclmus
1784 783 1895 814 Anglici,
1908 785 2042 815 Rotomag.

179 825 271 854 dioec„
285 833 326 848 an.
340 826 409 855 1365,
423 825 494 848 Junii
511 826 548 848 15.

273 910 293 932 1.
320 909 426 933 Initium
442 913 470 933 ut
492 910 516 932 in
533 910 626 933 Rotulo
645 910 784 939 Chartul.,
801 911 833 937 ΙΙ,
851 915 879 932 n⁰
904 910 971 933 1164.
988 923 1019 927 —
1034 911 1055 933 2.
1076 910 1203 933 Ricardus
1220 910 1308 933 Viardi
1330 910 1398 933 infra
1420 910 1498 933 etiam
1519 910 1544 933 in
1561 911 1786 940 Reformaciones
1810 912 1899 936 rotuli
1921 913 2044 937 Univers.

179 954 272 978 Paris.
289 954 403 977 secundo
420 955 477 978 1000
493 955 612 986 affertur,
626 954 670 977 ubi
684 963 743 978 eum
760 954 968 986 supprimcmus.
980 954 1045 978 lbid.
1064 954 1186 978 similiter
1198 955 1229 978 de
1242 963 1298 977 can.
1314 955 1416 978 Ebroic.

184 1147 323 1184 1307.
348 1167 363 1182 01
378 1157 498 1183 Botulus
514 1158 682 1183 artistarum
698 1157 855 1183 Parisiens.
874 1167 888 1183 ›>
904 1157 944 1182 ad
964 1157 1106 1182 Urbanum
1128 1157 1273 1183 Vmissus.

1549 1201 1626 1229 7365,
1640 1201 1710 1226 dunis
1722 1201 1758 1226 16.

229 1322 232 1324 ,
268 1287 453 1332 Supplicat
473 1288 651 1321 sanctitati
672 1294 792 1321 vestre
815 1288 942 1321 devota
964 1288 1036 1321 filia
1057 1295 1176 1321 vestra
1197 1288 1416 1321 universitas
1437 1288 1694 1333 magistrorum
1715 1289 1875 1321 Parisius
1896 1290 2043 1322 studen-

177 1354 286 1395 cium,
309 1361 487 1398 quatenus
514 1355 558 1387 de
584 1354 690 1387 solita
718 1354 941 1399 benignitate
962 1361 1082 1388 vestre
1110 1355 1308 1387 clemencie
1330 1355 1366 1387 in
1388 1355 1557 1399 personis
1578 1355 1831 1399 magistrorum
1856 1356 1892 1388 in
1913 1356 2039 1389 artium

174 1420 340 1453 facultate
365 1421 523 1465 graciam
552 1421 748 1465 specialem
778 1422 951 1454 facientes
982 1421 1120 1454 eisdem
1152 1421 1336 1466 magistris
1365 1421 1518 1453 inferius
1551 1422 1746 1454 nominatis
1777 1422 1820 1454 de
1852 1422 2040 1455 beneficiis

174 1487 385 1520 vacantibus
410 1487 467 1520 vel
492 1488 734 1532 infrascriptis
760 1488 888 1521 officiis
1001 1488 1289 1521 misericorditer
1320 1488 1521 1533 dignemini
1548 1488 1740 1533 providere
1769 1500 1848 1521 cum
1880 1496 2042 1534 accepta-

176 1553 294 1595 cione,
316 1559 379 1587 etc.

948 1608 1051 1629 immo
1067 1608 1267 1630 eumcum.

930 1690 1084 1725 [Provincia
1098 1689 1284 1724 Parisiensis.]

263 1765 425 1791 Guillermo
440 1765 575 1794 Arrondi,
594 1765 699 1792 Senon.
716 1766 790 1792 dioc.
807 1766 913 1798 presb.y
930 1773 1007 1798 mag.
1025 1765 1055 1791 in
1071 1767 1125 1791 art.
1144 1764 1189 1800 [(10
1205 1773 1267 1791 can.
1287 1765 1314 1791 S.
1334 1765 1448 1791 Martini
1463 1765 1499 1791 (10
1514 1765 1668 1798 Campellis
1685 1766 1769 1792 Paris.
1786 1765 1883 1800 dioc.].

263 1814 369 1839 Jacobo
383 1814 419 1839 de
434 1814 522 1843 Valle,
539 1814 605 1839 cler.
623 1814 659 1840 (10
675 1815 807 1843 Parisius,
825 1823 903 1847 mag.
921 1815 950 1840 in
966 1816 1043 1840 art...

261 1862 389 1888 Johanni
403 1862 439 1888 de
454 1863 674 1892 Cantumerule,
691 1864 757 1889 cler.
775 1864 811 1889 (10
827 1864 957 1893 Parisius,
976 1871 1053 1896 mag.
1072 1863 1102 1888 10
1117 1865 1196 1889 art...

262 1912 388 1937 Johanni
404 1911 533 1941 Filiastri.
550 1912 719 1938 Carnotens.
735 1913 821 1942 dioc.,
838 1913 1025 1941 subdiacono,
1043 1920 1120 1944 mag.
1138 1912 1167 1937 in
1183 1914 1238 1938 art.
1257 1911 1301 1946 [de
1316 1920 1379 1938 can.
1398 1913 1423 1938 S.
1442 1913 1582 1938 Johannis
1598 1912 1628 1937 in
1645 1913 1741 1945 Burgo
1758 1912 1965 1947 Laudunens.],

261 1960 388 1986 Johanni
403 1960 525 1987 Munerii
540 1961 576 1986 de
590 1961 807 1994 Noysiacosieco,
825 1962 892 1988 cler.
910 1962 995 1988 Paris.
1013 1961 1099 1990 dioc„
1118 1968 1192 1994 mag.
1209 1961 1240 1986 in
1255 1962 1308 1988 art.

935 2050 1081 2076 Provincia
1097 2050 1269 2077 Senonensis.

259 2125 386 2151 Johanni
401 2125 437 2151 de
451 2125 562 2158 Campo
577 2125 718 2151 Guidonis
732 2126 839 2158 presb.‚
857 2133 933 2159 mag.
951 2126 983 2151 in
997 2128 1063 2155 art„
1078 2126 1207 2152 Trecens.
1222 2126 1296 2152 dioc.

260 2175 380 2207 Symoni
392 2174 428 2200 de
444 2174 469 2200 S.
489 2175 656 2200 Florentino
671 2174 746 2200 civit.
764 2175 894 2201 Trecens.
912 2175 1049 2204 oriundo,
1065 2183 1141 2208 mag.
1161 2175 1190 2200 10
1207 2176 1260 2200 art.
1280 2174 1325 2209 [(10
1340 2183 1402 2200 can.
1421 2175 1487 2199 eccl.
1506 2175 1658 2206 Trecens.].

258 2223 385 2249 Johanni
402 2223 512 2252 Perelli,
529 2224 597 2249 alias
612 2223 712 2257 Aysey,
729 2223 764 2249 (10
780 2224 806 2249 S.
822 2224 956 2250 Johannc
972 2224 1056 2257 juxta
1073 2224 1253 2252 Landonam,
1274 2223 1448 2256 Lingoncns.
1467 2223 1552 2252 (1100,
1571 2223 1676 2256 presb„
1695 2231 1770 2255 mag.
1790 2223 1819 2248 in
1835 2225 1887 2248 art.
1912 2223 1958 2255 [(10
1973 2230 2034 2248 000.

170 2272 236 2297 0001.
253 2272 282 2297 Β.
300 2272 386 2298 Marie
401 2272 436 2298 de
450 2272 556 2304 Belua}

258 2320 405 2354 Stephano
419 2321 455 2346 dc
468 2321 618 2353 Magasone
634 2321 773 2350 subdiac,
792 2329 868 2354 mag.
886 2321 917 2346 in
933 2323 985 2346 art.
1004 2321 1050 2353 [(10
1065 2329 1126 2347 000.
1146 2321 1171 2346 S.
1189 2321 1304 2346 Martini
1320 2321 1355 2347 (10
1370 2321 1525 2354 campellis
1540 2321 1571 2345 in
1590 2320 1653 2346 Bria
1668 2320 1753 2346 Paris.
1772 2320 1867 2353 dioc.].

257 2368 419 2396 Guillermo
436 2370 534 2402 Loyer,
551 2370 617 2396 cler.
636 2370 752 2396 Trecen.
769 2370 856 2399 dioc.‚
874 2378 950 2403 mag.
969 2370 999 2395 in
1014 2371 1091 2395 art...

943 2459 1088 2485 Provincia
1103 2459 1250 2485 Remensis.

256 2533 383 2558 Johanni
399 2533 483 2559 Grisii
500 2534 535 2559 de
550 2534 693 2563 Verberia,
712 2534 905 2560 Sucssionens.
923 2534 996 2560 dioc.
1015 2534 1121 2567 presb..
1135 2542 1211 2566 mag.
1230 2534 1259 2559 in
1275 2535 1342 2562 art,
1359 2534 1425 2560 scol.
1443 2534 1474 2559 in
1491 2534 1616 2566 theolog.
1637 2533 1681 2567 [de
1696 2541 1758 2559 000.
1774 2534 1841 2559 cccl.
1860 2534 2030 2565 Silvanect.].

255 2582 381 2607 Johanni
396 2582 527 2608 Auberici
540 2583 575 2608 (10
591 2583 714 2609 Vitriaco
726 2583 835 2611 Castro,
853 2583 945 2616 presb.
964 2583 1113 2608 Cathalan.
1132 2583 1217 2611 dioc..
1236 2590 1312 2615 mag.
1330 2583 1361 2608 in
1376 2584 1430 2608 art.
1449 2583 1495 2615 [(10
1510 2590 1572 2608 000.
1590 2582 1656 2608 0001.
1675 2583 1825 2614 Trecensj.

257 2630 420 2656 Guillermo
435 2631 494 2657 Ade
507 2631 542 2657 de
554 2632 646 2657 Trecis
655 2631 659 2647 ¹
668 2653 671 2656 .
680 2653 695 2656 .,

256 2679 375 2711 Symoni
391 2679 427 2705 dc
443 2680 583 2713 Bonryth.
605 2681 670 2706 cler.
694 2680 888 2706 Suessionens.
913 2681 999 2710 dioc..
1021 2681 1104 2714 eujus
1119 2682 1254 2713 parentes
1268 2688 1283 2706 a
1303 2681 1432 2706 Tornaeo
1447 2682 1476 2706 et
1491 2680 1558 2706 locis
1581 2680 1679 2706 vicinis
1693 2681 1729 2705 ab
1744 2680 1866 2712 antiquo
1882 2681 2032 2705 traxerunt

167 2727 320 2760 originem,
337 2736 412 2760 mag.
430 2728 461 2753 in
476 2730 528 2754 art.
544 2729 590 2762 [de
605 2737 667 2754 can.
683 2729 750 2755 cccl.
768 2730 908 2762 Tornae.].

256 2776 373 2808 Hugoni
390 2777 561 2806 Lenvoisiess,
578 2778 644 2803 cler.
661 2777 855 2803 suessionens.
873 2778 958 2806 dioc..
977 2786 1052 2810 mag.
1071 2778 1100 2803 in
1117 2779 1170 2803 art.
1189 2778 1234 2810 [de
1250 2786 1311 2803 can.
1328 2778 1394 2803 0001.
1411 2778 1524 2809 Suessi

257 2825 339 2849 Petro
355 2825 527 2858 Heymoneti
541 2826 576 2851 (10
592 2826 712 2859 Clarejo,
727 2827 798 2852 diac.
814 2827 939 2852 Tullens.
957 2827 1043 2855 dioc..
1061 2834 1137 2860 mag.
1153 2827 1183 2851 in
1199 2828 1251 2851 art.
1270 2827 1315 2859 [dc
1330 2834 1391 2852 can.
1408 2827 1474 2852 eccl.
1492 2825 1629 2859 Mctensl.

256 2873 361 2898 jacobo
376 2873 482 2899 Fessalz
497 2874 533 2899 (10
546 2875 625 2900 Motis
640 2875 719 2904 cler.‚
734 2883 810 2907 mag.
829 2875 859 2900 in
874 2877 927 2901 art.
946 2875 991 2907 [de
1007 2883 1069 2900 000.
1087 2875 1153 2901 eccl.
1172 2876 1202 2900 B.
1221 2875 1306 2900 Mario
1321 2875 1440 2907 Magdal.
1459 2875 1657 2906 Virclunensj.

255 2921 381 2947 Johanni
398 2921 433 2948 de
450 2922 567 2955 Acyaco.
585 2923 651 2949 cler.
670 2923 864 2949 Suessionens.
879 2924 965 2953 dioc,
983 2931 1058 2956 mag.
1077 2923 1107 2949 in
1122 2925 1176 2949 art.
1194 2923 1239 2956 [de
1254 2931 1316 2949 000.
1337 2924 1365 2948 Β.
1384 2923 1470 2948 Marie
1486 2923 1635 2955 Mgcnens.
1654 2922 1831 2947 Noviomens.
1849 2920 1944 2954 (1100]Δ

295 2973 342 2988 *ff
362 2970 456 2994 Chart.
479 2970 556 2994 Univ.
574 2970 668 2995 Paris.
689 2971 733 2994 lll.
1878 2968 1905 2990 17
