2508 3372
1164 438 1640 498 APPENDICULA

561 607 748 638 Tractatus
769 604 830 636 ille
851 616 956 648 quem
979 615 1106 648 magna
1128 614 1171 635 ex
1192 608 1290 647 parte
1310 600 1502 645 vulgamus
1528 598 1666 631 codicis
1687 610 1753 631 ms.
1779 598 1840 631 lat.
1865 598 1971 631 15107
1993 598 2241 631 Bibliothecae
2266 605 2337 631 nat.

475 673 585 705 Paris.
600 671 695 714 (olim
719 672 753 703 S.
770 671 905 703 Victor.
927 671 1004 710 639,
1028 676 1130 702 antea
1152 670 1238 701 MM.
1260 669 1308 711 14)
1330 667 1414 700 solia
1438 667 1586 699 194-204
1607 671 1770 710 occupat.
1785 665 1855 707 Qui
1876 664 2033 698 indicem
2055 665 2092 698 in
2113 665 2229 710 primo
2250 665 2338 698 folio

473 745 627 771 exeunte
661 749 706 770 xv
738 737 882 769 saeculo
913 736 1081 776 confecit,
1116 750 1132 766 «
1164 747 1181 768 a
1217 735 1260 767 de
1297 734 1492 767 Gersonno
1523 732 1676 777 quedam
1708 731 1803 765 edita
1837 738 1963 764 contra
1994 731 2039 764 de
2068 733 2286 765 Montesono
2322 746 2338 763 »

473 805 673 849 inscripsit,
696 804 894 848 cademque
918 815 1021 835 manu
1045 802 1180 847 legitur
1201 801 1376 845 scriptum
1397 800 1434 832 in
1454 799 1618 844 margine
1646 798 1831 843 superiori
1856 798 1918 831 fol.
1948 799 2011 831 194
2037 810 2044 831 :
2075 812 2091 829 «
2119 810 2138 831 a
2165 799 2339 844 magistro

471 873 525 904 Jo.
550 871 593 904 de
615 871 783 904 Gersono
807 884 836 902 ».
860 871 1035 914 Excerpta
1057 868 1232 913 quaedam
1255 879 1297 900 ex
1319 879 1361 899 eo
1373 868 1445 911 jam
1469 866 1579 898 infra¹
1604 872 1640 898 et
1660 865 1696 897 in
1715 865 1914 899 Auctari0²
1936 865 2130 898 edidimus.
2156 865 2340 910 Scriptura

473 944 643 970 tractatus
665 936 800 969 saeculi
821 936 891 968 >nvi
912 935 1018 968 finem
1042 934 1194 967 redolet.
1215 936 1266 966 Ex
1286 933 1454 978 apposito
1476 932 1580 965 titulo
1602 938 1774 965 tractatus
1791 932 1936 976 quidam
1959 931 2200 965 scholasticus
2222 932 2341 978 suspi-

472 1003 609 1036 candus
630 1010 716 1043 erat,
739 1003 859 1047 itaque
881 1014 1005 1047 parum
1023 1001 1162 1034 animos
1180 1000 1367 1033 doctorum
1391 1000 1427 1032 in
1449 1011 1488 1032 se
1509 998 1700 1032 convertit.

562 1070 675 1103 Satira
703 1080 854 1113 prorsus
877 1075 932 1101 est
952 1068 1128 1100 adversus
1149 1066 1348 1100 Johannem
1376 1066 1420 1098 de
1442 1067 1679 1106 Montesono;
1702 1071 1737 1097 at
1759 1059 1999 1106 Introductio,
2021 1077 2127 1110 quarn
2147 1061 2340 1099 attentiore

472 1136 590 1168 animo
617 1135 837 1178 excepimus,
869 1134 913 1166 de
942 1134 1092 1178 penuria
1122 1133 1368 1177 eloquentium
1401 1132 1659 1165 historicorum
1686 1138 1948 1176 poetarumque
1978 1132 2162 1165 Franciam
2189 1138 2341 1166 vexante

472 1202 636 1241 disserit,
661 1201 755 1233 unde
786 1207 837 1233 tot
861 1200 929 1233 viri
950 1199 1129 1240 celebres,
1152 1199 1322 1232 Franciae
1346 1199 1403 1232 vel
1425 1198 1681 1232 Universitatis
1709 1199 1822 1231 Paris.
1845 1198 1981 1231 lumina
2002 1198 2039 1231 in
2060 1199 2216 1232 saeculis
2237 1211 2342 1245 supe-

472 1268 642 1309 rioribus,
666 1279 774 1312 saepe
800 1267 836 1299 in
862 1266 1083 1299 oblivionem
1115 1266 1266 1307 iverint,
1296 1265 1429 1298 deinde
1457 1265 1584 1298 laudes
1609 1265 1866 1298 Universitatis
1893 1265 2006 1298 Paris.
2035 1277 2092 1307 eo,
2121 1277 2192 1310 quo
2219 1265 2342 1299 nullus

470 1334 644 1379 aequalis,
668 1334 774 1366 modo
792 1333 903 1374 canit;
922 1333 1068 1378 proprie
1086 1333 1345 1377 panegyricum
1363 1332 1620 1365 Universitatis
1638 1332 1792 1376 perlicit,
1814 1332 1851 1364 111
1873 1344 1941 1377 qua
1962 1331 2052 1365 nihil
2073 1333 2144 1365 nisi
2165 1333 2339 1377 optimum

470 1401 599 1441 cernit,
619 1400 730 1433 veluti
752 1407 909 1432 montem
941 1400 1027 1432 Sion
1048 1399 1168 1432 medio
1190 1399 1279 1432 orbe
1308 1406 1475 1440 stantem,
1504 1398 1566 1431 ubi
1594 1398 1737 1431 demum
1760 1398 1848 1431 honi
1870 1399 2021 1444 verique
2046 1411 2146 1432 amor
2171 1399 2339 1432 resideat.

471 1467 646 1500 Absoluta
669 1467 802 1511 patriae
823 1466 970 1499 caritate
998 1473 1123 1498 auctor
1145 1466 1301 1498 ducitur.
1321 1466 1503 1508 Quaedam
1527 1465 1725 1510 interponit
1747 1465 1848 1498 utilia
1870 1465 1914 1498 de
1936 1465 2047 1498 rebus
2070 1478 2088 1498 a
2109 1477 2149 1499 se
2169 1466 2273 1507 visis,
2296 1466 2340 1499 de

471 1534 580 1566 variis
602 1533 729 1566 usibus
751 1540 785 1565 ct
805 1532 1067 1574 locutionibuS,
1090 1539 1158 1565 etc.
1182 1533 1310 1565 Postea
1327 1532 1370 1565 ad
1393 1532 1572 1565 satiricam
1591 1531 1665 1564 litis
1686 1538 1810 1564 contra
1831 1531 2032 1565 Johannem
2054 1532 2098 1565 de
2121 1534 2340 1566 Montesono

475 1600 717 1633 narrationem
735 1599 874 1632 transit.

564 1668 665 1698 Hunc
687 1678 705 1698 e
726 1665 909 1710 prioribus
932 1665 1055 1698 saltem
1080 1678 1175 1707 esse,
1198 1666 1229 1699 si
1251 1678 1323 1698 non
1345 1666 1484 1711 primus
1508 1673 1575 1707 est,
1599 1673 1784 1699 tractatum
1803 1667 1876 1710 jani
1899 1666 2089 1708 diximus³,
2108 1678 2179 1711 quo
2203 1673 2340 1699 restau-

475 1740 587 1766 ratum
611 1733 741 1765 latinae
766 1732 912 1777 linguae
938 1733 1265 1777 grammaticaequc
1287 1733 1323 1765 in
1345 1733 1493 1766 Francia
1515 1733 1675 1766 studium
1696 1733 1843 1766 saeculo
1863 1744 1924 1766 le
1949 1739 2128 1778 appareat.
2157 1734 2226 1766 An.
2258 1734 2343 1767 1388

475 1800 632 1844 scriptus
668 1811 748 1832 esse
781 1799 939 1840 videtur,
972 1806 1055 1844 post
1089 1799 1346 1833 Universitatis
1382 1806 1569 1833 tractatum
1602 1800 1778 1833 adversus
1813 1799 2014 1833 Johannem
2045 1800 2089 1833 de
2124 1802 2342 1849 Montesono

476 1865 644 1906 editum'⁴,
667 1872 747 1898 ante
772 1865 876 1898 latam
898 1866 934 1897 111
955 1865 1154 1898 Johannem
1178 1866 1296 1911 ipsum
1314 1867 1566 1908 sententiam5,
1588 1873 1623 1899 et
1643 1873 1740 1899 certe
1757 1873 1838 1899 ante
1859 1879 1915 1899 an.
1941 1868 2037 1900 1391.

565 1932 747 1976 Optimum
779 1931 963 1964 latinitatis
993 1932 1210 1977 exemplum,
1234 1933 1332 1977 quod
1358 1944 1398 1965 ea
1420 1939 1633 1978 tempestate
1665 1933 1827 1978 reperire
1853 1933 1987 1978 possis,
2017 1939 2188 1966 tractatus
2218 1939 2343 1966 noster
2387 1973 2391 1975 ¹

477 1997 625 2042 praebet
646 2010 652 2030 :
675 2004 860 2030 auctorum
882 1998 1032 2031 imitatio
1055 1998 1305 2039 classicorum,
1325 1999 1464 2044 amplae
1486 2006 1767 2044 numerataeque
1790 2000 1944 2044 periodi,
1971 2000 2110 2044 peritus
2138 2000 2175 2032 in
2195 1999 2343 2033 conclu-

477 2064 643 2097 sionibus
664 2064 852 2109 rhythmus
874 2065 1121 2098 inveniuntur.
1139 2066 1365 2098 Adducimur
1387 2067 1463 2099 fere
1483 2066 1526 2099 ad
1553 2066 1764 2111 putandum,
1790 2067 2004 2111 scriptorem
2027 2078 2120 2099 saec.
2139 2078 2197 2099 XV1
2218 2066 2342 2100 nobis-

476 2143 557 2163 cum
584 2143 786 2163 sermonem
815 2130 959 2163 habere.
992 2133 1116 2176 Neque
1147 2144 1214 2164 nos
1242 2133 1335 2178 sugit
1360 2144 1442 2165 eum
1469 2133 1592 2166 verbis
1619 2132 1848 2166 scholasticis
1883 2145 1956 2166 non
1986 2132 2184 2175 abstinere,
2207 2145 2262 2166 ex.
2284 2145 2339 2178 gr.

476 2197 627 2230 vocibus
649 2212 664 2227 «
688 2197 872 2238 duratio»,
891 2212 906 2228 «
920 2197 1092 2231 volitivus
1110 2213 1140 2240 »,
1160 2205 1284 2244 utpote
1306 2200 1366 2244 qui
1388 2199 1564 2232 institutis
1586 2206 1670 2232 tunc
1690 2199 1809 2232 solitis
1830 2200 1975 2244 penitus
1992 2200 2139 2233 liberari
2160 2200 2339 2245 nequiret,

478 2275 548 2308 quo
568 2264 718 2296 0111111110
741 2263 862 2296 nullus
884 2264 1064 2308 politioris
1086 2264 1318 2299 humanitatis
1338 2266 1476 2299 assecla
1499 2278 1541 2299 eo
1564 2273 1739 2311 tempore,
1763 2278 1807 2298 ne
1829 2266 1866 2298 in
1883 2266 1984 2299 Italia
2006 2266 2166 2311 quidem,
2188 2278 2340 2311 prorsus

478 2336 586 2362 caret.
610 2330 813 2368 Caeterum,
836 2342 946 2362 unum
969 2343 987 2363 e
1008 2331 1135 2375 primis
1154 2331 1263 2377 hujus
1285 2333 1432 2377 generis
1455 2333 1601 2377 scriptis
1623 2333 1659 2365 in
1681 2333 1829 2365 Francia
1850 2333 1887 2365 id
1909 2345 1991 2366 esse
2009 2339 2202 2366 memento.

567 2397 690 2440 ltaque
712 2408 784 2428 non
800 2396 968 2429 minimae
989 2397 1316 2431 animadversionis
1333 2399 1443 2444 digna
1464 2399 1571 2432 1101115
1592 2399 1668 2432 visa
1690 2406 1745 2432 est
1761 2411 1801 2432 ea
1821 2399 1978 2432 laudatio
2002 2399 2170 2432 Franciae
2188 2399 2340 2433 Univer-

478 2462 667 2507 sitatisque
688 2463 916 2495 ParisiensiS.
939 2465 1171 2509 Nequaquam
1205 2477 1311 2510 pares
1334 2466 1417 2499 stilo
1446 2466 1667 2511 reputandae
1697 2466 1964 2511 disputationes
1994 2467 2168 2511 quaedam
2194 2478 2212 2499 a
2234 2468 2339 2500 Petro

479 2529 522 2561 de
534 2528 686 2561 Ailliaco
704 2529 827 2573 paucis
844 2530 947 2562 annis
961 2537 1041 2563 ante
1057 2532 1225 2576 scriptae,
1242 2544 1332 2577 quae
1352 2544 1437 2566 vere
1455 2532 1707 2574 scholasticae,
1721 2544 1924 2577 quanquam
1945 2533 2108 2566 classicis
2129 2533 2338 2566 auctoribus

478 2595 657 2632 interdum
679 2595 808 2636 allatis,
828 2603 1024 2629 remanent.

587 2711 592 2716 .
609 2693 647 2716 ΝΕ
661 2694 720 2716 1522
734 2697 758 2716 et
774 2694 842 2717 1557.

586 2755 592 2760 .
610 2738 628 2765 1,
640 2746 667 2768 p.
682 2739 736 2766 607,
753 2741 805 2761 not.
822 2740 846 2762 [1.

570 2694 580 2716 1

569 2738 582 2760 2

568 2783 591 2806 3.
610 2782 695 2812 Supra
712 2791 739 2813 p.
755 2788 816 2805 xm.

569 2828 593 2849 [ι.
613 2827 683 2849 lnl'ru
696 2827 804 2850 1101565.

570 2873 583 2893 5

587 2888 592 2894 .
612 2873 658 2893 Α11.
675 2871 742 2897 1389,
760 2871 817 2894 Jau.
833 2872 869 2899 27,
887 2872 997 2895 iun-:1110
1013 2874 1080 2896 1567.
