2508 3372
428 305 516 327 xvul
1211 299 1503 321 INTRODUCTIO.

526 380 576 413 De
609 377 695 413 ludo
726 377 917 424 episcopali
945 375 1084 411 Parisiis
1114 375 1150 410 in
1176 375 1263 410 sesto
1296 375 1331 409 S.
1363 372 1497 409 Nicolai
1531 373 1707 420 permisso
1739 372 1910 408 hactenus
1938 373 2029 408 niliil
2064 373 2290 410 noscebatur.

428 450 483 486 N¹¹s
502 451 594 484 1340
610 460 673 484 nos
696 448 797 483 docet
811 447 936 482 ludum
952 446 1052 481 illum
1070 445 1113 481 ab
1139 445 1286 492 antiquo
1302 448 1461 491 tempore
1482 443 1516 478 in
1538 444 1771 479 Universitate
1790 443 1901 479 Paris.
1926 443 2094 479 usitatum
2119 444 2242 488 fuisse,
2261 448 2296 481 et

428 520 599 556 nonnulla
618 520 662 555 ad
682 531 798 555 mores
813 518 906 553 illius
924 516 1116 552 memoriae
1132 516 1363 563 explicandos
1379 526 1449 550 nou
1467 514 1646 562 superflua
1662 514 1830 562 suggerit.

526 591 723 637 Aliquoties
739 589 883 625 notitiae
898 592 1036 624 tantum
1054 586 1279 634 interpositae
1294 586 1413 621 lumen
1431 597 1561 621 novum
1582 586 1726 621 cuidam
1747 590 1880 633 puncto
1905 586 2024 622 adhuc
2040 586 2195 623 obscuro
2208 587 2296 622 affe-

431 664 521 695 runt.
539 660 608 704 Sic,
627 672 646 694 e
662 665 697 693 11⁰
720 661 810 694 1528
835 659 926 705 (pag.
957 657 1038 702 427)
1064 657 1235 692 docemur
1259 655 1446 702 magistros
1467 655 1503 689 in
1528 654 1704 702 theologia
1730 654 1881 690 Bibliam
1902 655 2040 703 legisse.
2069 657 2167 698 Quae
2192 655 2296 691 fuerit

429 732 500 767 sive
517 730 658 766 Parisiis
673 730 743 765 sive
757 729 840 765 alibi
858 729 962 764 lectio
979 727 1187 774 magistralis
1204 726 1361 774 magistri
1380 726 1417 761 in
1436 725 1629 773 theologia,
1648 738 1762 773 usque
1780 726 1898 762 adhuc
1918 727 2166 774 ignorabatur3
2182 727 2297 775 magi-

430 807 543 838 strum
559 814 602 837 eu
610 813 642 836 m
658 799 958 848 disputationibus
976 803 1113 834 tantum
1130 797 1353 845 praesedisse
1367 796 1551 844 putabant.
1568 798 1670 832 Nunc
1686 808 1769 833 vero
1785 801 1882 845 patet
1899 797 2076 834 lecturam
2090 798 2126 833 in
2142 798 2297 834 Univer-

431 874 534 909 sitate
554 872 662 908 Paris.
684 872 858 918 inceptam
878 882 954 906 esse
971 882 1051 905 cum
1068 869 1182 904 Bihlia
1199 867 1230 916 (a
1252 868 1469 904 bacealareis
1489 867 1643 915 hiblieis)
1666 871 1700 904 et
1716 868 1845 904 iterum
1864 881 1947 904 eum
1965 869 2079 905 Biblia
2098 869 2296 917 perfectam

432 944 464 993 (a
487 942 694 990 magistris);
719 954 800 977 cum
822 942 957 988 priores
977 940 1177 976 textualiter
1201 943 1234 975 et
1258 939 1428 979 cursorie,
1462 939 1675 986 posteriores
1702 939 1899 975 scientifico
1922 940 2031 976 modo
2060 953 2141 976 cum
2170 940 2296 988 glossis

431 1013 604 1063 legerent*
615 1042 622 1049 .

530 1087 573 1121 Ut
587 1085 715 1120 eodem
727 1084 941 1119 documento
957 1083 1080 1129 liquet,
1096 1082 1201 1118 lectio
1215 1081 1428 1129 magistralis
1446 1081 1633 1117 doctorum
1649 1081 1684 1116 iu
1697 1082 1849 1117 decretis
1861 1094 1926 1129 per
1937 1083 2172 1129 quadrantem
2187 1083 2298 1118 horae

433 1161 569 1193 tantum
582 1155 740 1199 durabat,
755 1158 788 1190 et
804 1154 832 1189 is
847 1155 906 1201 qui
922 1154 1106 1189 doctorem
1121 1156 1300 1201 regentem
1316 1164 1387 1188 non
1402 1152 1580 1197 audiebat,
1595 1152 1770 1188 scholaris
1786 1153 1883 1188 haud
1898 1153 2140 1201 reputabatur.
2158 1154 2300 1190 Scimus

434 1229 540 1263 etiam
559 1239 601 1262 ex
616 1226 744 1261 eodem
767 1225 876 1268 sonte,
897 1226 941 1259 26
962 1225 1126 1260 doctores
1152 1228 1314 1272 regentes
1339 1224 1374 1258 in
1401 1225 1425 1258 F
1429 1223 1579 1259 acultate
1596 1224 1822 1259 decretorum
1847 1224 1969 1268 fuisse,
1989 1225 2085 1272 quod
2107 1224 2302 1261 coneordat

434 1310 516 1335 cum
536 1304 572 1332 n⁰
591 1299 695 1332 1589.

532 1371 578 1404 Ex
596 1367 839 1403 instrumentis
855 1367 946 1401 inl'ra
961 1366 1015 1401 vel
1035 1366 1070 1401 in
1091 1366 1258 1402 Anactorio
1274 1367 1378 1411 edit—is
1404 1367 1559 1414 primum
1584 1365 1780 1401 edocemur
1799 1366 1854 1401 vel
1874 1366 1917 1402 de
1935 1366 2152 1414 juvenilibus
2174 1366 2300 1403 studiis

434 1441 489 1476 vel
508 1440 551 1475 de
568 1438 788 1486 professione
811 1437 1004 1485 magistrali
1025 1449 1088 1472 seu
1111 1437 1153 1472 (16
1175 1437 1379 1472 nominibus
1397 1437 1553 1472 virorum
1574 1437 1633 1484 qui
1653 1437 1747 1473 hanc
1769 1441 1927 1472 nostram
1948 1438 2160 1473 memoriam
2176 1441 2301 1485 postea

435 1511 654 1546 illustrarunt
672 1509 726 1544 vel
747 1509 879 1544 samam
900 1508 1018 1555 adepti
1042 1511 1139 1551 sunt,
1164 1508 1289 1554 quales
1314 1508 1460 1543 notandi
1495 1507 1691 1555 Hugolinus
1719 1507 1959 1552 Malabranea,
1979 1509 2156 1544 Gerardus
2178 1510 2298 1554 Groot,

439 1577 596 1613 Ferricus
611 1575 807 1619 Cassinelli,
827 1574 1001 1610 Hem-icus
1015 1574 1058 1609 de
1075 1574 1214 1618 Hassia,
1230 1575 1413 1611 Conradus
1426 1575 1469 1610 de
1485 1574 1726 1620 Gelnhausen,
1742 1575 1865 1610 Simon
1881 1575 1925 1611 de
1942 1575 2156 1620 Cramaudo,
2177 1577 2301 1611 Petrus

438 1648 540 1695 Regis
560 1647 669 1683 abbas
692 1647 726 1682 S.
746 1645 942 1689 Michaelis,
967 1646 1168 1692 Stephanus
1193 1646 1237 1681 de
1259 1645 1501 1690 Calvomonte,
1526 1646 1728 1693 Stephanus
1750 1646 1901 1691 Galdeti,
1921 1648 2045 1682 Petrus
2068 1646 2111 1682 de
2135 1646 2300 1691 Ailliaco,

437 1719 604 1766 Aegidius
633 1718 676 1753 de
702 1716 858 1764 Campis,
888 1716 1070 1751 Johannes
1096 1717 1253 1751 Arnaudi
1279 1719 1425 1761 Gerson,
1457 1716 1666 1752 Dominicus
1695 1717 1806 1761 Parvi,
1841 1717 2023 1753 Johannes
2053 1717 2300 1762 Breviscoxae,

437 1791 617 1826 Johannes
644 1788 866 1825 Mullecliner
893 1788 937 1823 de
966 1788 1120 1831 Austria,
1151 1788 1317 1823 Nicolaus
1348 1788 1580 1824 Poillevillain
1610 1789 1653 1824 de
1683 1789 1900 1836 Clamengis,
1925 1790 2048 1824 Petrus
2079 1789 2123 1824 (16
2153 1788 2300 1833 Gaudia,

437 1862 618 1897 Johannes
634 1860 677 1895 de
695 1859 843 1901 Basilea,
861 1859 1042 1893 Johannes
1059 1859 1101 1893 (16
1119 1859 1364 1907 Clievegneyo,
1384 1861 1506 1894 Petrus
1523 1859 1660 1903 Plaoul,
1677 1860 1859 1896 Johannes
1874 1860 2049 1905 Thomae,
2063 1860 2245 1896 Johannes
2259 1860 2302 1896 de

439 1934 660 1975 Montesono,
678 1931 858 1966 Johannes
879 1930 989 1970 Parvi,
1009 1929 1151 1976 aliique.

540 2005 724 2038 Praeterea
742 2013 760 2036 e
782 2001 901 2036 multis
926 2000 1080 2036 textibus
1106 2001 1212 2036 simul
1236 2001 1469 2037 consideratis
1487 2002 1663 2050 judicium
1686 2006 1847 2038 nostrum
1876 2002 1920 2038 de
1946 2002 2162 2050 quibusdam
2186 2002 2304 2050 magni

444 2074 595 2109 rumoris
618 2073 700 2107 viris
725 2071 851 2119 corrigi
876 2071 993 2107 dehet.
1017 2072 1087 2115 Sic,
1108 2084 1138 2107 ν.
1161 2084 1211 2119 g.,
1231 2073 1353 2107 Petrus
1377 2073 1420 2108 de
1443 2073 1593 2108 Ailliaco
1617 2085 1689 2109 non
1714 2073 1830 2109 solum
1854 2077 1893 2108 ut
1920 2073 2144 2118 ambitiosus,
2167 2077 2202 2109 et
2225 2073 2305 2121 plus

444 2156 550 2192 quam
565 2144 636 2184 alii,
653 2146 810 2190 apparet,
830 2142 1014 2177 sedetiam
1038 2143 1146 2178 1101110
1163 2142 1348 2190 ambiguae
1373 2144 1457 2179 fidei
1473 2144 1704 2191 reputandus,
1728 2145 1786 2192 qui
1803 2148 1990 2192 propterea
2010 2157 2028 2180 6
2051 2148 2175 2180 senatu
2195 2143 2306 2191 magi-

445 2219 598 2251 strorum
614 2214 783 2261 expulsus
800 2213 946 2248 suerat2.

445 2361 568 2385 lecturam
590 2359 782 2383 Sententiarum
798 2358 829 2381 ad
853 2358 962 2389 gradum
983 2358 1169 2383 baccalareatus
1184 2360 1341 2391 pervenisse.
1365 2360 1434 2387 Quod
1454 2361 1555 2390 adjus
1574 2367 1677 2385 canon.
1697 2361 1749 2384 vid.
1776 2361 1916 2390 Chartul.,
1931 2360 1965 2390 11,
1987 2365 2016 2394 110
2038 2360 2107 2390 1040,
2129 2368 2155 2392 p.
2179 2360 2239 2391 504;
2260 2360 2306 2391 111,

446 2409 474 2429 n·
491 2404 559 2429 1363.
577 2405 631 2427 not.
650 2403 689 2432 17;
708 2407 737 2426 n⁰
757 2402 827 2426 1412.
843 2402 879 2426 De
893 2401 977 2433 gradu
995 2402 1186 2427 baccalareatus
1200 2404 1227 2427 111
1240 2406 1297 2435 jure
1313 2412 1369 2428 can.
1387 2405 1476 2435 agitur
1496 2405 1523 2428 in
1542 2405 1608 2436 Reg.
1628 2405 1708 2429 Aven-
1725 2404 1842 2436 Gregorii
1858 2405 1904 2434 XI,
1920 2404 1968 2429 vol.
1985 2404 2031 2434 VI,
2049 2403 2093 2429 fol.
2111 2404 2170 2435 6243
2191 2404 2242 2428 vol.
2259 2404 2306 2434 lx,

446 2449 490 2474 fol.
510 2448 562 2472 471.
583 2447 731 2471 Promiscue
743 2454 801 2470 cum
815 2446 874 2470 aliis
895 2445 967 2477 ibid„
983 2446 1024 2470 fol.
1040 2447 1112 2476 3751’,
1130 2447 1184 2476 411,
1200 2448 1271 2479 443b,
1288 2448 1360 2477 446b,
1378 2448 1449 2472 47212.
1467 2448 1508 2472 Sic
1522 2449 1599 2473 etiam
1616 2449 1643 2473 in
1662 2450 1732 2479 Jure
1751 2449 1827 2473 civili
1851 2448 2028 2481 loquebantur
2044 2448 2075 2472 de
2094 2449 2175 2480 gradu
2196 2448 2308 2473 baccala—

448 2495 546 2521 reatus,
567 2492 640 2521 ibid„
656 2491 699 2515 fol.
710 2491 782 2515 4801’.
803 2491 935 2517 Quantum
946 2490 978 2514 ad
993 2495 1068 2515 artes
1090 2491 1186 2523 pluries
1204 2492 1373 2516 inveniuntur
1388 2493 1414 2516 in
1427 2495 1555 2523 Auctar.,
1574 2501 1599 2517 v.
1614 2501 1639 2525 g.
1653 2493 1709 2524 452,
1720 2493 1764 2523 373
1778 2493 1833 2524 606,
1847 2493 1891 2523 24;
1905 2493 1960 2523 674,
1974 2493 2017 2523 25;
2034 2493 2090 2522 855,
2104 2500 2152 2524 sq.;
2169 2493 2224 2523 894,
2234 2494 2264 2517 5:
2275 2493 2308 2517 ad

447 2537 555 2569 gradum
570 2535 772 2564 bachalariatus;
791 2543 814 2566 p.
828 2534 880 2564 180,
895 2534 924 2558 13
938 2543 943 2558 :
959 2534 991 2558 ad
1006 2535 1115 2566 gradum
1129 2536 1361 2561 determinationis.
1379 2537 1408 2561 In
1423 2537 1532 2561 diversis
1547 2537 1609 2561 locis
1622 2537 1712 2569 agitur
1721 2537 1752 2562 de
1766 2537 1851 2562 tribus
1862 2536 1998 2569 gradibus,
2011 2537 2029 2561 i.
2043 2545 2065 2562 e.
2074 2537 2307 2568 determinationis,

447 2581 566 2606 licentiae
577 2582 604 2604 et
618 2579 769 2611 magisterii,
786 2587 809 2602 v.
825 2587 851 2610 g.
866 2578 921 2607 434,
939 2579 976 2602 15.
989 2579 1050 2603 Vid.
1061 2581 1191 2611 praeterea
1200 2580 1276 2611 infra,
1293 2589 1318 2613 p.
1329 2581 1360 2605 39
1375 2590 1381 2605 :
1394 2582 1426 2606 ad
1440 2581 1550 2612 gradum
1566 2581 1707 2606 bachelarii
1722 2582 1761 2606 vel
1775 2582 1907 2613 magistri.
1919 2582 2041 2606 Ceterum
2052 2581 2116 2606 alias
2129 2582 2218 2612 etiam,
2235 2583 2266 2606 ut
2280 2581 2308 2606 in

448 2627 525 2650 Mon.
542 2626 603 2649 hist.
618 2625 741 2655 Univers.
753 2624 840 2653 Praq.
852 2631 926 2654 saepe
937 2625 1077 2647 occurrunt
1092 2624 1235 2649 locutiones
1247 2634 1254 2649 :
1267 2625 1364 2657 gradus
1376 2626 1567 2650 baccalareatus
1581 2626 1607 2650 in
1620 2628 1681 2656 art.;
1693 2627 1827 2659 promotus
1837 2626 1868 2650 ad
1883 2625 1977 2650 baceal.
1990 2625 2029 2650 vel
2044 2625 2076 2649 ad
2092 2625 2200 2657 gradum
2214 2625 2308 2650 baccal.

542 2669 565 2693 1.
583 2668 643 2692 Vid.
660 2675 728 2691 nunc
743 2667 867 2691 Desii-LE
882 2667 909 2691 in
927 2668 1018 2691 Revue
1042 2669 1187 2697 Thomiste,
1203 2669 1236 2699 II,
1252 2670 1341 2700 (1894),
1359 2670 1404 2694 149
1419 2678 1425 2694 :
1445 2671 1513 2697 Quel
1528 2671 1597 2695 livre
1610 2671 1714 2695 servait
1729 2672 1761 2695 de
1782 2672 1844 2695 base
1858 2672 1876 2695 ὰ
1896 2670 2123 2701 ῑεπεείρηενηεηε
2135 2672 2181 2694 des
2193 2671 2309 2696 maieres

448 2722 483 2738 en
501 2713 643 2744 theoloqie.
661 2713 690 2736 Iu
712 2712 772 2735 Ord.
790 2711 882 2735 Praed.
910 2719 965 2735 mos
986 2712 1063 2735 etiam
1085 2720 1153 2736 nune
1174 2715 1351 2744 conservatur,
1368 2716 1399 2738 ut
1421 2714 1566 2746 praesidens
1590 2723 1685 2739 novum
1706 2715 1864 2746 magistrum
1886 2714 1913 2738 in
1935 2714 2065 2746 theologia
2089 2714 2228 2738 creandum
2249 2714 2310 2739 allo·

448 2760 545 2791 quatur
560 2766 567 2782 :
586 2767 599 2779 <z
616 2758 642 2781 te
657 2756 823 2780 instituimus
888 2755 1016 2779 doctorem
1033 2758 1059 2780 et
1074 2757 1229 2788 magistrum
1250 2758 1277 2782 in
1299 2766 1320 2782 s.
1338 2758 1467 2790 theologia
1525 2767 1585 2783 cum
1603 2759 1758 2783 auctoritate
1778 2759 1857 2783 etiam
1873 2758 2021 2782 cathedram
2036 2758 2212 2790 magistralem
2224 2767 2310 2784 ascen-

449 2802 535 2832 dendi,
548 2808 662 2826 sacram
676 2801 856 2831 Scripturam
873 2800 995 2828 docendi,
1011 2801 1226 2831 interpretandi,
1243 2802 1386 2833 ylossandi
1397 2813 1420 2827 n.

542 2846 566 2870 2.
585 2845 646 2870 Vid.
661 2847 788 2874 Λυσίαν..
806 2845 826 2875 Ι,
842 2844 897 2876 707.
