2488 3386
165 350 259 386 1375]
578 363 623 384 An
659 362 762 383 ANNO
798 362 927 383 mcccc
963 362 1090 389 USQUE
1127 362 1173 382 An
1210 362 1470 383 amministrum
1508 362 1579 382 xiii
1959 352 2022 382 219

171 466 307 502 1398.
335 474 452 500 Carolus
475 476 501 507 V,
520 484 571 500 1·ε.ι“
587 476 768 505 Francorum,
792 474 991 500 Universitatis
1006 473 1225 499 Aurelianensis
1242 476 1391 508 confirma!
1403 474 1553 509 privilegia
1571 473 1671 498 emh-m
1685 477 1771 508 alque
1785 473 1944 498 Paris-[ensi
1961 482 2024 498 rou-

251 533 342 556 cessa,
365 527 632 559 conservatoresque
657 523 796 549 dictorum
818 523 1031 559 privilegiorum
1055 523 1201 548 coustituit
1228 522 1360 548 ballivum.
1386 523 1640 557 praepositumqur
1666 522 1826 555 Aureliam,
1857 522 2025 557 eosdemque

252 577 463 598 conservatores
478 572 652 598 scholarium
669 576 695 597 et
709 573 883 602 servitorum,
903 572 933 597 id
949 575 990 596 rst
1006 572 1121 603 uruat-ii,
1141 571 1323 597 librariorum
1341 572 1433 599 trium,
1454 571 1585 602 ”irruisti-i
1608 571 1712 596 lwdelli
1727 575 1753 596 (Ἰ
1769 572 1904 605 cujusque
1922 570 2026 595 bedf-lli

252 623 452 656 castas-cunique
472 622 606 647 nationis.
626 633 639 644 u
656 620 759 648 Donnc
773 620 788 647 ἐι
805 621 880 647 Paris
900 621 926 647 lc
947 621 1026 654 xxiij‘·
1039 621 1108 653 jour
1128 621 1163 646 de
1186 621 1258 646 Mars
1274 621 1329 646 l‘an
1346 621 1381 645 de
1397 620 1479 651 grace
1497 620 1519 644 M
1535 621 1600 644 (ltltl
1612 621 1731 645 Lxxmt
1749 622 1773 645 ct
1792 621 1827 644 de
1845 622 1926 645 notre
1940 628 2026 651 regne

266 672 290 697 le
304 678 352 696 xiv.
374 683 386 694 υ
402 672 462 696 Par
476 671 501 696 le
515 680 563 705 roy
578 679 610 696 en
627 679 676 696 sou
693 670 840 696 conseil..,.
861 671 884 695 J.
903 671 1018 696 ΤΑιιΑιιι.

1385 706 1457 733 1375,
1474 706 1560 730 Martii
1570 706 1612 731 23,
1631 705 1741 730 Parisiis.

258 760 333 783 Arch.
351 763 403 783 nat.
420 760 503 783 Puris.
519 760 559 782 Μ.
575 760 627 783 103.
644 759 687 782 sol.
707 760 751 781 195
759 759 780 787 l‘,
797 760 890 781 110237'1.

171 927 311 964 1399.
338 938 479 961 Slalutum
497 937 623 961 nationis
641 936 824 961 mear-dorm„
842 935 877 960 de
893 935 974 960 modo
991 935 1115 968 eligendi
1131 936 1291 968 offiriarins.

1381 1019 1456 1047 1375,
1473 1018 1559 1043 Martii
1571 1018 1615 1046 30,
1632 1018 1744 1043 Parisiis.

259 1104 447 1136 Universis
469 1110 659 1149 presentes
682 1103 818 1136 litteras
841 1103 1060 1147 inspecturis
1087 1114 1213 1135 omnes
1238 1102 1399 1147 magistri
1423 1101 1601 1134 facultatis
1622 1102 1748 1134 artium
1773 1108 1839 1134 tam
1863 1109 2032 1146 regentes

167 1182 271 1215 quam
294 1183 366 1203 non
385 1177 554 1214 regentes
576 1170 733 1202 nationis
756 1170 951 1209 Picardice,
975 1169 1085 1202 studii
1104 1169 1334 1209 Parisiensis,
1353 1168 1503 1201 salutem
1526 1168 1561 1200 in
1585 1168 1739 1200 Domino
1761 1169 2029 1213 sempiternam.

168 1238 343 1279 Quoniam
363 1237 585 1282 experientia
604 1249 721 1269 rerum
741 1236 910 1280 magistra
929 1236 1104 1268 edocente
1122 1236 1316 1268 didicimus
1334 1235 1429 1280 quod
1452 1235 1653 1267 damnande
1670 1235 1877 1268 ambitionis
1899 1236 2032 1280 impro-

169 1303 260 1336 bitas
281 1304 506 1348 quorundam
536 1304 790 1348 magistrorum
819 1303 913 1335 dicte
943 1309 1066 1335 nostre
1094 1303 1250 1335 nationis
1279 1302 1418 1334 animos
1445 1302 1480 1334 in
1511 1309 1642 1334 tantum
1673 1302 1867 1342 excecavit,
1890 1309 1925 1334 ut
1951 1315 2029 1334 cum

170 1377 233 1410 per
260 1366 391 1398 ostium
423 1378 507 1398 vere
534 1365 724 1398 electionis
748 1365 791 1397 ad
822 1365 936 1397 officia
969 1365 1125 1397 nationis
1154 1371 1277 1396 nostre
1303 1365 1436 1396 assumi
1466 1371 1663 1408 nequeunt,
1692 1376 1754 1396 seu
1787 1364 2033 1397 verisimiliter

169 1432 346 1473 dubitant,
369 1432 515 1464 aliunde
545 1439 708 1476 tanquam
738 1433 837 1464 sures
864 1439 895 1464 ct
923 1432 1083 1464 latrones
1110 1431 1300 1476 exquisitis
1328 1430 1517 1463 fraudibus
1539 1431 1581 1463 ad
1611 1431 1734 1463 eadem
1757 1431 1870 1463 officia
1900 1432 2032 1463 intrare

169 1506 337 1544 satagunt
358 1506 392 1531 et
413 1499 589 1540 nituntur,
612 1511 690 1531 cum
715 1511 809 1531 nunc
833 1511 896 1543 per
917 1499 1073 1543 seipsos,
1098 1510 1192 1531 nunc
1214 1510 1278 1543 per
1299 1498 1531 1542 interpositas
1554 1510 1728 1543 personas
1750 1498 1842 1543 apud
1866 1510 2033 1542 procura—

170 1573 296 1606 torem,
320 1573 355 1598 ut
387 1566 487 1610 ipsos
513 1566 556 1598 ad
585 1565 794 1610 hujusmodi
816 1565 930 1598 officia
953 1566 1127 1604 nominet,
1150 1565 1206 1598 vel
1234 1565 1327 1609 apud
1354 1565 1420 1597 alia
1448 1565 1564 1609 ipsius
1592 1565 1747 1597 nationis
1773 1565 1974 1610 supposita,
1998 1574 2030 1597 ut

169 1639 249 1666 vota
270 1645 334 1665 sua
355 1633 392 1665 in
413 1632 591 1665 electione
613 1633 774 1665 facienda
796 1633 832 1665 in
854 1633 954 1677 ipsos
971 1632 1142 1677 dirigant,
1161 1632 1293 1664 instant
1314 1631 1451 1664 illicitis
1474 1632 1792 1676 practicationibus
1810 1639 1840 1664 et
1866 1632 2033 1676 precibus

169 1699 399 1744 importunis,
423 1706 571 1744 propter
593 1700 688 1744 quod
719 1699 867 1732 libertas
893 1699 1053 1743 eligendi
1082 1711 1099 1731 a
1130 1698 1296 1743 pluribus
1327 1699 1515 1743 presertim
1540 1698 1739 1742 juvenibus
1762 1699 1967 1743 impeditur,
1996 1711 2032 1731 ac

169 1766 390 1799 inducuntur
406 1767 616 1811 frequenter
632 1766 674 1799 ad
692 1766 924 1811 dirigendum
941 1773 1021 1800 vota
1039 1778 1102 1798 sua
1120 1772 1242 1798 contra
1261 1778 1384 1798 eorum
1404 1766 1647 1798 conscientias
1669 1766 1703 1797 in
1727 1766 1845 1798 minus
1869 1766 2032 1805 idoneos,

169 1833 230 1877 qui
251 1833 459 1878 hujusmodi
483 1833 623 1874 officiis,
647 1833 729 1866 licet
758 1834 940 1875 immeriti,
964 1833 1213 1878 presiciuntur,
1238 1833 1272 1864 in
1295 1833 1388 1865 dicte
1411 1833 1567 1865 nationis
1594 1845 1632 1865 ac
1657 1833 1926 1878 suppositorum
1951 1845 2033 1865 suo-

170 1912 247 1932 rum
265 1900 487 1941 scandalum,
507 1900 760 1933 detrimentum
780 1912 851 1933 non
875 1900 1054 1933 modicum
1078 1907 1113 1932 et
1127 1901 1303 1945 jacturam
1325 1911 1330 1931 :
1353 1899 1435 1932 hinc
1454 1906 1508 1932 est
1531 1900 1640 1944 quod,
1661 1900 1767 1932 tantis
1789 1900 1976 1932 fraudibus
1999 1900 2032 1931 in

169 1974 338 2011 quantum
370 1979 565 2012 possumus
595 1967 741 2000 obviare
762 1967 940 2007 volentes,
962 1979 1001 2000 ac
1032 1967 1067 1999 id
1096 1967 1264 2000 decetero
1287 1967 1488 1999 districtius
1518 1966 1766 2011 prohibentes,
1790 1967 1979 1999 statuimus
2001 1974 2030 1999 ct

168 2034 378 2067 ordinamus
401 2041 439 2067 ut
462 2035 491 2066 si
513 2035 594 2079 quis
617 2046 681 2079 pro
704 2046 742 2066 se
763 2041 823 2066 aut
844 2046 908 2079 pro
930 2034 999 2066 alio
1021 2034 1115 2078 apud
1144 2040 1412 2078 procuratorem
1435 2034 1492 2067 vel
1513 2034 1620 2066 alium
1643 2046 1909 2078 quemcunque,
1933 2041 1969 2066 ut
1990 2035 2031 2066 ad

167 2101 314 2146 aliquod
337 2101 492 2133 officium
515 2101 671 2134 nationis
694 2108 816 2134 nostre
840 2101 1060 2142 nominetur,
1079 2101 1247 2146 eligatur,
1270 2107 1327 2133 aut
1349 2100 1452 2133 aliter
1470 2101 1740 2145 quomodolibet
1767 2108 2031 2145 promoveatur.

168 2179 231 2199 seu
255 2174 292 2199 ut
313 2180 421 2200 voces
442 2168 498 2201 vel
520 2174 599 2201 vota
622 2168 877 2213 magistrorum
900 2167 969 2200 sibi
999 2168 1179 2212 impetret,
1203 2167 1259 2200 vel
1288 2168 1385 2211 qnod
1415 2168 1648 2200 continuetur
1679 2168 1712 2199 in
1740 2168 1857 2200 ollieio
1884 2169 1913 2200 si
1936 2169 2030 2212 quod

168 2233 340 2275 obtineat,
358 2234 492 2275 verbis,
516 2235 676 2279 scriptis,
694 2235 750 2268 vel
772 2235 901 2280 signiS,
926 2246 990 2279 per
1010 2246 1048 2267 se
1066 2234 1122 2267 vel
1144 2246 1207 2279 per
1227 2234 1335 2266 alium
1353 2234 1614 2275 intercesserit,
1639 2235 1780 2275 institit,
1804 2235 2031 2279 supplicavit,

168 2300 223 2333 vel
245 2301 519 2345 quomodolibet
540 2301 727 2342 laboravit,
747 2301 793 2334 sit
814 2314 856 2334 co
878 2302 957 2346 ipso
975 2302 1018 2334 ad
1035 2301 1153 2334 onmia
1172 2301 1286 2333 ossicia
1308 2301 1464 2333 nationis
1486 2301 1656 2334 inhabilis
1678 2314 1866 2346 perunum
1886 2314 2030 2341 annum,

169 2374 332 2411 preterea
359 2369 459 2412 juxta
493 2368 697 2413 qualitatem
738 2380 910 2401 excessus
940 2369 1035 2401 dicte
1071 2374 1195 2401 nostre
1236 2368 1392 2400 nationis
1427 2367 1576 2400 arbitrio
1608 2369 1827 2413 puniendus.
1858 2369 2030 2402 Veientes

168 2434 441 2476 nichilominus,
460 2442 498 2468 ut
513 2448 591 2468 cum
616 2436 790 2480 [ali]quis¹
815 2448 878 2481 per
900 2435 1114 2468 scrutinium
1138 2435 1181 2467 ad
1198 2435 1408 2479 hujusmodi
1431 2435 1585 2467 ossicium
1605 2435 1690 2480 eligi
1708 2436 1914 2480 contigerit,
1934 2436 2028 2480 quod

168 2508 388 2534 scrutatores
410 2502 452 2534 ad
474 2502 542 2535 hoc
564 2503 724 2547 deputati
744 2504 951 2547 juramento
973 2514 1096 2534 eorum
1119 2502 1255 2534 astricti
1278 2502 1362 2542 sint,
1387 2508 1424 2534 ut
1444 2501 1486 2534 ab
1509 2501 1691 2543 omnibus,
1715 2503 1773 2546 qui
1801 2515 1917 2535 coram
1943 2503 2030 2547 ipsis

167 2575 397 2613 compareant
416 2569 459 2601 ad
482 2576 560 2602 vota
584 2582 645 2602 sua
669 2570 759 2615 ipsis
782 2570 997 2611 nuncianda,
1015 2571 1259 2614 juramentum
1283 2569 1437 2612 capient,
1460 2569 1557 2612 quod
1579 2569 1614 2600 in
1637 2569 1738 2609 tales,
1757 2581 1848 2613 quos
1870 2570 2029 2601 nomina-

168 2634 269 2676 bunt,
292 2642 371 2668 vota
397 2648 460 2668 sua
485 2649 557 2668 non
580 2637 740 2681 dirigent
767 2637 897 2681 pretio,
925 2636 1110 2681 precibus,
1133 2642 1193 2668 aut
1218 2635 1283 2668 alia
1305 2647 1519 2679 quacunque
1542 2635 1663 2668 illicita
1686 2636 1851 2668 instantia
1881 2636 2028 2670 inducti,

168 2702 232 2734 sed
254 2702 370 2734 solum
393 2703 470 2735 zelo
493 2704 640 2747 justicie
663 2716 700 2736 ac
730 2704 880 2736 honoris
904 2710 938 2736 et
960 2703 1124 2736 utilitatis
1148 2703 1316 2735 nationis.
1350 2703 1497 2734 Domum
1522 2703 1696 2734 scrutinio
1720 2702 1899 2746 publicato
1923 2703 1974 2735 vel
2000 2703 2026 2733 si

168 2769 270 2801 etiam
294 2770 375 2813 quis
396 2769 533 2815 absque
555 2771 730 2803 scrutinio
752 2771 982 2803 concorditer
1008 2770 1146 2802 electus
1174 2770 1292 2809 suerit,
1325 2775 1535 2813 procurator
1558 2769 1670 2809 illum,
1693 2770 1751 2813 qui
1778 2770 1899 2813 plures
1924 2781 2028 2801 voces

168 2835 345 2876 habuerit,
370 2837 424 2869 vel
451 2837 485 2869 in
508 2849 612 2881 quem
640 2850 779 2877 omnes,
805 2844 836 2869 ιιΙ
863 2838 1093 2881 premittitur,
1116 2837 1382 2869 consenserint.
1412 2842 1492 2867 anti·
1515 2836 1631 2867 omnia
1653 2837 1775 2878 jurare
1806 2836 1902 2867 saciat
1932 2836 2025 2879 quod

170 2914 233 2947 pro
251 2902 457 2946 hujusmodi
480 2905 596 2936 ollicio
619 2904 681 2936 bac
701 2905 776 2936 vice
799 2917 869 2936 non
892 2904 1020 2936 institit
1044 2904 1171 2948 pretio,
1193 2902 1372 2947 precibus,
1393 2902 1526 2942 verbis,
1546 2903 1646 2933 sactis
1668 2909 1722 2934 ant
1742 2902 1843 2934 aliter
1861 2902 2029 2945 qualiter-
