2488 3386
441 327 484 359 68
1020 338 1338 360 CHARTULAMUM
1372 338 1561 360 UNtvERS.
1598 338 1727 359 rmus.
2206 321 2305 358 [1359.

443 410 679 452 minati]sunt,
701 418 922 456 paterentur,
939 424 957 444 a
974 412 1067 444 dicta
1088 411 1344 456 deportacione
1361 417 1562 451 cessarunt,
1582 418 1617 443 et
1637 422 1701 443 eos
1720 409 1764 443 ab
1786 421 1826 442 ea
1846 420 1991 442 cessare
2008 407 2305 453 oportuitfdictis

442 476 578 510 artistis
606 477 657 510 sic
688 478 795 510 nimis
823 484 958 510 temere
979 478 1036 520 [ad
1058 477 1361 522 solemp]nitatem
1383 477 1578 517 veniendo,
1601 483 1635 509 et
1656 476 1855 509 sententias
1877 473 2311 515 excommunicationqu

443 554 532 587 quas
553 543 589 575 in
610 543 777 576 illacione
798 544 976 576 dictorum
998 544 1131 576 ictuum
1155 550 1189 576 et
1209 543 1400 576 verberum
1422 543 1676 583 incurrissent,
1700 554 1780 575 cum
1806 553 1934 575 omnes
1962 540 2115 586 predicti
2143 539 2308 588 magistri

442 609 558 650 [titulo
580 609 749 651 clericali]
772 617 808 642 et
827 617 951 643 essent
971 617 1054 642 tunc
1077 609 1285 642 sacerdocio
1307 609 1487 653 insigniti,
1504 608 1778 653 vilipendendo,
1804 614 1839 641 et
1865 608 1966 653 ipsos
1989 607 2183 652 magistros
2204 605 2307 639 theo-

442 674 548 720 logos
570 676 606 708 in
627 677 863 721 possessione
884 683 919 709 et
939 677 1042 721 quasi
1063 676 1148 708 dicti
1171 687 1259 708 usus
1277 675 1506 720 [impro]vide
1527 675 1685 720 spoliare
1705 675 1867 708 nitendo.

531 740 688 776 [XXXV.
719 744 806 775 Item
839 743 924 775 licet
954 742 1147 783 inter]dum
1178 742 1215 774 in
1243 742 1366 774 missis
1392 742 1648 775 Universitatis
1676 748 1711 774 et
1739 740 2040 786 processionibus
2070 739 2304 786 generalibus

443 810 605 854 ejusdem
623 810 741 842 dictus
759 816 877 842 rector
893 810 1025 842 nitatur
1047 809 1090 841 de
1111 809 1203 841 facto
1224 815 1348 841 contra
1369 809 1483 840 Deum
1506 815 1541 841 et
1555 808 1739 852 justiciam
1757 808 1919 853 [primam
1941 808 2065 840 sedem
2087 810 2180 847 ante]
2201 806 2304 839 theo-

441 875 547 920 logos
564 888 753 921 occupare,
772 882 810 908 ut
825 887 911 920 sepe
929 875 1062 908 dictum
1081 881 1136 907 est
1155 886 1161 907 :
1181 874 1251 907 hiis
1269 881 1388 907 tamen
1409 886 1482 906 non
1503 881 1711 915 contentus,
1729 874 1766 906 in
1782 874 1906 907 missis
1927 873 2076 919 privatis
2098 880 2134 906 et
2149 873 2305 918 particu-

441 942 590 983 larfibus
695 941 949 982 celebrandfis,
976 942 1139 986 quamvis
1167 941 1203 973 in
1227 941 1280 973 eis
1307 940 1394 973 alias
1418 940 1504 973 dicti
1533 947 1652 973 rector
1673 947 1708 973 et
1733 941 1858 973 artiste
1878 939 2138 973 consueverint
2157 939 2305 972 minime

440 1009 648 1050 convenire,
676 1009 829 1041 eundem
858 1008 977 1040 locum
1001 1008 1045 1040 de
1074 1020 1167 1040 novo
1194 1007 1320 1040 nititur
1347 1019 1537 1052 usurpare.
1563 1008 1665 1048 [lmo‚
1694 1019 1774 1040 cum
1804 1018 1921 1052 nuper
1942 1006 2119 1051 ma]gistri
2141 1005 2305 1051 theologi

441 1075 638 1108 secundum
670 1075 867 1107 eorundem
899 1074 1115 1107 laudabilem
1145 1073 1447 1106 consuetudinem
1475 1074 1621 1106 missam
1644 1085 1709 1118 pro
1738 1073 1911 1118 magistro
1938 1072 2147 1106 Christiano
2174 1072 2304 1108 Guis²’¹

440 1141 688 1186 particularem
709 1145 754 1182 [et
773 1141 956 1185 privatam]
973 1141 1131 1173 facerent
1147 1140 1241 1185 apud
1260 1140 1427 1173 Sanctum
1438 1141 1463 1157 ²⁸
1476 1141 1511 1183 (P)
1529 1146 1565 1173 et
1581 1140 1754 1173 sederent
1772 1139 1962 1184 gradatim,
1981 1145 2089 1184 prout
2108 1138 2303 1184 antiquitas

439 1208 727 1252 uniuscujusque
748 1207 815 1239 hoc
836 1206 955 1247 habet,
974 1207 1092 1239 dictus
1114 1213 1232 1239 rector
1248 1213 1283 1239 et
1303 1206 1467 1251 magistri
1488 1206 1613 1239 artiste
1629 1207 1824 1251 jactarunt,
1842 1205 1940 1251 quod
1957 1205 1987 1238 si
2008 1205 2053 1238 ad
2069 1205 2199 1238 dictam
2223 1205 2305 1238 mis·

438 1286 512 1307 sam
536 1274 631 1306 idem
654 1280 772 1306 rector
793 1273 1080 1318 supervenisset,
1106 1273 1260 1318 primum
1290 1272 1409 1306 locum
1437 1278 1653 1318 occupasset
1680 1279 1714 1305 et
1743 1272 1829 1305 inde
1857 1272 2070 1317 magistrum
2093 1271 2302 1317 theologum

437 1340 616 1374 violenter
636 1340 835 1384 ejexissent
854 1340 940 1383 (sic).

526 1404 714 1440 [XXXVI].
738 1407 825 1439 Item
843 1413 881 1439 ut
901 1406 987 1439 dicti
1009 1405 1171 1450 magistri
1190 1405 1397 1450 theologice
1418 1405 1634 1438 facultatis²⁵

526 1471 733 1507 [XXXVll].
756 1474 842 1505 Item
864 1472 948 1505 licet
968 1472 1106 1505 domini
1129 1472 1196 1505 mei
1217 1479 1253 1505 et
1268 1484 1332 1505 sua
1348 1472 1500 1505 facultas
1518 1471 1722 1517 theologica
1737 1483 1879 1504 causam
1892 1471 2133 1516 justissimam
2147 1470 2306 1506 foverint

436 1540 473 1572 in
489 1539 553 1572 hac
575 1546 674 1584 parte
695 1546 730 1571 et
749 1540 871 1572 fovere
894 1548 1104 1579 noscantur,
1126 1539 1208 1583 quia
1230 1545 1348 1571 tamen
1369 1551 1492 1584 pacem
1515 1545 1549 1571 et
1570 1538 1873 1583 transquilitatem
1894 1550 1975 1571 cum
1996 1544 2151 1579 rectore,
2173 1549 2304 1583 procu-

438 1606 618 1640 ratoribus
640 1613 674 1638 et
694 1606 876 1650 magistris
898 1606 992 1638 dicte
1012 1605 1139 1638 artium
1162 1605 1340 1638 facultatis
1361 1617 1400 1638 ac
1421 1605 1528 1638 etiam
1549 1617 1629 1638 cum
1651 1604 1821 1638 omnibus
1847 1604 1928 1637 aliis
1956 1603 2127 1649 optabant
2154 1603 2302 1645 habere,

436 1674 533 1713 ideo,
559 1685 632 1705 non
657 1672 904 1705 renunciando
930 1671 1235 1716 appellationibus
1261 1672 1351 1713 suis,
1379 1672 1516 1705 eisdem
1548 1671 1693 1712 rectori,
1726 1670 2025 1716 procuratoribus
2056 1677 2091 1704 et
2119 1669 2303 1715 magistris

435 1739 613 1773 facultatis
643 1739 771 1771 artium
799 1739 835 1771 in
864 1738 969 1783 plena
1004 1739 1289 1784 congregatione
1319 1738 1481 1783 generali
1513 1738 1770 1771 Universitatis
1800 1737 2000 1784 liberaliter
2031 1743 2067 1770 et
2095 1736 2304 1782 benigniter

436 1806 647 1839 obtulerunt
666 1805 764 1850 quod
783 1806 872 1838 sacta
893 1812 928 1838 et
942 1806 1024 1849 jura
1045 1805 1221 1838 dictarum
1242 1805 1427 1850 theologie
1449 1811 1484 1838 et
1499 1805 1628 1838 artium
1650 1804 1858 1838 facultatum
1875 1803 2032 1837 fideliter
2049 1803 2305 1849 redigerentur

434 1873 471 1905 in
488 1872 633 1917 scriptis
653 1872 736 1904 hinc
753 1878 788 1904 et
807 1871 892 1904 inde
909 1883 972 1916 per
992 1872 1246 1916 magistrorum
1265 1883 1390 1904 eorum
1412 1872 1558 1916 propria
1574 1872 1791 1916 juramenta,
1811 1877 1846 1904 et
1861 1871 1897 1903 in
1915 1870 2171 1915 magistrorum
2192 1868 2304 1908 facul÷

436 1939 517 1972 tatis
545 1939 772 1971 decretorum
805 1937 970 1970 manibus
1000 1945 1035 1970 et
1059 1938 1198 1982 judicio
1228 1944 1464 1982 ponerentur.
1495 1939 1537 1970 Et
1565 1938 1596 1971 si
1624 1944 1757 1978 rector,
1790 1943 2046 1982 procuratores
2072 1942 2108 1969 et
2138 1936 2303 1982 magistri

435 2005 588 2050 predicti
604 2005 651 2037 ita
667 2004 769 2045 [fieri]
792 2011 1014 2045 recusarent,
1031 2011 1255 2048 ponerentur
1275 2004 1469 2048 injudicio
1493 2004 1724 2037 dominorum
1747 2003 1983 2037 cardinalium
2001 2003 2045 2035 de
2065 2002 2198 2047 Anglia
2218 2009 2303 2042 tunc

435 2071 742 2111 revertentium²⁶,
764 2070 821 2103 vel
847 2070 993 2103 domino
1015 2077 1140 2103 nostro
1164 2082 1254 2115 pape
1280 2071 1509 2103 mitterentur
1530 2071 1574 2103 de
1602 2082 1786 2103 consensu
1816 2069 2014 2115 cujuslibet
2041 2069 2234 2110 facultatis,
2252 2075 2304 2102 =ut

436 2138 714 2171 terminarentur
734 2136 942 2180 hujusmodi
964 2137 1176 2181 questiones
1201 2136 1438 2169 amicabiliter
1458 2149 1497 2169 ac
1523 2137 1718 2169 summarie
1739 2143 1774 2169 et
1801 2136 1845 2169 de
1872 2135 1992 2181 plano,
2014 2135 2045 2168 si
2071 2135 2119 2168 ita
2144 2134 2303 2180 placeret

435 2204 563 2237 artium
583 2203 752 2236 facultati.
776 2203 974 2235 Premissas
998 2209 1114 2235 tamen
1135 2202 1377 2248 obligationes
1395 2210 1430 2235 et
1450 2215 1570 2236 earum
1593 2203 1792 2248 quamlibet
1813 2202 1938 2235 audire
1960 2209 1995 2235 et
2013 2201 2202 2235 admittere
2223 2200 2302 2236 nol-

436 2270 592 2303 luerunt.

527 2353 604 2376 Arcb.
621 2356 674 2377 nat.
691 2353 774 2376 Paris.
796 2354 828 2376 M.
849 2354 903 2381 65¹²,
927 2358 956 2375 11⁰
976 2353 1029 2376 158.
1052 2353 1167 2377 Minuta
1185 2354 1323 2377 chartacea
1338 2362 1386 2385 pro
1405 2362 1502 2385 inagna
1523 2357 1599 2385 parte
1620 2354 1689 2377 lectu
1712 2353 1876 2382 difficillima,
1902 2361 1962 2376 cum
1985 2352 2142 2376 humiditate
2157 2352 2300 2384 margines,

434 2398 589 2431 quandoque
604 2401 629 2420 et
642 2397 802 2428 principium
818 2401 842 2420 ct
858 2398 971 2420 medium
989 2398 1079 2420 solium
1096 2406 1146 2420 non
1161 2406 1256 2429 purum
1274 2398 1462 2422 laboraverint.
1480 2398 1555 2426 Quod
1573 2398 1778 2421 instrumentum
1801 2398 1907 2429 quidem
1929 2397 2043 2420 Bulaeus
2059 2397 2111 2427 (IV,
2127 2398 2180 2428 359)
2198 2400 2301 2421 exstare

434 2445 550 2470 noverat,
567 2442 660 2464 saltem
676 2442 800 2464 memoria
815 2442 986 2464 articulorum
1001 2442 1034 2464 ad
1049 2450 1107 2465 eum
1122 2446 1301 2473 permanante,
1319 2443 1364 2465 scd
1379 2451 1394 2465 a
1410 2442 1539 2474 theologis
1555 2442 1672 2466 obtinere
1686 2451 1737 2465 non
1751 2445 1884 2473 potuerat.
1901 2441 1957 2469 Quo
1972 2445 2090 2472 tempore
2105 2441 2252 2472 composita
2266 2440 2301 2464 nit

433 2495 464 2510 ea
479 2486 578 2509 minuta
596 2494 646 2508 non
661 2485 765 2515 dicitur,
781 2488 807 2508 at
824 2486 907 2508 edurti
923 2494 1012 2508 sumus
1028 2495 1041 2509 e
1056 2483 1138 2510 Lib'ro
1154 2491 1374 2516 procuratorum
1391 2491 1452 2511 nat.
1469 2487 1644 2517 Anylicanae
1663 2487 1724 2516 (vid.
1744 2489 1863 2511 Auctar.
1883 2486 1979 2510 chart.
2002 2486 2135 2515 Univers.)
2151 2485 2213 2508 anni
2228 2486 2298 2515 1359,

434 2530 568 2553 mensibus
584 2530 692 2552 Janunr.
708 2530 737 2552 16
760 2538 788 2552 uc
803 2530 878 2552 Febr.
898 2530 935 2555 lli.
952 2530 1086 2561 theologos
1105 2533 1165 2552 tunc
1181 2530 1263 2553 dictos
1284 2531 1409 2553 articulos
1432 2534 1626 2562 praesentasse.
1644 2531 1696 2554 Hoc
1712 2530 1832 2553 evenisse
1856 2533 1917 2561 post
1936 2529 2029 2553 Octob.
2046 2537 2089 2552 an.
2106 2530 2174 2558 1358,
2195 2537 2226 2552 ex
2239 2528 2300 2560 ipsu

433 2574 524 2597 charta
539 2574 690 2597 ediscimus.
711 2573 813 2596 Similia
837 2577 978 2596 evenerunt
995 2582 1036 2596 an.
1055 2574 1113 2597 1347
1129 2574 1191 2605 (vid.
1216 2575 1357 2604 Chccrtul.,
1371 2575 1403 2603 11,
1424 2580 1452 2597 n⁰
1469 2575 1547 2604 1143),
1567 2578 1592 2598 et
1606 2583 1648 2598 an.
1667 2576 1726 2598 '1354
1742 2574 1806 2605 (vid.
1823 2573 2008 2602 Auctarium,
2026 2574 2045 2596 l.
2061 2581 2094 2602 c.‚
2115 2573 2149 2596 ad
2163 2581 2206 2596 an.
2227 2573 2296 2602 1354,

432 2619 541 2642 Januar.
556 2618 604 2648 18).
627 2617 728 2640 Scimus
753 2618 937 2640 cancellarium
962 2618 1045 2641 Paris.
1071 2626 1098 2640 se
1122 2627 1178 2641 esse.
1202 2622 1282 2649 caput
1297 2619 1482 2642 Universitatis
1504 2622 1613 2650 putasse
1634 2619 1697 2649 (vid.
1716 2619 1853 2646 Chartul.,
1875 2619 1894 2646 Ι,
1911 2622 1940 2640 n⁰
1955 2618 2009 2647 515)
2026 2620 2051 2640 et
2069 2618 2199 2648 profecto,
2219 2617 2299 2640 etiam

433 2670 476 2685 an.
497 2663 566 2690 1378,
583 2662 653 2692 Sept.
674 2662 695 2690 7,
712 2661 866 2692 quandoque
884 2662 1036 2692 designatus
1051 2665 1091 2684 est
1107 2671 1118 2684 «
1136 2665 1215 2693 caput
1229 2662 1346 2685 onmium
1361 2663 1478 2686 Parisius
1495 2662 1656 2686 studentium
1672 2672 1683 2685 υ
1701 2663 1763 2692 (vid.
1778 2662 1868 2692 infra),
1884 2661 2004 2693 quamvis
2020 2661 2102 2684 altera
2117 2664 2192 2692 parte
2207 2660 2299 2692 negari

433 2709 552 2737 nequeat,
572 2706 632 2728 huic
654 2706 822 2728 insinuationi
844 2706 983 2737 plerosque
1005 2706 1129 2729 adversos
1152 2706 1241 2729 fuisse.
1258 2707 1286 2729 E.
1307 2715 1332 2737 g.
1350 2715 1408 2729 cuni
1423 2707 1556 2730 Johannes
1575 2715 1620 2730 rex
1634 2708 1750 2738 Arugon.
1766 2715 1808 2730 an.
1829 2707 1889 2729 1394
1907 2705 2059 2737 scripsisset
2075 2714 2086 2728 t(
2101 2705 2258 2728 cancellario
2272 2707 2298 2729 et

432 2750 536 2778 rectori,
553 2750 728 2780 magistris....
745 2750 865 2773 Univers.
881 2750 964 2773 Paris.
983 2758 1004 2779 n,
1020 2750 1045 2772 in
1062 2758 1110 2773 ms.
1126 2751 1212 2779 14043,
1228 2751 1272 2774 fol.
1290 2751 1319 2773 2ss
1334 2759 1374 2781 sq.
1386 2751 1462 2780 (Bibl.
1475 2754 1527 2774 nat.
1544 2751 1638 2780 Puris.)
1654 2751 1721 2774 inter
1737 2752 1819 2774 lineas
1834 2750 1958 2782 ponitur:
1977 2758 1987 2773 α
2001 2749 2097 2779 deficit,
2110 2749 2298 2773 cancellarium

433 2794 612 2826 preponendo,
628 2802 715 2825 ymmo
730 2802 776 2816 nec
791 2794 926 2817 consucvit
940 2794 1046 2825 apponi,
1064 2795 1168 2825 quando
1186 2795 1311 2817 scribitur
1323 2795 1496 2818 Universituti
1513 2803 1535 2818 ι).

527 2879 550 2902 ·1.
566 2878 637 2906 Quae
652 2881 806 2909 sequuntur,
822 2879 945 2909 leguntur
961 2886 975 2901 a
993 2881 1075 2909 tergo,
1092 2878 1137 2901 sed
1154 2878 1245 2901 eodem
1265 2878 1424 2902 charactere.
1441 2879 1470 2901 ln
1485 2887 1534 2902 ms.
1554 2878 1640 2910 primo
1657 2878 1786 2910 scriptum
1801 2881 1858 2902 erat
1879 2879 1985 2909 (postea
2000 2877 2123 2907 deletum)
2140 2884 2146 2900 z
2165 2885 2177 2900 (ι
2194 2876 2258 2900 Item
2271 2879 2298 2901 et
