2488 3386
440 357 499 389 126
1012 361 1329 385 CHARTULARIUM
1363 360 1553 382 natvs-ns.
1591 358 1718 380 ranis.
2200 344 2299 380 [1365

437 439 619 484 magistris
640 438 797 471 evocatis
817 438 935 482 ipsum
960 437 1003 470 ad
1025 437 1157 470 dietum
1180 435 1330 481 gradum
1358 433 1557 479 magisterii
1581 437 1802 477 promoveat,
1829 431 1973 463 statutis
1996 430 2107 463 studii
2124 430 2299 463 Parisien-

437 507 500 547 sis,
523 511 586 539 etc.
609 526 651 529 —
668 505 753 537 Fiat.
779 506 816 537 B.
836 525 879 528 —
899 505 977 536 Dat.
999 503 1180 536 Avinione
1200 508 1325 534 octavo
1346 500 1395 533 id.
1417 500 1528 539 Junii,
1546 511 1640 532 anno
1663 498 1780 531 tertio.

530 604 592 634 ch.
612 603 669 626 Vnt.
686 602 779 633 Suppl.
796 601 896 625 Urbani
911 602 939 629 V,
957 609 1000 624 an.
1016 602 1038 629 3,
1056 609 1081 631 p.
1100 601 1122 627 2,
1143 599 1187 623 sol.
1205 600 1243 622 77.
1256 613 1283 615 —
1300 599 1327 621 ln
1348 599 1409 628 Reg.
1427 597 1484 620 Vat.
1505 598 1585 620 Aven.
1606 595 1706 619 Urbani
1727 595 1756 624 V,
1778 595 1830 618 vol.
1847 595 1876 623 X,
1896 595 1940 618 sol.
1962 594 2032 623 4325,
2048 598 2133 618 exstat
2147 595 2299 618 mandatum

438 648 611 679 apostolicum
623 648 655 670 nd
672 646 839 676 (Grimerium
851 645 987 674 Bonitacii)
998 645 1106 668 cancell.
1122 644 1206 667 Paris.
1223 643 1271 666 sub
1287 642 1376 665 eadem
1393 641 1519 672 temporis
1533 644 1603 663 notu.
1621 639 1698 662 «Viri
1713 647 1786 662 sacre
1799 639 1918 662 lectionis
1933 648 1954 662 ».
1967 653 1995 656 —
2007 639 2070 663 Eud.
2083 647 2136 668 ιλιι,
2147 639 2273 663 Novemb.
2285 641 2299 663 6

438 695 532 722 (octav.
551 692 586 715 id.
602 692 677 721 Nov.,
691 699 732 714 an.
750 692 862 722 quarto),
880 690 942 713 Urb.
960 690 980 712 V
994 689 1137 713 Johannem
1154 690 1251 710 statuto
1265 686 1368 718 legendi
1385 685 1530 709 Sententiae
1547 684 1634 713 solvit,
1647 684 1764 707 scribens
1781 683 1948 712 cancellario,
1965 686 1992 706 ut
2006 692 2065 706 eum
2081 683 2170 707 statim
2186 683 2301 708 licentiat

438 737 558 768 quamvis
575 735 721 759 Scntentias
738 744 787 758 non
803 734 897 765 legerit
911 733 994 763 (ibid.,
1008 734 1059 756 vol.
1077 733 1139 761 XIV,
1159 734 1175 755 f.
1196 733 1256 760 170).

532 820 555 843 1.
571 820 662 847 Quoad
678 819 786 842 abbates
805 817 1023 841 monasteriorum
1039 815 1158 839 Cistercii
1174 819 1199 838 et
1217 814 1388 838 Claroevullis
1407 813 1485 844 hujus
1503 812 1629 843 temporis
1646 811 1735 843 gravis
1752 820 1825 835 orror
1839 812 1865 834 in
1883 811 1959 835 Gall.
1974 812 2082 840 christ.‚
2098 812 2140 841 IV,
2156 812 2210 841 809,
2231 812 2300 841 1000,

439 864 578 895 reperitur.
595 864 633 886 Ibi
649 864 769 892 refertur¹
788 871 830 885 nn.
847 862 917 890 1359,
930 861 993 884 Julii
1008 862 1031 889 9,
1047 860 1193 883 ,Iohannem
1209 859 1240 882 de
1255 858 1381 887 Buxeriis,
1401 857 1445 889 qui
1460 860 1552 888 postca
1569 856 1712 879 cardinalis
1733 859 1836 879 creatus
1852 859 1900 885 est,
1915 856 2074 879 translatum
2090 863 2148 879 esse
2163 856 2194 879 de
2209 864 2302 881 mona-

440 908 519 931 sterio
534 908 688 931 Claraevall.
707 908 740 930 ad
756 906 942 930 monasterium
964 905 1071 928 Cisterc.
1087 904 1184 935 Utique
1200 912 1242 926 an.
1259 904 1327 932 1359,
1342 902 1405 925 Julii
1425 903 1447 928 8,
1463 901 1596 925 Johannes
1613 901 1645 924 de
1663 901 1837 932 Rougemont,
1852 900 1897 932 qui
1912 900 2042 923 omittitur
2057 900 2083 923 in
2101 900 2175 926 Gall.
2192 901 2303 929 christ„

441 954 524 975 sactus
540 955 579 975 est
599 952 680 975 abbas
699 951 874 978 Cisterciens.,
897 953 973 972 antea
993 949 1075 972 abbas
1097 948 1288 972 Pontiniacens.
1310 947 1372 976 (vid.
1394 947 1457 977 Reg.
1479 946 1536 969 Vnt.
1561 948 1639 968 Aven.
1663 945 1806 968 innocentii
1829 945 1870 974 VI,
1890 945 1942 968 vol.
1968 945 2033 974 XXI,
2057 945 2101 968 rol.
2119 946 2174 976 58);
2193 945 2239 968 ned
2253 945 2303 968 iste

440 1005 482 1020 nn.
504 997 573 1024 1363,
594 1000 652 1019 ante
673 996 743 1019 Junii
764 996 801 1021 21,
822 995 875 1025 jam
898 994 966 1017 diem
990 1001 1142 1024 supremum
1162 993 1293 1015 clauserat
1309 992 1381 1022 (ch.
1402 992 1481 1014 Aven.
1503 989 1603 1013 Urbani
1624 990 1653 1018 V,
1676 990 1729 1013 vol.
1750 990 1792 1019 VI,
1813 989 1858 1013 fol.
1877 990 1925 1018 84).
1948 990 2020 1012 Tunc
2038 990 2123 1013 solum
2141 989 2303 1021 capitulares

441 1041 591 1064 monasterii
607 1041 724 1068 Cisterc„
746 1038 930 1062 reservationis
951 1046 998 1069 per
1013 1038 1149 1061 Urbanum
1170 1037 1189 1059 V
1205 1038 1287 1059 sactae
1308 1035 1398 1060 nescii.
1418 1035 1563 1057 Johnnnem
1580 1035 1621 1064 (de
1641 1034 1779 1063 Buxeriis),
1802 1033 1846 1065 qui
1866 1034 1989 1057 defuncto
2008 1033 2104 1058 abbate
2121 1033 2255 1058 Ber-nardo
2269 1033 2304 1057 ab

441 1094 483 1108 nn.
502 1086 571 1114 1359,
587 1085 695 1107 Jnnuar.
715 1085 743 1106 16
757 1085 815 1112 (non
833 1084 900 1110 1358,
918 1086 946 1105 ut
960 1082 986 1105 in
1004 1082 1075 1106 Gall.
1090 1081 1194 1108 christ„
1210 1081 1251 1108 IV,
1268 1082 1332 1109 809),
1349 1080 1431 1102 abbas
1448 1079 1605 1102 Ctaraevall.
1623 1078 1671 1102 suit
1687 1079 1760 1109 (fleg.
1772 1079 1871 1102 Comm.
1890 1078 2033 1102 Innocentii
2048 1079 2090 1108 Vt,
2107 1086 2150 1102 an.
2163 1079 2186 1106 7,
2203 1082 2232 1101 n⁰
2249 1079 2303 1108 2314,

442 1130 486 1152 sol.
503 1129 566 1158 20¹¹),
583 1129 608 1151 in
625 1129 745 1151 abbatem
763 1127 928 1150 Cisterciens.
952 1127 1095 1157 elegerunt,
1112 1129 1137 1148 et
1156 1125 1279 1149 Urbanus
1300 1125 1320 1147 V
1340 1132 1382 1147 nn.
1401 1124 1470 1151 1363,
1493 1123 1565 1147 Junii
1581 1123 1618 1152 21,
1635 1123 1755 1146 eumdem
1771 1122 1938 1146 confirmavit
1956 1122 2028 1156 (Reg.
2054 1123 2134 1147 Aven.
2150 1122 2251 1146 Urbani
2272 1110 2301 1150 V,

441 1174 491 1196 vol.
508 1174 548 1200 VI,
567 1173 610 1196 sol.
627 1174 674 1203 84),
690 1173 831 1202 eodemque
853 1179 929 1199 anno,
945 1170 1009 1193 Julii
1029 1171 1067 1199 22,
1083 1170 1228 1193 Johunnem
1247 1169 1288 1199 (de
1310 1169 1484 1199 Dullemonte)
1500 1167 1659 1190 monasterio
1679 1167 1837 1191 Claraevall.
1853 1167 1982 1198 praefecit
1995 1167 2061 1197 (vid.
2078 1175 2160 1198 supra
2180 1171 2209 1190 n⁰
2223 1168 2304 1197 1289).

440 1219 519 1241 Error
535 1217 677 1248 corrigitur
692 1217 718 1239 in
740 1216 812 1240 Gall.
827 1215 931 1243 christ„
949 1215 1002 1243 xn,
1017 1215 1071 1238 449.
1088 1214 1221 1238 ,lohannes
1244 1214 1275 1236 de
1296 1213 1414 1236 Buxeriis
1436 1221 1478 1236 an.
1495 1212 1565 1241 1375,
1584 1212 1705 1235 Decenib.
1727 1212 1763 1240 12,
1784 1215 1888 1235 creatus
1903 1215 1943 1236 est
1961 1212 2053 1244 presb.
2071 1212 2154 1239 card.;
2170 1219 2213 1235 an.
2234 1211 2304 1241 1376,

441 1261 526 1285 Martii
546 1263 569 1289 6,
583 1261 668 1292 primo
684 1260 792 1283 intravit
809 1260 918 1290 curiam,
936 1260 980 1282 sed
994 1259 1049 1290 jam
1063 1258 1195 1289 Septemb.
1211 1259 1226 1281 4
1241 1258 1306 1281 obiit
1323 1257 1485 1287 (Contelori).
1503 1257 1542 1280 Cf.
1559 1256 1637 1280 etiam
1653 1256 1758 1284 Baluze,
1780 1256 1834 1280 Vit.
1847 1263 1914 1288 pap.
1930 1258 2029 1285 Aven„
2048 1256 2068 1284 Ι,
2083 1256 2152 1280 1181.
2170 1270 2198 1274 -
2217 1256 2239 1279 2.
2257 1256 2304 1280 Mu.

440 1306 528 1336 potius
546 1314 550 1328 z
572 1314 583 1327 «
597 1314 646 1336 que
662 1314 682 1327 ».

447 1437 586 1474 1304.
612 1455 625 1470 «
642 1445 761 1471 Botulus
776 1445 920 1470 doctorum
935 1444 1091 1470 Par-[siens.
1112 1453 1125 1469 »
1146 1444 1174 1469 in
1190 1443 1364 1469 decretorum
1380 1441 1532 1476 facultate.

1746 1485 1819 1514 1365.
1835 1485 1894 1510 nait
1911 1485 1948 1511 19.

533 1576 767 1609 Sanctissimo
795 1588 834 1608 ac
864 1575 1073 1608 beatissimo
1103 1574 1192 1619 patri
1223 1573 1371 1606 domino
1400 1572 1547 1606 Urbano
1575 1573 1696 1607 divina
1722 1572 1949 1618 providentia
1975 1583 2112 1606 sacros.
2143 1573 2244 1605 Rom.
2266 1583 2306 1605 ac

445 1643 555 1675 totius
577 1642 795 1675 universalis
816 1641 970 1674 ecclesie
998 1653 1138 1674 summo
1162 1640 1323 1685 pontifici
1347 1640 1458 1673 vestri
1482 1639 1639 1673 humiles
1667 1646 1702 1673 et
1731 1639 1853 1673 devoti
1875 1639 1940 1672 filii
1961 1650 2089 1679 omnes
2110 1645 2145 1672 et
2170 1638 2308 1684 singuli

442 1714 611 1746 doctores
637 1713 748 1746 vestri
777 1713 887 1746 studii
911 1712 1127 1745 Parisiensis
1148 1712 1184 1744 in
1207 1711 1435 1744 decretorum
1457 1711 1624 1744 facultate
1646 1717 1818 1760 regentes
1839 1723 1918 1744 cum
1941 1709 2144 1743 humillima
2169 1721 2308 1743 recom-

443 1780 672 1812 mendatione
694 1792 732 1812 se
752 1780 852 1824 ipsos
875 1779 1041 1812 devotius
1062 1778 1279 1811 inclinantes
1299 1778 1342 1811 ad
1364 1778 1495 1823 pedum
1518 1778 1643 1811 oscula
1663 1778 1863 1811 beatorum.
1887 1778 1991 1810 Pater
2011 1776 2222 1810 beatissime
2242 1803 2306 1809 .....

443 1847 485 1879 ad
502 1847 635 1878 sontem
660 1846 909 1878 misericordie
932 1845 1130 1878 sanctitatis
1152 1845 1315 1890 ejusdem
1339 1844 1555 1878 fiducialiter
1575 1851 1808 1878 recurrentes
1831 1843 2119 1889 supplicationes
2136 1855 2308 1888 quorum-

444 1913 522 1945 dam
551 1912 740 1945 doctorum
773 1912 1038 1945 licentiatorum
1078 1918 1113 1944 et
1148 1911 1300 1944 aliorum
1335 1911 1621 1944 bachalariorum
1658 1911 1753 1944 dicte
1784 1910 1963 1944 facultatis
1993 1910 2308 1956 infrascriptorum

444 1986 563 2012 vestre
584 1979 798 2011 beatitudini
820 1979 1114 2011 commendamus
1121 2005 1184 2011 .....

533 2077 681 2111 Supplicat
696 2077 786 2109 igitur
799 2077 942 2102 sanctitati
959 2078 1048 2103 vestre
1063 2078 1154 2102 vestra
1169 2077 1269 2102 devota
1287 2079 1315 2103 et
1328 2078 1448 2103 humilis
1463 2076 1610 2104 creatura·
1629 2077 1771 2103 Hebertus
1785 2077 1820 2103 de
1837 2077 1966 2103 sarcellis
1979 2076 2081 2102 doctor
2095 2076 2214 2106 decret..
2229 2075 2309 2102 Pari-

445 2126 502 2152 sius
517 2128 582 2152 actu
602 2134 703 2159 regens
724 2126 909 2159 decanusque
924 2126 1067 2151 facultatis
1085 2125 1226 2158 ipsorum,
1243 2126 1379 2159 magister
1395 2127 1424 2152 in
1440 2128 1493 2153 art.
1511 2128 1539 2152 et
1551 2126 1648 2152 licent.
1666 2126 1697 2152 in
1716 2126 1784 2160 leg.,
1801 2125 1905 2159 previis
1919 2126 1949 2151 in
1969 2125 2108 2151 omnibus
2128 2124 2311 2151 examinibus

445 2175 588 2207 rigorosis.

534 2224 682 2249 ,Iohannes
697 2223 769 2249 Galli
786 2223 939 2256 utriusque
950 2223 1024 2256 juris
1037 2223 1188 2256 professor,
1205 2225 1271 2250 actu
1286 2232 1389 2258 regens
1404 2225 1526 2251 Parisius
1540 2225 1571 2250 in
1585 2224 1691 2251 decret.

534 2272 680 2298 Johannes
692 2272 803 2305 Coqui2
818 2272 922 2305 presb„
938 2272 1039 2298 doctor
1053 2272 1171 2300 decret..
1189 2273 1330 2299 Lemovic.
1346 2273 1419 2299 dioc.
1436 2273 1580 2300 oriundus
1597 2272 1642 2308 [de
1657 2281 1720 2299 can.
1737 2273 1768 2299 in
1784 2273 1851 2299 eccl.
1868 2271 2008 2307 Carnot.].

537 2321 677 2346 Martinus
692 2320 863 2346 Seneschatli
883 2321 949 2347 cler.
965 2321 1103 2349 Atrebat.v
1121 2321 1217 2347 licent.
1235 2322 1264 2347 in
1281 2323 1408 2355 utroque
1419 2322 1495 2355 jure.
1512 2324 1579 2348 actu
1594 2323 1692 2355 legens
1709 2322 1831 2348 Parisius
1854 2321 1884 2347 in
1900 2321 2036 2347 facultate
2051 2320 2161 2354 prefata
2183 2319 2228 2355 [de
2246 2327 2311 2347 can.

448 2369 517 2395 cccl.
534 2368 684 2403 Atrebat.].

537 2417 683 2443 Johanncs
698 2418 835 2444 Ilermani
850 2418 885 2444 de
903 2418 1070 2451 Hoynsberg
1089 2419 1183 2451 presb.
1201 2420 1334 2446 Leodien.
1352 2420 1438 2450 dioc.,
1454 2420 1553 2446 bacall.
1570 2420 1601 2446 in
1616 2420 1735 2449 decret..
1752 2421 1818 2446 actu
1834 2419 1931 2452 legens
1949 2418 2072 2445 Parisius
2084 2418 2115 2444 in
2134 2417 2220 2444 tertio
2234 2424 2314 2444 anno

449 2473 499 2492 sue
512 2466 620 2492 lecture
633 2466 677 2501 [de
692 2467 903 2500 dispensatione
916 2468 1034 2500 propter
1049 2467 1195 2493 defectum
1210 2468 1372 2504 natalium].

538 2515 704 2541 Gauffridus
717 2516 752 2541 de
768 2516 961 2548 Kaermoysan
976 2516 1081 2549 presb.,
1103 2516 1133 2542 in
1149 2518 1275 2550 utroque
1287 2518 1354 2551 jure
1376 2518 1473 2544 licent.
1491 2518 1662 2548 Aurelianis,
1680 2518 1791 2544 bachal.
1808 2517 1839 2543 in
1854 2517 1991 2543 facultate
2004 2516 2111 2543 decret.
2130 2515 2252 2542 parisius
2267 2514 2313 2551 [de

451 2571 513 2589 can.
533 2564 600 2590 cccl.
615 2563 768 2598 Baiocen.].

542 2612 699 2646 Phylippus
711 2613 746 2638 de
761 2613 874 2646 Leydcn
889 2614 1015 2639 subdiac.
1033 2614 1204 2648 Trajcctens.
1219 2615 1305 2645 dioc..
1322 2616 1374 2649 qui
1387 2616 1501 2642 studuit
1515 2616 1592 2642 ultra
1607 2616 1770 2642 triennium
1785 2616 1816 2641 in
1831 2615 1943 2649 legibus
1957 2616 1986 2641 et
2000 2622 2052 2648 per
2064 2614 2163 2648 plures
2176 2621 2269 2640 annos
2283 2602 2315 2639 in

452 2661 605 2694 theologia,
627 2661 722 2687 licent.
748 2662 779 2687 in
798 2662 957 2688 canonibus
978 2663 1138 2689 Aurelianis
1159 2664 1189 2689 in
1212 2665 1306 2697 rigore
1329 2665 1478 2695 examinis,
1499 2667 1528 2691 et
1546 2665 1662 2699 jamdiu
1685 2665 1722 2691 ad
1745 2665 1887 2691 lecturam
1907 2664 2049 2690 admissus
2069 2663 2201 2693 Parisius,
2217 2663 2315 2696 legens

452 2710 606 2736 decretales
617 2709 661 2745 [de
676 2718 738 2736 can.
757 2710 787 2736 in
801 2711 868 2736 eccl.
885 2711 1080 2747 Trajectens.].

541 2759 641 2785 Petrus
657 2759 775 2785 Surrelli
790 2759 825 2785 de
841 2760 961 2786 Parisius
980 2760 1076 2786 licent.
1093 2761 1123 2787 in
1140 2763 1192 2787 art.
1209 2763 1237 2788 et
1252 2762 1432 2789 bachalarius
1448 2763 1479 2789 in
1492 2764 1629 2798 utroque,
1646 2764 1677 2790 in
1692 2764 1804 2797 legibus
1819 2762 1950 2789 videlicet
1969 2769 2022 2796 pro
2044 2762 2130 2788 tertio
2153 2760 2314 2791 volumine.

453 2808 483 2833 in
495 2808 561 2842 jure
573 2809 673 2834 autem
686 2809 824 2834 canonico
840 2817 892 2842 pro
905 2810 1040 2842 presenti.

543 2857 642 2883 Petrus
655 2857 691 2883 de
706 2858 882 2891 Lupimonte
897 2858 1002 2891 presb,
1015 2859 1125 2885 bachal.
1140 2860 1171 2885 in
1186 2860 1291 2887 decret.
1309 2861 1406 2895 legens
1422 2862 1554 2888 Parisius.

542 2906 671 2932 Nicolaus
685 2907 720 2933 de
744 2907 847 2933 Bosco³
861 2907 896 2933 de
911 2908 1102 2942 Rothomago‚
1120 2917 1196 2942 mag.
1213 2910 1243 2935 in
1263 2912 1328 2940 ιιι-1.,
1346 2911 1442 2937 licent.
1459 2912 1489 2937 in
1510 2912 1563 2945 leg.
1586 2913 1655 2938 sunt
1669 2912 1769 2939 decem
1784 2912 1854 2938 anni
1878 2913 1906 2938 et
1927 2911 2063 2945 amplius.
2080 2909 2192 2937 bachal.
2218 2908 2318 2942 legens
