<?xml version="1.0" encoding="UTF-8"?>
<!DOCTYPE html PUBLIC "-//W3C//DTD XHTML 1.0 Transitional//EN"
    "http://www.w3.org/TR/xhtml1/DTD/xhtml1-transitional.dtd">
<html xmlns="http://www.w3.org/1999/xhtml" xml:lang="en" lang="en">
 <head>
  <title>
</title>
<meta http-equiv="Content-Type" content="text/html;charset=utf-8" />
  <meta name='ocr-system' content='tesseract 3.04.00' />
  <meta name='ocr-capabilities' content='ocr_page ocr_carea ocr_par ocr_line ocrx_word'/>
</head>
<body>
  <div class='ocr_page' id='page_1' title='image "auctariumchartul03univuoft_0045.png"; bbox 0 0 2508 3372; ppageno 0'>
   <div class='ocr_carea' id='block_1_1' title="bbox 966 327 2045 350">
    <p class='ocr_par' dir='ltr' id='par_1_1' title="bbox 966 327 2045 350">
     <span class='ocr_line' id='line_1_1' title="bbox 966 327 2045 350; baseline 0.002 -3"><span class='ocrx_word' id='word_1_1' title='bbox 966 327 1264 348; x_wconf 68' lang='lat' dir='ltr'>APPENDICULA.</span> <span class='ocrx_word' id='word_1_2' title='bbox 1927 328 2045 350; x_wconf 77' lang='lat' dir='ltr'>xxxvl!</span> 
     </span>
    </p>
   </div>
   <div class='ocr_carea' id='block_1_2' title="bbox 180 401 2048 840">
    <p class='ocr_par' dir='ltr' id='par_1_2' title="bbox 180 401 2048 840">
     <span class='ocr_line' id='line_1_2' title="bbox 181 401 2044 437; baseline -0.001 -8"><span class='ocrx_word' id='word_1_3' title='bbox 181 411 241 437; x_wconf 91' lang='lat' dir='ltr'>quo</span> <span class='ocrx_word' id='word_1_4' title='bbox 256 404 402 436; x_wconf 80' lang='lat' dir='ltr'>tegeretur</span> <span class='ocrx_word' id='word_1_5' title='bbox 415 404 444 428; x_wconf 90' lang='lat' dir='ltr'>et</span> <span class='ocrx_word' id='word_1_6' title='bbox 458 401 678 428; x_wconf 87' lang='lat' dir='ltr'>diverticulum⁴</span> <span class='ocrx_word' id='word_1_7' title='bbox 698 409 778 428; x_wconf 89' lang='lat' dir='ltr'>error</span> <span class='ocrx_word' id='word_1_8' title='bbox 793 402 954 435; x_wconf 87' lang='lat' dir='ltr'>quereret);</span> <span class='ocrx_word' id='word_1_9' title='bbox 971 401 1026 431; x_wconf 74' lang='lat' dir='ltr'>hic,</span> <span class='ocrx_word' id='word_1_10' title='bbox 1043 401 1151 434; x_wconf 82' lang='lat' dir='ltr'>inquit,</span> <span class='ocrx_word' id='word_1_11' title='bbox 1168 401 1322 427; x_wconf 80' lang='lat' dir='ltr'>essentiam</span> <span class='ocrx_word' id='word_1_12' title='bbox 1339 402 1437 427; x_wconf 80' lang='lat' dir='ltr'>anime</span> <span class='ocrx_word' id='word_1_13' title='bbox 1452 401 1599 427; x_wconf 87' lang='lat' dir='ltr'>rationalis</span> <span class='ocrx_word' id='word_1_14' title='bbox 1618 403 1646 427; x_wconf 87' lang='lat' dir='ltr'>et</span> <span class='ocrx_word' id='word_1_15' title='bbox 1664 402 1726 434; x_wconf 79' lang='lat' dir='ltr'>ejus</span> <span class='ocrx_word' id='word_1_16' title='bbox 1739 402 1883 434; x_wconf 82' lang='lat' dir='ltr'>potentias</span> <span class='ocrx_word' id='word_1_17' title='bbox 1898 402 1981 435; x_wconf 89' lang='lat' dir='ltr'>quasi</span> <span class='ocrx_word' id='word_1_18' title='bbox 1994 403 2044 428; x_wconf 86' lang='lat' dir='ltr'>sihi</span> 
     </span>
     <span class='ocr_line' id='line_1_3' title="bbox 181 459 2045 493; baseline -0.002 -6"><span class='ocrx_word' id='word_1_19' title='bbox 181 462 279 487; x_wconf 82' lang='lat' dir='ltr'>affixas</span> <span class='ocrx_word' id='word_1_20' title='bbox 294 461 542 493; x_wconf 80' lang='lat' dir='ltr'>condistinguens.</span> <span class='ocrx_word' id='word_1_21' title='bbox 558 460 721 493; x_wconf 85' lang='lat' dir='ltr'>intelligere</span> <span class='ocrx_word' id='word_1_22' title='bbox 735 459 785 485; x_wconf 83' lang='lat' dir='ltr'>dat</span> <span class='ocrx_word' id='word_1_23' title='bbox 800 459 1005 493; x_wconf 81' lang='lat' dir='ltr'>prudentibus,</span> <span class='ocrx_word' id='word_1_24' title='bbox 1021 459 1136 484; x_wconf 86' lang='lat' dir='ltr'>easdem</span> <span class='ocrx_word' id='word_1_25' title='bbox 1152 459 1203 485; x_wconf 87' lang='lat' dir='ltr'>Dei</span> <span class='ocrx_word' id='word_1_26' title='bbox 1219 459 1434 492; x_wconf 85' lang='lat' dir='ltr'>omnipotentia</span> <span class='ocrx_word' id='word_1_27' title='bbox 1450 459 1574 492; x_wconf 84' lang='lat' dir='ltr'>separari</span> <span class='ocrx_word' id='word_1_28' title='bbox 1589 467 1669 492; x_wconf 91' lang='lat' dir='ltr'>posse</span> <span class='ocrx_word' id='word_1_29' title='bbox 1676 459 1696 487; x_wconf 73' lang='lat'>²,</span> <span class='ocrx_word' id='word_1_30' title='bbox 1713 461 1742 485; x_wconf 82' lang='lat' dir='ltr'>et</span> <span class='ocrx_word' id='word_1_31' title='bbox 1756 467 1790 485; x_wconf 83' lang='lat' dir='ltr'>ex</span> <span class='ocrx_word' id='word_1_32' title='bbox 1805 459 1871 492; x_wconf 88' lang='lat' dir='ltr'>ipsis</span> <span class='ocrx_word' id='word_1_33' title='bbox 1886 460 2045 486; x_wconf 81' lang='lat' dir='ltr'>formaliter</span> 
     </span>
     <span class='ocr_line' id='line_1_4' title="bbox 180 517 2046 552; baseline -0.001 -7"><span class='ocrx_word' id='word_1_34' title='bbox 180 521 233 546; x_wconf 87' lang='lat' dir='ltr'>aut</span> <span class='ocrx_word' id='word_1_35' title='bbox 245 519 372 545; x_wconf 85' lang='lat' dir='ltr'>inhesive</span> <span class='ocrx_word' id='word_1_36' title='bbox 387 526 430 544; x_wconf 90' lang='lat' dir='ltr'>res</span> <span class='ocrx_word' id='word_1_37' title='bbox 444 518 544 552; x_wconf 84' lang='lat' dir='ltr'>quevis</span> <span class='ocrx_word' id='word_1_38' title='bbox 558 518 613 543; x_wconf 88' lang='lat' dir='ltr'>alia</span> <span class='ocrx_word' id='word_1_39' title='bbox 628 518 752 543; x_wconf 75' lang='lat' dir='ltr'>vitaliter</span> <span class='ocrx_word' id='word_1_40' title='bbox 767 517 876 543; x_wconf 75' lang='lat' dir='ltr'>actuari</span> <span class='ocrx_word' id='word_1_41' title='bbox 897 517 1032 550; x_wconf 88' lang='lat' dir='ltr'>efficique</span> <span class='ocrx_word' id='word_1_42' title='bbox 1047 517 1204 542; x_wconf 83' lang='lat' dir='ltr'>rationalis.</span> <span class='ocrx_word' id='word_1_43' title='bbox 1232 517 1315 542; x_wconf 88' lang='lat' dir='ltr'>Vides</span> <span class='ocrx_word' id='word_1_44' title='bbox 1337 524 1428 549; x_wconf 89' lang='lat' dir='ltr'>quam</span> <span class='ocrx_word' id='word_1_45' title='bbox 1450 517 1562 542; x_wconf 85' lang='lat' dir='ltr'>malum</span> <span class='ocrx_word' id='word_1_46' title='bbox 1577 517 1613 542; x_wconf 87' lang='lat' dir='ltr'>sit</span> <span class='ocrx_word' id='word_1_47' title='bbox 1632 517 1796 542; x_wconf 87' lang='lat' dir='ltr'>doctrinam</span> <span class='ocrx_word' id='word_1_48' title='bbox 1815 517 1945 550; x_wconf 82' lang='lat' dir='ltr'>aliquam</span> <span class='ocrx_word' id='word_1_49' title='bbox 1961 517 2046 543; x_wconf 83' lang='lat' dir='ltr'>malle</span> 
     </span>
     <span class='ocr_line' id='line_1_5' title="bbox 181 574 2048 610; baseline -0.002 -7"><span class='ocrx_word' id='word_1_50' title='bbox 181 577 349 604; x_wconf 82' lang='lat' dir='ltr'>insectando</span> <span class='ocrx_word' id='word_1_51' title='bbox 370 578 502 610; x_wconf 74' lang='lat' dir='ltr'>proterve</span> <span class='ocrx_word' id='word_1_52' title='bbox 525 576 655 603; x_wconf 87' lang='lat' dir='ltr'>dilatare.</span> <span class='ocrx_word' id='word_1_53' title='bbox 677 583 769 609; x_wconf 89' lang='lat' dir='ltr'>quam</span> <span class='ocrx_word' id='word_1_54' title='bbox 788 575 881 608; x_wconf 80' lang='lat' dir='ltr'>ipsam</span> <span class='ocrx_word' id='word_1_55' title='bbox 902 574 1075 608; x_wconf 84' lang='lat' dir='ltr'>exponendo</span> <span class='ocrx_word' id='word_1_56' title='bbox 1093 574 1123 607; x_wconf 86' lang='lat' dir='ltr'>(si</span> <span class='ocrx_word' id='word_1_57' title='bbox 1145 574 1270 608; x_wconf 84' lang='lat' dir='ltr'>paulum</span> <span class='ocrx_word' id='word_1_58' title='bbox 1290 574 1418 607; x_wconf 81' lang='lat' dir='ltr'>vagatior</span> <span class='ocrx_word' id='word_1_59' title='bbox 1440 576 1490 605; x_wconf 69' lang='lat' dir='ltr'>est&gt;</span> <span class='ocrx_word' id='word_1_60' title='bbox 1516 574 1698 607; x_wconf 83' lang='lat' dir='ltr'>restringere.</span> <span class='ocrx_word' id='word_1_61' title='bbox 1716 574 1759 599; x_wconf 76' lang='lat' dir='ltr'>Ab</span> <span class='ocrx_word' id='word_1_62' title='bbox 1775 574 1829 599; x_wconf 87' lang='lat' dir='ltr'>hoc</span> <span class='ocrx_word' id='word_1_63' title='bbox 1843 574 1922 600; x_wconf 87' lang='lat' dir='ltr'>enim</span> <span class='ocrx_word' id='word_1_64' title='bbox 1938 574 2048 600; x_wconf 80' lang='lat' dir='ltr'>hereses</span> 
     </span>
     <span class='ocr_line' id='line_1_6' title="bbox 180 632 2045 666; baseline -0.003 -5"><span class='ocrx_word' id='word_1_65' title='bbox 180 643 282 662; x_wconf 86' lang='lat' dir='ltr'>omnes</span> <span class='ocrx_word' id='word_1_66' title='bbox 301 642 390 660; x_wconf 91' lang='lat' dir='ltr'>suum</span> <span class='ocrx_word' id='word_1_67' title='bbox 405 635 558 659; x_wconf 79' lang='lat' dir='ltr'>traxerunt</span> <span class='ocrx_word' id='word_1_68' title='bbox 576 633 707 659; x_wconf 86' lang='lat' dir='ltr'>initium.</span> <span class='ocrx_word' id='word_1_69' title='bbox 725 633 805 658; x_wconf 82' lang='lat' dir='ltr'>Hanc</span> <span class='ocrx_word' id='word_1_70' title='bbox 820 633 948 666; x_wconf 79' lang='lat' dir='ltr'>profecto</span> <span class='ocrx_word' id='word_1_71' title='bbox 963 632 1112 665; x_wconf 81' lang='lat' dir='ltr'>sequelam</span> <span class='ocrx_word' id='word_1_72' title='bbox 1128 632 1220 657; x_wconf 84' lang='lat' dir='ltr'>sancti</span> <span class='ocrx_word' id='word_1_73' title='bbox 1236 632 1326 664; x_wconf 83' lang='lat' dir='ltr'>hujus</span> <span class='ocrx_word' id='word_1_74' title='bbox 1341 632 1445 664; x_wconf 84' lang='lat' dir='ltr'>scripta</span> <span class='ocrx_word' id='word_1_75' title='bbox 1461 632 1483 657; x_wconf 88' lang='lat' dir='ltr'>si</span> <span class='ocrx_word' id='word_1_76' title='bbox 1498 632 1654 657; x_wconf 82' lang='lat' dir='ltr'>admittere</span> <span class='ocrx_word' id='word_1_77' title='bbox 1666 633 1786 665; x_wconf 88' lang='lat' dir='ltr'>cogunt,</span> <span class='ocrx_word' id='word_1_78' title='bbox 1804 633 1838 657; x_wconf 83' lang='lat' dir='ltr'>ut</span> <span class='ocrx_word' id='word_1_79' title='bbox 1853 639 1913 657; x_wconf 88' lang='lat' dir='ltr'>non</span> <span class='ocrx_word' id='word_1_80' title='bbox 1926 633 2045 664; x_wconf 73' lang='lat' dir='ltr'>cogunt.</span> 
     </span>
     <span class='ocr_line' id='line_1_7' title="bbox 183 689 2046 726; baseline -0.003 -8"><span class='ocrx_word' id='word_1_81' title='bbox 183 692 384 726; x_wconf 86' lang='lat' dir='ltr'>repudiatione</span> <span class='ocrx_word' id='word_1_82' title='bbox 408 699 499 726; x_wconf 91' lang='lat' dir='ltr'>quam</span> <span class='ocrx_word' id='word_1_83' title='bbox 522 691 610 724; x_wconf 85' lang='lat' dir='ltr'>digna</span> <span class='ocrx_word' id='word_1_84' title='bbox 633 691 677 719; x_wconf 77' lang='lat' dir='ltr'>sit.</span> <span class='ocrx_word' id='word_1_85' title='bbox 695 698 783 716; x_wconf 90' lang='lat' dir='ltr'>nemo</span> <span class='ocrx_word' id='word_1_86' title='bbox 803 698 862 716; x_wconf 89' lang='lat' dir='ltr'>non</span> <span class='ocrx_word' id='word_1_87' title='bbox 884 690 974 718; x_wconf 82' lang='lat' dir='ltr'>videt:</span> <span class='ocrx_word' id='word_1_88' title='bbox 992 690 1034 715; x_wconf 85' lang='lat' dir='ltr'>sin</span> <span class='ocrx_word' id='word_1_89' title='bbox 1055 691 1166 718; x_wconf 83' lang='lat' dir='ltr'>autem,</span> <span class='ocrx_word' id='word_1_90' title='bbox 1184 689 1343 723; x_wconf 86' lang='lat' dir='ltr'>pessimum</span> <span class='ocrx_word' id='word_1_91' title='bbox 1366 689 1544 715; x_wconf 84' lang='lat' dir='ltr'>imitatorem</span> <span class='ocrx_word' id='word_1_92' title='bbox 1566 696 1634 721; x_wconf 76' lang='lat' dir='ltr'>ymo</span> <span class='ocrx_word' id='word_1_93' title='bbox 1656 690 1858 722; x_wconf 86' lang='lat' dir='ltr'>corruptorem</span> <span class='ocrx_word' id='word_1_94' title='bbox 1884 689 1979 717; x_wconf 83' lang='lat' dir='ltr'>habet,</span> <span class='ocrx_word' id='word_1_95' title='bbox 1996 689 2046 721; x_wconf 91' lang='lat' dir='ltr'>qui</span> 
     </span>
     <span class='ocr_line' id='line_1_8' title="bbox 183 749 643 777; baseline -0.007 0"><span class='ocrx_word' id='word_1_96' title='bbox 183 752 262 777; x_wconf 81' lang='lat' dir='ltr'>tanta</span> <span class='ocrx_word' id='word_1_97' title='bbox 277 758 347 777; x_wconf 91' lang='lat' dir='ltr'>eum</span> <span class='ocrx_word' id='word_1_98' title='bbox 362 749 507 776; x_wconf 86' lang='lat' dir='ltr'>honorat³</span> <span class='ocrx_word' id='word_1_99' title='bbox 521 749 643 775; x_wconf 88' lang='lat' dir='ltr'>insania.</span> 
     </span>
     <span class='ocr_line' id='line_1_9' title="bbox 270 805 1512 840; baseline -0.004 -6"><span class='ocrx_word' id='word_1_100' title='bbox 270 809 291 834; x_wconf 89' lang='lat' dir='ltr'>E</span> <span class='ocrx_word' id='word_1_101' title='bbox 311 808 393 835; x_wconf 82' lang='lat' dir='ltr'>scolis</span> <span class='ocrx_word' id='word_1_102' title='bbox 407 808 528 834; x_wconf 84' lang='lat' dir='ltr'>tandem</span> <span class='ocrx_word' id='word_1_103' title='bbox 542 806 690 834; x_wconf 73' lang='lat' dir='ltr'>evomitis⁴</span> <span class='ocrx_word' id='word_1_104' title='bbox 706 807 737 832; x_wconf 88' lang='lat' dir='ltr'>in</span> <span class='ocrx_word' id='word_1_105' title='bbox 750 806 879 840; x_wconf 85' lang='lat' dir='ltr'>priorem</span> <span class='ocrx_word' id='word_1_106' title='bbox 894 805 1069 832; x_wconf 84' lang='lat' dir='ltr'>sententiam</span> <span class='ocrx_word' id='word_1_107' title='bbox 1084 805 1270 838; x_wconf 79' lang='lat' dir='ltr'>quampluris</span> <span class='ocrx_word' id='word_1_108' title='bbox 1284 805 1447 830; x_wconf 82' lang='lat' dir='ltr'>abscessum</span> <span class='ocrx_word' id='word_1_109' title='bbox 1462 805 1512 830; x_wconf 84' lang='lat' dir='ltr'>est.</span> 
     </span>
    </p>
   </div>
   <div class='ocr_carea' id='block_1_3' title="bbox 271 864 780 900">
    <p class='ocr_par' dir='ltr' id='par_1_3' title="bbox 271 864 780 900">
     <span class='ocr_line' id='line_1_10' title="bbox 271 864 780 900; baseline -0.006 -8"><span class='ocrx_word' id='word_1_110' title='bbox 271 866 366 900; x_wconf 89' lang='lat' dir='ltr'>Elapsi</span> <span class='ocrx_word' id='word_1_111' title='bbox 381 867 450 892; x_wconf 80' lang='lat' dir='ltr'>sunt</span> <span class='ocrx_word' id='word_1_112' title='bbox 465 873 526 892; x_wconf 93' lang='lat' dir='ltr'>non</span> <span class='ocrx_word' id='word_1_113' title='bbox 541 865 630 891; x_wconf 87' lang='lat' dir='ltr'>multi</span> <span class='ocrx_word' id='word_1_114' title='bbox 645 865 750 891; x_wconf 75' lang='lat' dir='ltr'>dies...</span> <span class='ocrx_word' id='word_1_115' title='bbox 760 864 780 889; x_wconf 67' lang='lat'>³³.</span> 
     </span>
    </p>
   </div>
   <div class='ocr_carea' id='block_1_4' title="bbox 295 969 1291 1086">
    <p class='ocr_par' dir='ltr' id='par_1_4' title="bbox 295 969 1291 1086">
     <span class='ocr_line' id='line_1_11' title="bbox 295 969 1022 1000; baseline -0.006 -4"><span class='ocrx_word' id='word_1_116' title='bbox 295 990 302 997; x_wconf 91' lang='lat'>.</span> <span class='ocrx_word' id='word_1_117' title='bbox 320 982 333 994; x_wconf 71' lang='grc' dir='ltr'><strong>α</strong></span> <span class='ocrx_word' id='word_1_118' title='bbox 343 976 368 996; x_wconf 85' lang='lat' dir='ltr'>et</span> <span class='ocrx_word' id='word_1_119' title='bbox 381 982 393 994; x_wconf 84' lang='lat'>»</span> <span class='ocrx_word' id='word_1_120' title='bbox 410 972 477 996; x_wconf 87' lang='lat' dir='ltr'>inter</span> <span class='ocrx_word' id='word_1_121' title='bbox 490 972 582 999; x_wconf 73' lang='lat' dir='ltr'>tineas,</span> <span class='ocrx_word' id='word_1_122' title='bbox 596 982 608 993; x_wconf 91' lang='lat'>«</span> <span class='ocrx_word' id='word_1_123' title='bbox 624 971 810 994; x_wconf 84' lang='lat' dir='ltr'>diverticulum</span> <span class='ocrx_word' id='word_1_124' title='bbox 826 980 838 992; x_wconf 66' lang='grc' dir='ltr'>ιι</span> <span class='ocrx_word' id='word_1_125' title='bbox 853 970 879 993; x_wconf 90' lang='lat' dir='ltr'>in</span> <span class='ocrx_word' id='word_1_126' title='bbox 893 969 1022 1000; x_wconf 78' lang='lat' dir='ltr'>margine.</span> 
     </span>
     <span class='ocr_line' id='line_1_12' title="bbox 319 1014 1291 1048; baseline -0.005 -7"><span class='ocrx_word' id='word_1_127' title='bbox 319 1018 348 1041; x_wconf 89' lang='lat' dir='ltr'>In</span> <span class='ocrx_word' id='word_1_128' title='bbox 362 1018 426 1042; x_wconf 68' lang='lat' dir='ltr'>ms²⁰</span> <span class='ocrx_word' id='word_1_129' title='bbox 442 1020 534 1048; x_wconf 82' lang='lat' dir='ltr'>postea</span> <span class='ocrx_word' id='word_1_130' title='bbox 551 1025 555 1039; x_wconf 82' lang='lat'><em>2</em></span> <span class='ocrx_word' id='word_1_131' title='bbox 573 1027 586 1037; x_wconf 87' lang='lat'>«</span> <span class='ocrx_word' id='word_1_132' title='bbox 602 1020 627 1039; x_wconf 85' lang='lat' dir='ltr'>et</span> <span class='ocrx_word' id='word_1_133' title='bbox 642 1018 778 1047; x_wconf 81' lang='lat' dir='ltr'>separatas</span> <span class='ocrx_word' id='word_1_134' title='bbox 792 1014 830 1038; x_wconf 85' lang='lat' dir='ltr'>rei</span> <span class='ocrx_word' id='word_1_135' title='bbox 848 1015 959 1038; x_wconf 85' lang='lat' dir='ltr'>alteram</span> <span class='ocrx_word' id='word_1_136' title='bbox 975 1023 991 1045; x_wconf 87' lang='lat' dir='ltr'>p</span> <span class='ocrx_word' id='word_1_137' title='bbox 1010 1024 1030 1040; x_wconf 71' lang='grc' dir='ltr'>υ,</span> <span class='ocrx_word' id='word_1_138' title='bbox 1048 1014 1091 1037; x_wconf 82' lang='lat' dir='ltr'>sed</span> <span class='ocrx_word' id='word_1_139' title='bbox 1109 1014 1224 1037; x_wconf 86' lang='lat' dir='ltr'>deletum</span> <span class='ocrx_word' id='word_1_140' title='bbox 1242 1017 1291 1036; x_wconf 88' lang='lat' dir='ltr'>est.</span> 
     </span>
     <span class='ocr_line' id='line_1_13' title="bbox 297 1062 561 1086; baseline -0.004 0"><span class='ocrx_word' id='word_1_141' title='bbox 297 1081 302 1086; x_wconf 85' lang='lat'><strong><em>.</em></strong></span> <span class='ocrx_word' id='word_1_142' title='bbox 320 1063 366 1086; x_wconf 85' lang='lat' dir='ltr'>Vel</span> <span class='ocrx_word' id='word_1_143' title='bbox 384 1073 397 1084; x_wconf 85' lang='lat'>«</span> <span class='ocrx_word' id='word_1_144' title='bbox 412 1062 524 1085; x_wconf 77' lang='lat' dir='ltr'>honerat</span> <span class='ocrx_word' id='word_1_145' title='bbox 539 1072 561 1085; x_wconf 75' lang='grc' dir='ltr'>υ.</span> 
     </span>
    </p>
   </div>
   <div class='ocr_carea' id='block_1_5' title="bbox 319 1106 685 1131">
    <p class='ocr_par' dir='ltr' id='par_1_5' title="bbox 319 1106 685 1131">
     <span class='ocr_line' id='line_1_14' title="bbox 319 1106 685 1131; baseline -0.005 -1"><span class='ocrx_word' id='word_1_146' title='bbox 319 1108 409 1131; x_wconf 82' lang='lat' dir='ltr'>Manca</span> <span class='ocrx_word' id='word_1_147' title='bbox 426 1106 555 1130; x_wconf 83' lang='lat' dir='ltr'>sententia</span> <span class='ocrx_word' id='word_1_148' title='bbox 572 1106 685 1129; x_wconf 86' lang='lat' dir='ltr'>videtur.</span> 
     </span>
    </p>
   </div>
   <div class='ocr_carea' id='block_1_6' title="bbox 277 973 301 1177">
    <p class='ocr_par' dir='ltr' id='par_1_6' title="bbox 277 973 301 1177">
     <span class='ocr_line' id='line_1_15' title="bbox 277 973 301 1177; textangle 90"><span class='ocrx_word' id='word_1_149' title='bbox 277 973 301 1177; x_wconf 48' lang='lat' dir='ltr'>§newu—</span> 
     </span>
    </p>
   </div>
   <div class='ocr_carea' id='block_1_7' title="bbox 183 1144 2051 1451">
    <p class='ocr_par' dir='ltr' id='par_1_7' title="bbox 183 1144 2051 1451">
     <span class='ocr_line' id='line_1_16' title="bbox 319 1144 2047 1183; baseline -0.005 -8"><span class='ocrx_word' id='word_1_150' title='bbox 319 1152 428 1175; x_wconf 76' lang='lat' dir='ltr'>Caetera</span> <span class='ocrx_word' id='word_1_151' title='bbox 442 1159 525 1183; x_wconf 87' lang='lat' dir='ltr'>usque</span> <span class='ocrx_word' id='word_1_152' title='bbox 548 1151 581 1174; x_wconf 85' lang='lat' dir='ltr'>ad</span> <span class='ocrx_word' id='word_1_153' title='bbox 607 1150 651 1174; x_wconf 87' lang='lat' dir='ltr'>sol.</span> <span class='ocrx_word' id='word_1_154' title='bbox 675 1150 729 1178; x_wconf 69' lang='lat'>201,</span> <span class='ocrx_word' id='word_1_155' title='bbox 753 1157 865 1181; x_wconf 83' lang='lat' dir='ltr'>quorum</span> <span class='ocrx_word' id='word_1_156' title='bbox 882 1149 972 1180; x_wconf 81' lang='lat' dir='ltr'>aliqua</span> <span class='ocrx_word' id='word_1_157' title='bbox 990 1148 1017 1171; x_wconf 85' lang='lat' dir='ltr'>in</span> <span class='ocrx_word' id='word_1_158' title='bbox 1033 1148 1145 1176; x_wconf 80' lang='lat' dir='ltr'><strong>n01557‚</strong></span> <span class='ocrx_word' id='word_1_159' title='bbox 1163 1148 1272 1172; x_wconf 77' lang='lat' dir='ltr'>Relatio</span> <span class='ocrx_word' id='word_1_160' title='bbox 1295 1147 1436 1176; x_wconf 79' lang='lat' dir='ltr'>historiae,</span> <span class='ocrx_word' id='word_1_161' title='bbox 1456 1147 1482 1169; x_wconf 78' lang='lat' dir='ltr'>iu</span> <span class='ocrx_word' id='word_1_162' title='bbox 1505 1147 1611 1170; x_wconf 77' lang='lat' dir='ltr'>brevem</span> <span class='ocrx_word' id='word_1_163' title='bbox 1629 1146 1771 1177; x_wconf 77' lang='lat' dir='ltr'>epitomum</span> <span class='ocrx_word' id='word_1_164' title='bbox 1792 1145 1951 1174; x_wconf 74' lang='lat' dir='ltr'>redegimus,</span> <span class='ocrx_word' id='word_1_165' title='bbox 1972 1144 2047 1168; x_wconf 84' lang='lat' dir='ltr'>omit-</span> 
     </span>
     <span class='ocr_line' id='line_1_17' title="bbox 183 1190 2049 1227; baseline -0.004 -7"><span class='ocrx_word' id='word_1_166' title='bbox 183 1197 272 1221; x_wconf 80' lang='lat' dir='ltr'>timus.</span> <span class='ocrx_word' id='word_1_167' title='bbox 299 1196 451 1220; x_wconf 81' lang='lat' dir='ltr'>Orationem</span> <span class='ocrx_word' id='word_1_168' title='bbox 477 1195 608 1227; x_wconf 84' lang='lat' dir='ltr'>Radulphi</span> <span class='ocrx_word' id='word_1_169' title='bbox 630 1194 773 1218; x_wconf 75' lang='lat' dir='ltr'>Glnchardi</span> <span class='ocrx_word' id='word_1_170' title='bbox 795 1197 820 1217; x_wconf 79' lang='lat' dir='ltr'>et</span> <span class='ocrx_word' id='word_1_171' title='bbox 839 1194 916 1217; x_wconf 84' lang='lat' dir='ltr'>finem</span> <span class='ocrx_word' id='word_1_172' title='bbox 941 1196 1068 1216; x_wconf 78' lang='lat' dir='ltr'>tractatus</span> <span class='ocrx_word' id='word_1_173' title='bbox 1091 1193 1201 1215; x_wconf 87' lang='lat' dir='ltr'>necdum</span> <span class='ocrx_word' id='word_1_174' title='bbox 1224 1192 1291 1215; x_wconf 81' lang='lat' dir='ltr'>finiti</span> <span class='ocrx_word' id='word_1_175' title='bbox 1311 1192 1408 1215; x_wconf 82' lang='lat' dir='ltr'>ibidem</span> <span class='ocrx_word' id='word_1_176' title='bbox 1433 1192 1560 1214; x_wconf 84' lang='lat' dir='ltr'>invenies.</span> <span class='ocrx_word' id='word_1_177' title='bbox 1578 1191 1606 1214; x_wconf 85' lang='lat' dir='ltr'>In</span> <span class='ocrx_word' id='word_1_178' title='bbox 1632 1190 1801 1222; x_wconf 87' lang='lat' dir='ltr'>sequentibus</span> <span class='ocrx_word' id='word_1_179' title='bbox 1826 1190 1905 1213; x_wconf 84' lang='lat' dir='ltr'>etiam</span> <span class='ocrx_word' id='word_1_180' title='bbox 1922 1192 2049 1212; x_wconf 83' lang='lat' dir='ltr'>tractatus</span> 
     </span>
     <span class='ocr_line' id='line_1_18' title="bbox 184 1234 2051 1273; baseline -0.005 -8"><span class='ocrx_word' id='word_1_181' title='bbox 184 1250 281 1273; x_wconf 75' lang='lat' dir='ltr'>magna</span> <span class='ocrx_word' id='word_1_182' title='bbox 296 1242 322 1264; x_wconf 87' lang='lat' dir='ltr'>vi</span> <span class='ocrx_word' id='word_1_183' title='bbox 341 1241 457 1264; x_wconf 80' lang='lat' dir='ltr'>oratoria</span> <span class='ocrx_word' id='word_1_184' title='bbox 471 1249 523 1263; x_wconf 90' lang='lat' dir='ltr'>non</span> <span class='ocrx_word' id='word_1_185' title='bbox 540 1243 621 1263; x_wconf 79' lang='lat' dir='ltr'>caret.</span> <span class='ocrx_word' id='word_1_186' title='bbox 638 1239 697 1264; x_wconf 83' lang='lat' dir='ltr'>Fol.</span> <span class='ocrx_word' id='word_1_187' title='bbox 720 1240 780 1263; x_wconf 86' lang='lat'>199</span> <span class='ocrx_word' id='word_1_188' title='bbox 794 1247 803 1263; x_wconf 83' lang='lat'>.·</span> <span class='ocrx_word' id='word_1_189' title='bbox 819 1248 830 1261; x_wconf 66' lang='grc' dir='ltr'>(ι</span> <span class='ocrx_word' id='word_1_190' title='bbox 847 1239 884 1262; x_wconf 80' lang='lat' dir='ltr'>Ex</span> <span class='ocrx_word' id='word_1_191' title='bbox 899 1238 998 1261; x_wconf 83' lang='lat' dir='ltr'>dudum</span> <span class='ocrx_word' id='word_1_192' title='bbox 1014 1237 1077 1260; x_wconf 78' lang='lat' dir='ltr'>inito</span> <span class='ocrx_word' id='word_1_193' title='bbox 1093 1238 1180 1260; x_wconf 89' lang='lat' dir='ltr'>duello</span> <span class='ocrx_word' id='word_1_194' title='bbox 1195 1237 1360 1267; x_wconf 84' lang='lat' dir='ltr'>triumphum</span> <span class='ocrx_word' id='word_1_195' title='bbox 1376 1236 1470 1267; x_wconf 80' lang='lat' dir='ltr'>querit,</span> <span class='ocrx_word' id='word_1_196' title='bbox 1487 1239 1512 1259; x_wconf 83' lang='lat' dir='ltr'>et</span> <span class='ocrx_word' id='word_1_197' title='bbox 1524 1244 1572 1267; x_wconf 91' lang='lat' dir='ltr'>per</span> <span class='ocrx_word' id='word_1_198' title='bbox 1588 1237 1626 1258; x_wconf 85' lang='lat' dir='ltr'>sas</span> <span class='ocrx_word' id='word_1_199' title='bbox 1642 1243 1740 1267; x_wconf 82' lang='lat' dir='ltr'>perque</span> <span class='ocrx_word' id='word_1_200' title='bbox 1755 1236 1859 1258; x_wconf 77' lang='lat' dir='ltr'>nefas...</span> <span class='ocrx_word' id='word_1_201' title='bbox 1873 1234 1950 1257; x_wconf 90' lang='lat' dir='ltr'>Illum</span> <span class='ocrx_word' id='word_1_202' title='bbox 1966 1234 2051 1257; x_wconf 83' lang='lat' dir='ltr'>adhuc</span> 
     </span>
     <span class='ocr_line' id='line_1_19' title="bbox 183 1278 2051 1315; baseline -0.005 -5"><span class='ocrx_word' id='word_1_203' title='bbox 183 1287 298 1314; x_wconf 81' lang='lat' dir='ltr'>illesum,</span> <span class='ocrx_word' id='word_1_204' title='bbox 315 1294 329 1309; x_wconf 93' lang='grc' dir='ltr'>ο</span> <span class='ocrx_word' id='word_1_205' title='bbox 345 1286 445 1314; x_wconf 75' lang='lat' dir='ltr'>fideles,</span> <span class='ocrx_word' id='word_1_206' title='bbox 461 1285 626 1315; x_wconf 84' lang='lat' dir='ltr'>liberumque</span> <span class='ocrx_word' id='word_1_207' title='bbox 641 1292 671 1307; x_wconf 84' lang='lat' dir='ltr'>ac</span> <span class='ocrx_word' id='word_1_208' title='bbox 692 1283 846 1306; x_wconf 81' lang='lat' dir='ltr'>irridentem</span> <span class='ocrx_word' id='word_1_209' title='bbox 861 1282 1031 1314; x_wconf 84' lang='lat' dir='ltr'>aspicimus».</span> <span class='ocrx_word' id='word_1_210' title='bbox 1049 1292 1059 1305; x_wconf 79' lang='grc' dir='ltr'>(ι</span> <span class='ocrx_word' id='word_1_211' title='bbox 1077 1282 1097 1306; x_wconf 94' lang='lat' dir='ltr'>O</span> <span class='ocrx_word' id='word_1_212' title='bbox 1116 1282 1233 1305; x_wconf 88' lang='lat' dir='ltr'>seculum</span> <span class='ocrx_word' id='word_1_213' title='bbox 1255 1284 1382 1309; x_wconf 82' lang='lat' dir='ltr'>nostrum,</span> <span class='ocrx_word' id='word_1_214' title='bbox 1400 1289 1414 1303; x_wconf 88' lang='lat' dir='ltr'>o</span> <span class='ocrx_word' id='word_1_215' title='bbox 1433 1289 1529 1308; x_wconf 89' lang='lat' dir='ltr'>mores,</span> <span class='ocrx_word' id='word_1_216' title='bbox 1547 1289 1566 1303; x_wconf 77' lang='grc' dir='ltr'>θ’</span> <span class='ocrx_word' id='word_1_217' title='bbox 1578 1280 1684 1311; x_wconf 76' lang='lat' dir='ltr'>religio!</span> <span class='ocrx_word' id='word_1_218' title='bbox 1709 1280 1796 1311; x_wconf 81' lang='lat' dir='ltr'>Dyane</span> <span class='ocrx_word' id='word_1_219' title='bbox 1818 1282 1922 1310; x_wconf 80' lang='lat' dir='ltr'>spretor</span> <span class='ocrx_word' id='word_1_220' title='bbox 1936 1278 2012 1309; x_wconf 77' lang='lat' dir='ltr'>perit,</span> <span class='ocrx_word' id='word_1_221' title='bbox 2027 1281 2051 1301; x_wconf 82' lang='lat' dir='ltr'>et</span> 
     </span>
     <span class='ocr_line' id='line_1_20' title="bbox 185 1323 2051 1358; baseline -0.005 -4"><span class='ocrx_word' id='word_1_222' title='bbox 185 1331 251 1355; x_wconf 79' lang='lat' dir='ltr'>vivit</span> <span class='ocrx_word' id='word_1_223' title='bbox 267 1330 348 1354; x_wconf 85' lang='lat' dir='ltr'>Marie</span> <span class='ocrx_word' id='word_1_224' title='bbox 370 1330 512 1353; x_wconf 79' lang='lat' dir='ltr'>infamator</span> <span class='ocrx_word' id='word_1_225' title='bbox 535 1330 561 1352; x_wconf 85' lang='lat'>»!</span> <span class='ocrx_word' id='word_1_226' title='bbox 583 1329 642 1353; x_wconf 81' lang='lat' dir='ltr'>Fol.</span> <span class='ocrx_word' id='word_1_227' title='bbox 665 1327 759 1352; x_wconf 74' lang='lat'>1991‘:</span> <span class='ocrx_word' id='word_1_228' title='bbox 778 1336 790 1350; x_wconf 75' lang='grc' dir='ltr'>(ι</span> <span class='ocrx_word' id='word_1_229' title='bbox 812 1328 877 1350; x_wconf 78' lang='lat' dir='ltr'>Ecce</span> <span class='ocrx_word' id='word_1_230' title='bbox 895 1327 928 1350; x_wconf 84' lang='lat' dir='ltr'>ad</span> <span class='ocrx_word' id='word_1_231' title='bbox 952 1327 1088 1358; x_wconf 85' lang='lat' dir='ltr'>improbas</span> <span class='ocrx_word' id='word_1_232' title='bbox 1107 1326 1202 1349; x_wconf 88' lang='lat' dir='ltr'>iterum</span> <span class='ocrx_word' id='word_1_233' title='bbox 1219 1334 1295 1349; x_wconf 82' lang='lat' dir='ltr'>voces</span> <span class='ocrx_word' id='word_1_234' title='bbox 1314 1333 1394 1356; x_wconf 81' lang='lat' dir='ltr'>cogor</span> <span class='ocrx_word' id='word_1_235' title='bbox 1414 1325 1549 1348; x_wconf 78' lang='lat' dir='ltr'>advertere</span> <span class='ocrx_word' id='word_1_236' title='bbox 1565 1328 1590 1347; x_wconf 90' lang='lat' dir='ltr'>et</span> <span class='ocrx_word' id='word_1_237' title='bbox 1608 1325 1724 1347; x_wconf 85' lang='lat' dir='ltr'>clamoso</span> <span class='ocrx_word' id='word_1_238' title='bbox 1749 1323 1836 1347; x_wconf 84' lang='lat' dir='ltr'>sonitu</span> <span class='ocrx_word' id='word_1_239' title='bbox 1858 1323 1990 1354; x_wconf 88' lang='lat' dir='ltr'>inquietus</span> <span class='ocrx_word' id='word_1_240' title='bbox 2019 1323 2051 1345; x_wconf 87' lang='lat' dir='ltr'>ad</span> 
     </span>
     <span class='ocr_line' id='line_1_21' title="bbox 187 1367 2050 1404; baseline -0.004 -6"><span class='ocrx_word' id='word_1_241' title='bbox 187 1386 200 1397; x_wconf 81' lang='grc' dir='ltr'>α</span> <span class='ocrx_word' id='word_1_242' title='bbox 217 1375 428 1398; x_wconf 82' lang='lat' dir='ltr'>incathedratum</span> <span class='ocrx_word' id='word_1_243' title='bbox 447 1377 567 1397; x_wconf 87' lang='lat' dir='ltr'>nostrum</span> <span class='ocrx_word' id='word_1_244' title='bbox 588 1373 734 1404; x_wconf 84' lang='lat' dir='ltr'>regredior.</span> <span class='ocrx_word' id='word_1_245' title='bbox 751 1372 826 1403; x_wconf 86' lang='lat' dir='ltr'>Piget</span> <span class='ocrx_word' id='word_1_246' title='bbox 845 1372 895 1395; x_wconf 88' lang='lat' dir='ltr'>heu</span> <span class='ocrx_word' id='word_1_247' title='bbox 913 1371 1063 1395; x_wconf 81' lang='lat' dir='ltr'>revertisse.</span> <span class='ocrx_word' id='word_1_248' title='bbox 1080 1371 1136 1394; x_wconf 85' lang='lat' dir='ltr'>Non</span> <span class='ocrx_word' id='word_1_249' title='bbox 1154 1374 1194 1393; x_wconf 87' lang='lat' dir='ltr'>est</span> <span class='ocrx_word' id='word_1_250' title='bbox 1210 1370 1295 1401; x_wconf 87' lang='lat' dir='ltr'>jocus,</span> <span class='ocrx_word' id='word_1_251' title='bbox 1311 1370 1366 1400; x_wconf 85' lang='lat' dir='ltr'>jam</span> <span class='ocrx_word' id='word_1_252' title='bbox 1388 1369 1512 1392; x_wconf 83' lang='lat' dir='ltr'>irascitur</span> <span class='ocrx_word' id='word_1_253' title='bbox 1537 1369 1684 1400; x_wconf 79' lang='lat' dir='ltr'>fremitque,</span> <span class='ocrx_word' id='word_1_254' title='bbox 1706 1372 1731 1392; x_wconf 86' lang='lat' dir='ltr'>et</span> <span class='ocrx_word' id='word_1_255' title='bbox 1747 1371 1804 1391; x_wconf 81' lang='lat' dir='ltr'>estu</span> <span class='ocrx_word' id='word_1_256' title='bbox 1824 1367 1918 1391; x_wconf 88' lang='lat' dir='ltr'>mentis</span> <span class='ocrx_word' id='word_1_257' title='bbox 1934 1367 2008 1398; x_wconf 85' lang='lat' dir='ltr'>gravi</span> <span class='ocrx_word' id='word_1_258' title='bbox 2025 1367 2050 1389; x_wconf 90' lang='lat' dir='ltr'>in</span> 
     </span>
     <span class='ocr_line' id='line_1_22' title="bbox 186 1411 2051 1451; baseline -0.005 -8"><span class='ocrx_word' id='word_1_259' title='bbox 186 1431 198 1442; x_wconf 76' lang='grc' dir='ltr'>ιι</span> <span class='ocrx_word' id='word_1_260' title='bbox 217 1428 280 1443; x_wconf 78' lang='lat' dir='ltr'>saxa</span> <span class='ocrx_word' id='word_1_261' title='bbox 294 1419 373 1451; x_wconf 87' lang='lat' dir='ltr'>inque</span> <span class='ocrx_word' id='word_1_262' title='bbox 389 1419 512 1450; x_wconf 85' lang='lat' dir='ltr'>scopulos</span> <span class='ocrx_word' id='word_1_263' title='bbox 534 1418 650 1449; x_wconf 78' lang='lat' dir='ltr'>agitatus</span> <span class='ocrx_word' id='word_1_264' title='bbox 670 1417 836 1448; x_wconf 85' lang='lat' dir='ltr'>impingitur.</span> <span class='ocrx_word' id='word_1_265' title='bbox 853 1417 872 1439; x_wconf 92' lang='lat' dir='ltr'>E</span> <span class='ocrx_word' id='word_1_266' title='bbox 892 1416 1020 1447; x_wconf 87' lang='lat' dir='ltr'>sepulcris</span> <span class='ocrx_word' id='word_1_267' title='bbox 1034 1419 1125 1439; x_wconf 86' lang='lat' dir='ltr'>evocat</span> <span class='ocrx_word' id='word_1_268' title='bbox 1138 1418 1263 1443; x_wconf 83' lang='lat' dir='ltr'>mortuos,</span> <span class='ocrx_word' id='word_1_269' title='bbox 1281 1417 1306 1437; x_wconf 88' lang='lat' dir='ltr'>et</span> <span class='ocrx_word' id='word_1_270' title='bbox 1322 1414 1349 1437; x_wconf 88' lang='lat' dir='ltr'>in</span> <span class='ocrx_word' id='word_1_271' title='bbox 1365 1422 1471 1437; x_wconf 77' lang='lat' dir='ltr'>causam</span> <span class='ocrx_word' id='word_1_272' title='bbox 1485 1413 1590 1437; x_wconf 82' lang='lat' dir='ltr'>trahens</span> <span class='ocrx_word' id='word_1_273' title='bbox 1606 1413 1732 1436; x_wconf 80' lang='lat' dir='ltr'>dilacerat</span> <span class='ocrx_word' id='word_1_274' title='bbox 1746 1422 1767 1436; x_wconf 84' lang='lat'>».</span> <span class='ocrx_word' id='word_1_275' title='bbox 1781 1413 1920 1443; x_wconf 76' lang='lat' dir='ltr'>Nunquam</span> <span class='ocrx_word' id='word_1_276' title='bbox 1935 1411 2051 1443; x_wconf 88' lang='lat' dir='ltr'>loquitur</span> 
     </span>
    </p>
   </div>
   <div class='ocr_carea' id='block_1_8' title="bbox 187 1459 1362 1495">
    <p class='ocr_par' dir='ltr' id='par_1_8' title="bbox 187 1459 1362 1495">
     <span class='ocr_line' id='line_1_23' title="bbox 187 1459 1362 1495; baseline -0.006 -7"><span class='ocrx_word' id='word_1_277' title='bbox 187 1467 277 1488; x_wconf 74' lang='lat' dir='ltr'>noster</span> <span class='ocrx_word' id='word_1_278' title='bbox 292 1467 321 1487; x_wconf 82' lang='lat' dir='ltr'>ut</span> <span class='ocrx_word' id='word_1_279' title='bbox 335 1463 422 1495; x_wconf 84' lang='lat' dir='ltr'>quivis</span> <span class='ocrx_word' id='word_1_280' title='bbox 439 1471 547 1486; x_wconf 88' lang='lat' dir='ltr'>suorum</span> <span class='ocrx_word' id='word_1_281' title='bbox 561 1462 587 1485; x_wconf 91' lang='lat' dir='ltr'>in</span> <span class='ocrx_word' id='word_1_282' title='bbox 602 1462 715 1485; x_wconf 80' lang='lat' dir='ltr'>Francia</span> <span class='ocrx_word' id='word_1_283' title='bbox 730 1461 891 1493; x_wconf 80' lang='lat' dir='ltr'>aequalium,</span> <span class='ocrx_word' id='word_1_284' title='bbox 905 1464 1013 1492; x_wconf 85' lang='lat' dir='ltr'>excepto</span> <span class='ocrx_word' id='word_1_285' title='bbox 1028 1460 1136 1484; x_wconf 82' lang='lat' dir='ltr'>Nicolao</span> <span class='ocrx_word' id='word_1_286' title='bbox 1152 1460 1183 1482; x_wconf 89' lang='lat' dir='ltr'>de</span> <span class='ocrx_word' id='word_1_287' title='bbox 1199 1459 1362 1490; x_wconf 84' lang='lat' dir='ltr'>Clamengis.</span> 
     </span>
    </p>
   </div>
   <div class='ocr_carea' id='block_1_9' title="bbox 320 2898 1935 2927">
    <p class='ocr_par' dir='ltr' id='par_1_9' title="bbox 320 2898 1935 2927">
     <span class='ocr_line' id='line_1_24' title="bbox 320 2898 1935 2927; baseline -0.01 1"><span class='ocrx_word' id='word_1_288' title='bbox 320 2905 368 2923; x_wconf 45' lang='grc' dir='ltr'>*ἢ</span> <span class='ocrx_word' id='word_1_289' title='bbox 386 2903 482 2927; x_wconf 78' lang='grc' dir='ltr'><em>Οὴανῑ.</em></span> <span class='ocrx_word' id='word_1_290' title='bbox 506 2902 583 2926; x_wconf 80' lang='lat' dir='ltr'>Univ.</span> <span class='ocrx_word' id='word_1_291' title='bbox 599 2901 694 2926; x_wconf 83' lang='lat' dir='ltr'>Paris.</span> <span class='ocrx_word' id='word_1_292' title='bbox 709 2901 753 2924; x_wconf 90' lang='lat'>111.</span> <span class='ocrx_word' id='word_1_293' title='bbox 1923 2898 1935 2912; x_wconf 66' lang='lat' dir='ltr'>e</span> 
     </span>
    </p>
   </div>
  </div>
 </body>
</html>
