2488 3386
453 311 497 343 96
1030 322 1346 344 ann'rULAniuM
1381 323 1566 344 UNivssns.
1603 322 1730 344 rmus.
2216 310 2314 351 [1362

542 389 695 436 Quinto,
712 394 809 439 quod
837 395 910 427 dixi
939 395 975 427 in
1006 395 1225 440 probacione
1253 395 1361 440 hujus
1387 407 1394 428 ε
1426 397 1468 428 Et
1497 408 1569 428 non
1597 402 1653 428 est
1680 395 1956 436 inconveniens,
1979 396 2076 440 quod
2106 396 2242 441 aliquid
2268 397 2315 430 sit

453 461 551 492 Deus
573 460 772 493 secundum
794 473 876 494 esse
904 473 1008 494 suum
1038 461 1146 502 reale,
1170 468 1203 494 et
1231 469 1349 494 tamen
1377 474 1449 494 non
1477 462 1524 495 sit
1552 463 1650 494 Deus
1678 461 1876 494 secundum
1907 473 1989 495 esse
2017 474 2121 495 suum
2149 463 2312 505 formale,

451 525 562 558 debet
581 526 736 571 intelligi
758 527 822 568 sic,
846 527 943 572 quod
969 528 1106 572 aliquid
1126 528 1173 561 sit
1191 529 1289 561 Deus
1310 528 1467 569 realiter,
1491 535 1526 561 et
1553 534 1671 560 tamen
1699 527 1816 572 aliqua
1846 528 1987 560 formali
2013 528 2313 563 denominacione

452 592 706 625 denominatur
730 605 799 637 que
830 594 899 626 sibi
929 606 1002 626 non
1029 594 1199 639 competit
1226 594 1367 639 precise
1394 594 1476 638 quia
1504 595 1614 635 Deus,
1644 594 1708 626 sed
1736 594 1880 626 racione
1906 594 2059 639 alicujus
2081 595 2231 628 effectus
2255 595 2313 629 vel

450 658 612 691 alterius.
640 659 740 691 Unde
762 659 959 704 supradicti
981 660 1174 705 dampnant
1194 660 1283 693 hanc
1305 660 1597 705 proposicionem
1616 667 1781 705 tanquam
1805 660 1889 692 fidei
1910 660 2093 693 dissonam
2112 662 2310 695 secundum

450 724 672 758 intellectum
696 737 801 770 quem
823 726 917 767 facit,
940 726 1080 759 scilicet
1100 727 1195 770 quod
1217 726 1352 771 aliquid
1374 732 1429 759 est
1449 727 1547 759 Deus
1568 726 1788 759 secundum*
1809 738 1915 759 suum
1936 738 2019 760 esse
2040 727 2149 769 reale,
2168 734 2203 761 et
2222 728 2311 762 illud

451 802 523 822 non
545 797 600 824 est
620 792 718 824 Deus
739 792 939 824 secundum
961 804 1065 825 suum
1088 804 1170 825 esse
1190 792 1352 825 formale.

541 857 660 898 Sexto,
684 857 756 890 dixi
778 858 814 890 in
834 870 931 891 nono
952 858 1162 900 correlario,
1184 859 1280 903 quod
1302 871 1374 891 non
1396 866 1465 892 stat
1485 859 1708 892 intellectum
1732 859 1931 904 perfectum
1948 871 2173 905 cognoscere
2194 860 2312 909 aliqua

447 935 531 956 vera
554 924 813 968 contingentia,
837 931 871 957 et
891 924 1035 957 illorum
1057 925 1099 957 ad
1120 932 1217 958 extra
1238 937 1309 958 non
1331 937 1414 958 esse
1437 926 1706 970 productivam³
1728 926 1922 970 perfectam
1943 925 2177 960 voluntatem.

538 991 579 1033 (7)
606 991 693 1022 Item
716 990 788 1022 dixi
809 990 846 1022 in
867 995 901 1023 x⁰
922 991 1131 1031 correlario,
1154 992 1249 1036 quod
1277 992 1459 1036 perfectus
1480 992 1688 1025 intellectus
1713 992 1756 1024 ad
1784 1003 1866 1024 esse
1897 992 2033 1037 peccati
2058 999 2097 1026 ut
2125 1000 2309 1038 peccatum

447 1062 515 1096 est,
543 1068 616 1088 non
644 1063 763 1101 potest
789 1057 994 1090 immediate
1015 1058 1185 1102 applicari
1208 1059 1468 1103 cognoscitive,
1491 1065 1526 1091 et
1553 1059 1649 1103 quod
1676 1071 1718 1091 ex
1748 1059 1818 1091 isto
1846 1059 2012 1103 sequitur
2037 1059 2193 1093 finaliter
2213 1043 2311 1113 quod

448 1129 631 1166 peccatum
654 1134 735 1155 esse
752 1123 809 1156 vel
831 1123 1093 1156 deformitatem
1114 1125 1230 1157 anime
1256 1137 1327 1157 non
1354 1132 1407 1158 est
1436 1125 1580 1170 propria
1601 1125 1718 1170 aliqua
1739 1125 1889 1158 veritate
1910 1137 2049 1159 verum.
2076 1126 2234 1160 Primum
2256 1133 2312 1161 est

447 1188 539 1220 male
561 1188 694 1221 dictum
724 1195 758 1221 et
787 1173 937 1231 falsum,
957 1190 1039 1234 quia
1067 1190 1109 1222 ad
1140 1190 1207 1223 hoc
1233 1191 1397 1235 sequitur
1418 1191 1640 1224 intellectum
1663 1191 1825 1224 divinum
1847 1203 1920 1224 non
1941 1203 2166 1237 cognoscere
2191 1183 2309 1239 aliqua

448 1260 591 1298 peccata
619 1261 675 1287 aut
702 1255 921 1288 voluntatem
952 1256 1107 1289 divinam
1136 1268 1217 1289 esse
1246 1269 1369 1289 eorum
1403 1257 1664 1302 productivam,
1686 1270 1839 1303 quorum
1868 1264 2062 1303 utrumque
2083 1265 2138 1292 est
2157 1259 2307 1302 falsum;

447 1321 490 1352 2¹¹¹
507 1320 573 1353 suit
593 1320 680 1353 alias
701 1322 1017 1366 condempnatum.
1043 1324 1083 1355 Et
1103 1322 1169 1355 alia
1191 1323 1383 1356 correlaria
1406 1336 1470 1368 pro
1488 1331 1620 1369 quanto
1642 1336 1721 1357 cum
1744 1324 1861 1369 primo
1877 1325 2101 1358 conveniunt
2119 1325 2207 1359 falsa
2224 1333 2310 1360 sunt

445 1393 481 1419 et
501 1386 592 1419 male
613 1394 754 1420 sonant.

535 1454 575 1496 (8)
602 1454 689 1486 Item
720 1454 757 1486 in
791 1455 825 1486 2⁰
854 1455 1050 1488 correlario
1084 1457 1117 1488 2⁰
1146 1456 1416 1501 supposicionis
1455 1457 1540 1498 dixi,
1574 1457 1670 1502 quod
1701 1464 1770 1490 stat
1803 1457 1939 1503 aliquid
1974 1469 2056 1491 esse
2090 1458 2306 1493 immensum

444 1526 574 1560 actum,
598 1526 633 1552 et
653 1526 770 1552 tamen
791 1521 827 1552 in
849 1521 924 1562 illo,
948 1521 1043 1566 quod
1066 1522 1117 1554 sic
1138 1529 1266 1563 actuat,
1289 1523 1421 1555 nullam
1450 1535 1585 1567 ponere
1611 1524 1870 1568 perfectionem
1893 1524 2119 1569 simpliciter.
2141 1525 2306 1570 Magistri

445 1586 561 1618 nostri
582 1586 682 1618 illum
706 1587 850 1619 modum
872 1587 1046 1632 loquendi
1068 1600 1139 1620 non
1160 1589 1371 1633 approbant,
1391 1589 1531 1622 scilicet
1551 1590 1648 1634 quod
1670 1591 1768 1623 Deus
1789 1597 1966 1632 actuetur,
1983 1591 2078 1624 sicut
2097 1603 2163 1625 nec
2184 1591 2306 1625 illum‘

444 1652 542 1696 quod
563 1653 661 1684 Deus
682 1652 902 1686 immutetur.

532 1719 574 1761 (9)
599 1719 685 1751 Item
708 1719 744 1751 in
765 1720 784 1751 4
805 1726 839 1752 et
860 1720 898 1752 5⁵
920 1720 1126 1754 correlariis
1150 1723 1182 1753 2²
1202 1722 1471 1766 supposicionis
1493 1723 1566 1755 dixi
1593 1723 1691 1768 quod
1721 1724 1879 1770 perfecta
1899 1724 2066 1758 voluntas
2094 1737 2167 1758 non
2187 1725 2304 1758 inten-

442 1784 520 1816 sius
546 1784 666 1829 diligit
686 1785 983 1829 predestinatum,
1006 1799 1110 1831 quain
1133 1787 1255 1832 diligat
1279 1789 1490 1833 prescitum,
1514 1796 1549 1822 et
1569 1790 1666 1834 quod
1687 1802 1760 1822 non
1781 1790 1864 1835 plus
1889 1790 2069 1824 intensive
2090 1791 2209 1837 diligit
2230 1792 2302 1834 se‘,

442 1862 546 1894 quam
570 1850 697 1895 diligat
717 1851 930 1896 dyabolum⁷
951 1853 986 1884 in
1009 1865 1090 1886 esse
1112 1854 1275 1886 naturali.
1298 1856 1377 1887 Non
1399 1855 1508 1888 debui
1529 1856 1575 1888 ita
1597 1856 1731 1897 dicere,
1750 1857 1832 1901 quia
1854 1857 1890 1889 in
1910 1857 2059 1890 auribus
2080 1858 2301 1892 audientium

442 1917 533 1949 male
555 1924 685 1950 sonant
705 1924 740 1950 et
759 1917 847 1950 falsa
868 1925 964 1960 sunt,
987 1931 1067 1951 eum
1092 1921 1290 1953 secundum
1317 1922 1561 1966 Augustinum
1584 1922 1739 1967 diligere
1760 1923 1897 1968 aliquid
1917 1924 1964 1956 sit
1983 1924 2016 1956 ei
2036 1924 2130 1957 velle
2152 1924 2301 1967 bonum,

441 1989 477 2015 et
502 1983 584 2015 ideo
613 1983 794 2017 intensius
820 1984 975 2030 diligere
998 1985 1134 2030 aliquid
1156 1987 1202 2019 sit
1227 1988 1259 2020 ei
1281 1988 1395 2032 majus
1417 1988 1512 2022 velle
1533 1988 1682 2030 bonum,
1705 1996 1741 2022 et
1760 1990 1807 2022 ita
1830 1990 2071 2023 communiter
2092 1990 2303 2036 intelligunt
2351 1994 2355 1997 '

441 2048 619 2082 homines.

530 2116 612 2158 (10)⁸
638 2117 726 2148 Item
748 2123 910 2150 octavum
935 2118 1166 2151 correlarium
1189 2120 1254 2152 fuit
1274 2120 1343 2153 tale
1366 2132 1373 2153 t
1397 2121 1567 2164 Quelibet
1586 2122 1718 2155 volicio
1739 2124 1826 2167 qua⁹
1850 2124 1948 2156 Deus
1968 2123 2044 2157 vult
2063 2135 2084 2157 α
2111 2135 2206 2166 esse,
2229 2136 2301 2158 non

440 2181 560 2213 minus
580 2182 778 2215 formaliter
798 2183 1034 2228 distinguitur
1050 2197 1067 2217 a
1087 2185 1267 2219 volicione
1289 2199 1357 2231 qua
1378 2189 1476 2220 Deus
1497 2188 1573 2221 vult
1593 2189 1612 2222 b
1633 2201 1728 2230 esse,
1747 2193 1863 2234 [quam
1884 2190 1994 2230 Deus]
2016 2190 2161 2223 realiter
2177 2190 2301 2224 distin-

439 2253 570 2291 guatur
599 2260 617 2280 a
644 2249 790 2281 materia
820 2250 946 2294 prima.
977 2251 1129 2285 Probavi
1160 2264 1224 2297 per
1255 2253 1334 2294 hoc,
1365 2254 1462 2298 quod
1492 2255 1655 2299 quelibet
1682 2255 1814 2289 volicio
1841 2267 1908 2300 qua
1938 2257 2037 2289 Deus
2061 2256 2183 2290 vulta
2204 2268 2298 2299 esse,

438 2313 615 2346 immense
637 2314 874 2360 distinguitur
896 2317 1094 2350 formaliter
1114 2331 1131 2350 a
1152 2319 1332 2352 volicione
1354 2332 1421 2365 qua
1443 2322 1542 2354 Deus
1561 2321 1639 2355 vult
1658 2323 1678 2356 b
1697 2334 1792 2355 esse.
1815 2322 2059 2356 Correlarium
2081 2329 2136 2356 est
2155 2322 2298 2366 falsum,

438 2386 474 2412 et
501 2379 673 2424 probacio
704 2388 759 2413 est
788 2394 952 2423 erronea,
980 2384 1061 2427 quia
1092 2397 1163 2417 non
1192 2393 1246 2418 est
1273 2386 1533 2420 admittendum
1563 2388 1887 2433 qualitercumque,
1910 2389 2008 2434 quod
2036 2389 2073 2421 in
2099 2390 2174 2422 Deo
2202 2390 2301 2431 si[n]t

438 2445 540 2490 plura
562 2447 735 2480 immensa
756 2455 815 2480 aut
836 2449 936 2493 plura
959 2461 1039 2482 esse
1061 2451 1234 2484 immensa
1256 2453 1437 2487 distincta.

525 2513 589 2555 (11)
617 2513 858 2546 Correlarium
894 2527 1027 2548 nonum
1063 2517 1127 2550 suit
1156 2529 1163 2550 :
1192 2518 1337 2551 Nullum
1370 2520 1463 2553 velle
1498 2521 1751 2554 immensum¹⁰
1786 2522 1945 2567 perfecte
1978 2522 2175 2556 voluntatis
2213 2534 2298 2556 con-

438 2577 525 2610 tinet
555 2578 689 2623 aliquid
721 2580 763 2612 ad
794 2587 890 2613 extra
922 2582 1160 2626 producibile.
1194 2585 1265 2617 Hec
1296 2592 1351 2618 est
1379 2586 1467 2619 salsa
1501 2587 1594 2620 sicut
1622 2595 1738 2630 sonat,
1770 2589 1852 2633 quia
1884 2588 1978 2622 velle
2014 2589 2080 2621 Dei
2108 2595 2163 2621 est
2191 2600 2298 2622 causa

435 2655 568 2676 rerum.

525 2711 611 2743 ltem
633 2711 669 2743 in
690 2712 909 2757 probacione
930 2714 964 2746 xi
985 2716 1169 2748 correlarii
1197 2718 1341 2763 scripsi,
1365 2734 1380 2749 «
1403 2720 1499 2764 quod
1521 2721 1551 2753 si
1573 2721 1734 2765 potentie
1753 2721 1901 2755 volitive
1921 2721 2041 2766 angeli
2066 2721 2187 2755 divina
2205 2721 2296 2755 voli-

434 2776 503 2817 cio,
523 2789 592 2821 que
613 2785 668 2810 est
687 2779 875 2821 immensa,
898 2788 996 2813 esset
1015 2782 1164 2816 actualis
1179 2784 1325 2826 volicio,
1343 2786 1438 2830 quod
1460 2799 1533 2819 non
1554 2794 1682 2832 reputo
1704 2787 1932 2833 impossibile
1951 2799 1958 2820 :
1981 2794 2065 2820 tunc
2086 2799 2151 2833 per
2170 2787 2297 2832 hujus-

434 2843 530 2875 modi
550 2843 780 2886 volicionem,
797 2851 859 2879 etc.
881 2860 909 2878 n.
928 2847 1131 2881 Predictum
1153 2850 1385 2883 correlarium
1408 2864 1588 2898 nunquam
1611 2853 1818 2899 reputabam
1839 2853 2029 2899 possibile,
2047 2866 2165 2899 neque
2185 2854 2294 2887 credo
