2488 3386
431 327 495 359 528
1004 330 1324 353 CHARTULARIUM
1359 329 1550 351 UN1vsns.
1588 329 1719 351 lunis.
2196 314 2294 351 [1387

430 408 632 442 Nativitatis
653 407 816 451 Virginis
838 406 1014 451 gloriose,
1041 416 1110 449 que
1132 404 1211 436 dies
1240 403 1307 436 fuit
1335 403 1549 436 duodecima
1570 403 1649 435 dies
1671 403 1808 435 mensis
1831 401 2068 447 Septembris,
2090 401 2127 434 in
2147 412 2297 435 venera-

431 475 557 508 bilium
580 486 618 507 ac
639 474 972 517 circonspectorum
994 472 1153 504 virorum
1181 470 1437 515 magistrorum
1469 476 1505 502 et
1531 469 1760 502 dominorum
1782 468 1958 502 Johannis
1980 467 2122 502 Caverii
2144 467 2297 500 rectoris

432 540 687 574 Universitatis
709 539 820 572 studii
848 538 1077 578 Parisiensis,
1099 536 1279 576 Johannis
1296 536 1340 568 de
1366 536 1521 581 Karolay
1541 536 1706 568 canonici
1736 535 1969 574 Parisiensis,
1991 546 2091 567 sacre
2113 533 2296 577 theologie

432 607 605 646 doctoris,
627 606 802 639 Johannis
831 605 874 637 de
906 605 1132 649 Lupimonte,
1154 602 1329 635 Johannis
1360 602 1577 643 Baudoardi,
1601 602 1737 636 Galteri
1764 602 1891 636 Grassi
1917 593 2146 634 decretorum
2172 600 2297 633 docto-

433 686 523 714 rum,
542 673 717 706 Johannis
739 672 782 704 de
804 671 1015 704 Pluimono⁵
1033 671 1069 702 in
1085 669 1252 702 facultate
1274 669 1454 702 medicine
1476 669 1653 714 magistri,
1669 668 1845 702 Johannis
1866 668 1957 701 Fioti
1979 668 2142 708 Francie,
2165 667 2297 700 Reneri

434 739 703 773 Probihominis
734 738 910 779 Picardie,
937 736 1130 770 Guillermi
1152 736 1378 780 Carpentarii
1399 736 1593 768 Normanie
1618 748 1657 768 ac
1685 735 1872 769 Bartholdi
1900 735 1944 768 de
1969 734 2149 768 Alcmaria
2169 734 2297 779 Angli-

434 819 522 839 cane
553 806 744 839 nacionum
776 810 1064 849 procuratorum,
1087 803 1122 834 in
1149 802 1276 835 artium
1304 802 1471 835 facultate
1502 802 1772 847 magistrorum,
1800 801 2112 847 plurimorumque
2144 801 2297 834 aliorum

433 873 622 905 doctorum
651 878 686 904 et
714 871 967 915 magistrorum
1081 868 1271 913 presencia
1300 868 1542 913 personaliter
1563 868 1782 901 constitutus
1804 868 1978 913 magister
2001 867 2185 901 Johannes
2205 867 2296 908 Ade,

431 939 604 979 Jacobita,
637 939 672 970 in
705 937 887 982 theologia
920 936 1166 981 magister
1191 934 1369 980 quendam
1400 947 1563 967 errorum
1595 947 1743 968 suorum
1775 935 2019 980 predictorum
2051 934 2299 968 revocacionis

433 1005 590 1038 rotulum
612 1005 649 1036 in
669 1004 791 1037 verbis
812 1003 954 1048 gallicis
976 1002 1148 1047 scriptum
1248 1001 1316 1034 alta
1342 1008 1375 1034 et
1406 1001 1631 1046 intelligibili
1652 1013 1740 1034 voce
1769 1001 1812 1034 de
1834 1001 1945 1035 verbo
1971 1001 2015 1034 ad
2039 1001 2189 1034 verbum
2211 1001 2301 1046 legit

433 1079 467 1105 et
489 1072 606 1104 omnia
627 1078 661 1104 et
677 1070 820 1115 singula
837 1070 873 1102 in
891 1069 1018 1102 eodem
1038 1068 1156 1101 rotulo
1173 1075 1342 1101 contenta
1359 1080 1421 1101 ore
1444 1068 1591 1113 proprio
1609 1068 1874 1113 pronunciavit,
1897 1067 2143 1108 audientibus,
2162 1067 2301 1101 auscul-

434 1138 592 1172 tantibus
614 1144 648 1170 et
676 1136 967 1181 intelligentibus
990 1136 1180 1180 utriusque
1209 1147 1318 1168 sexus
1349 1135 1474 1180 populi
1502 1135 1546 1168 ad
1578 1134 1644 1167 hoc
1675 1135 1895 1168 audiendum
1916 1135 2124 1168 convocatis
2144 1134 2302 1168 multitu-

433 1206 517 1238 dine
539 1205 741 1249 copiosa....
764 1204 851 1235 Acta
880 1203 1026 1235 suerunt
1055 1202 1121 1234 hec
1150 1202 1300 1234 multum
1324 1202 1563 1247 solempniter
1589 1202 1749 1234 Parisius
1770 1202 1815 1235 de
1837 1213 1939 1234 mane
1969 1201 2056 1234 hora
2078 1201 2180 1246 quasi
2207 1213 2301 1234 nona

433 1271 490 1304 vel
509 1271 652 1304 circiter
673 1270 708 1302 in
730 1270 888 1315 parvisio
906 1269 1061 1301 ecclesie
1079 1268 1296 1301 Parisiensis
1313 1269 1407 1301 circa
1425 1268 1582 1301 medium
1601 1269 1782 1301 sermonis
1799 1268 1933 1301 ibidem
1955 1268 2046 1301 facte
2062 1268 2106 1301 ad
2127 1267 2301 1313 populum

434 1350 540 1379 anno,
563 1337 782 1378 indiccione,
800 1348 939 1377 mense,
962 1336 1033 1375 die,
1058 1335 1280 1380 pontificatu,
1304 1335 1384 1368 loco
1407 1342 1442 1368 et
1462 1335 1548 1368 hora
1570 1335 1758 1380 predictis,
1781 1335 2015 1380 presentibus
2031 1334 2302 1368 venerabilibus

435 1412 469 1437 et
496 1404 665 1437 discretis
686 1404 774 1436 viris
796 1410 831 1435 et
852 1403 1009 1435 dominis
1036 1402 1234 1435 Amblardo
1257 1391 1472 1435 de.Mirolio
1493 1402 1667 1435 canonico
1689 1402 1899 1443 Parisiensi,
1922 1401 2111 1447 Radulpho
2132 1402 2177 1434 de
2192 1402 2303 1435 Veni-

435 1471 539 1511 zello,
560 1470 723 1504 Johanne
751 1470 795 1502 de
825 1470 951 1502 Sancta
981 1470 1097 1502 Cruce
1126 1468 1364 1514 presbyteris,
1392 1469 1523 1503 Colino
1549 1469 1694 1502 Charon
1722 1469 1862 1502 notario
1889 1468 2090 1514 apostolico
2118 1475 2154 1501 et
2179 1480 2303 1513 quam-

437 1538 604 1583 plurimis
626 1537 706 1570 aliis
728 1536 882 1569 testibus
903 1536 946 1569 ad
970 1536 1146 1581 premissa
1167 1536 1304 1569 vocatis
1326 1536 1535 1580 specialiter
1555 1542 1591 1568 et
1610 1536 1760 1581 rogatis.

527 1606 614 1637 ltem
645 1604 780 1636 eisdem
811 1615 917 1642 anno,
948 1603 1166 1644 indiccione,
1192 1602 1402 1648 pontificatu
1432 1602 1565 1647 quibus
1594 1614 1714 1648 supra,
1743 1603 1802 1636 die
1830 1603 2010 1636 dominica
2031 1603 2305 1636 vicesimasexta

440 1671 575 1703 mensis
598 1670 820 1715 Septembris
849 1670 884 1702 in
911 1669 1171 1702 venerabilium
1196 1676 1230 1702 et
1257 1669 1592 1715 circonspectorum
1613 1669 1774 1703 virorum
1796 1670 2052 1714 magistrorum
2080 1676 2115 1702 et
2139 1669 2306 1702 domino-

440 1750 517 1770 rum
547 1737 722 1770 Johannis
752 1737 893 1770 Caverii
926 1737 1078 1769 rectoris
1110 1736 1366 1769 Universitatis
1403 1737 1514 1769 studii
1552 1737 1782 1777 Parisiensis,
1813 1736 1989 1770 Johannis
2014 1736 2162 1777 Trelon,
2194 1736 2307 1769 Eveni

444 1806 551 1848 Boyc,
574 1803 748 1836 ι10113111115
769 1803 938 1837 Columbi
965 1803 1001 1835 in
1023 1803 1204 1848 theologia
1227 1803 1498 1848 magistrorum,
1522 1803 1698 1836 Johannis
1719 1803 1949 1836 Baudouardi
1971 1803 2199 1836 decretorum
2222 1802 2308 1836 doc-

445 1871 545 1911 toris,
564 1870 745 1904 Guidonis
767 1870 930 1910 Guarini,
953 1869 1129 1902 Johannis
1150 1869 1193 1902 de
1216 1869 1353 1903 Salecia
1376 1870 1413 1902 in
1435 1870 1612 1903 medicina
1634 1870 1904 1915 magistrorum,
1925 1869 2100 1903 Johannis
2120 1869 2308 1915 Pasquerii

444 1937 524 1969 loco
548 1937 708 1977 Francie,
731 1936 906 1969 Johannis
928 1936 971 1969 de
994 1936 1129 1969 Zondis
1150 1936 1230 1969 loco
1253 1937 1430 1978 Picardie,
1457 1936 1651 1970 Guillermi
1672 1937 1898 1981 Carpentarii
1925 1937 2131 1976 Normanie,
2159 1943 2194 1969 et
2220 1937 2308 1969 Ber-

445 2003 559 2036 tholdi
587 2003 630 2036 de
651 2003 828 2036 Alcmaria
850 2003 1050 2048 Anglicane
1083 2003 1273 2035 nacionum
1304 2010 1593 2048 procuratorum,
1621 2004 1658 2036 in
1682 2003 1810 2036 artium
1840 2003 2007 2036 facultate
2036 2003 2307 2048 magistrorum,

446 2070 756 2115 plurimorumque
788 2069 940 2102 aliorum
970 2070 1158 2102 doctorum
1187 2077 1221 2102 et
1249 2070 1505 2115 magistrorum
1611 2070 1800 2115 presencia
1827 2070 2069 2115 personaliter
2089 2070 2308 2103 constitutus

445 2137 617 2182 magister
635 2136 818 2169 Johannes
840 2137 930 2177 Ade,
953 2136 1125 2177 Jacobita,
1150 2137 1186 2169 in
1204 2136 1387 2182 theologia
1409 2137 1582 2182 magister
1675 2137 1849 2182 prefatum
1873 2149 2035 2170 errorum
2059 2149 2207 2170 suorum
2228 2144 2310 2181 pre-

446 2204 622 2236 dictorum
645 2203 891 2236 revocacionis
913 2203 1069 2236 rotulum
1099 2203 1135 2235 in
1156 2203 1279 2236 verbis
1311 2203 1453 2249 gallicis
1486 2204 1658 2249 scriptum
1756 2203 1823 2237 alta
1850 2211 1884 2236 et
1912 2203 2134 2248 intelligibili
2154 2215 2243 2236 voce
2264 2203 2308 2235 de

447 2269 556 2302 verbo
573 2270 617 2302 ad
632 2269 781 2302 verbum
800 2270 928 2314 legit...
947 2270 1035 2302 Acta
1055 2270 1202 2302 suerunt
1222 2270 1287 2303 hec
1309 2270 1459 2303 multum
1477 2270 1731 2315 sollempniter
1747 2270 1907 2304 Parisius
1924 2270 1968 2303 de
1986 2282 2088 2303 mane
2102 2269 2189 2302 hora
2206 2269 2309 2314 quasi

449 2348 540 2368 nona
561 2336 617 2368 vel
639 2336 781 2368 circiter
802 2337 838 2368 in
859 2336 1016 2369 claustro
1045 2337 1164 2370 Sancti
1187 2337 1358 2370 Honorati
1381 2349 1494 2382 prope
1515 2343 1671 2370 castrum
1694 2337 1816 2382 regale
1838 2337 1882 2369 de
1904 2338 2042 2381 Lupara
2063 2343 2145 2381 post
2171 2348 2310 2369 sermo-

450 2414 529 2434 nem
557 2402 689 2434 ibidem
715 2403 842 2435 sactum
874 2403 918 2435 ad
948 2403 1121 2447 populum
1149 2416 1256 2445 anno,
1286 2403 1504 2443 indiccione,
1536 2415 1674 2444 mense,
1704 2403 1774 2444 die,
1806 2403 1900 2444 loco,
1928 2403 2136 2448 pontificatu
2162 2409 2197 2435 et
2223 2402 2310 2435 hora

451 2468 634 2512 predictis,
659 2469 890 2512 presentibus
906 2469 1178 2503 venerabilibus
1199 2477 1234 2503 et
1255 2470 1424 2503 discretis
1441 2470 1530 2503 viris
1547 2470 1708 2503 Goberto
1726 2470 1887 2502 Bimardi
1905 2470 2078 2514 magistro
2099 2470 2136 2501 in
2157 2469 2310 2511 artibus,

450 2534 605 2578 Symone
629 2535 800 2567 Bourdon
821 2535 898 2568 cive
927 2536 1135 2577 Parisiensi,
1161 2536 1324 2570 Johanne
1348 2537 1559 2570 Tancomari
1587 2537 1726 2569 notario
1750 2536 1935 2570 Castelleti
1962 2536 2191 2576 Parisiensis,
2214 2536 2311 2570 Gau-

451 2599 603 2632 deffrido
634 2601 776 2632 Morelli
807 2613 845 2633 30
875 2601 1036 2634 Johanne
1072 2604 1213 2636 Danton
1243 2604 1391 2648 juniore
1424 2603 1574 2636 notariis
1609 2602 1819 2648 apostolicis
1856 2609 1891 2635 et
1926 2602 2201 2647 quamplurimis
2230 2602 2311 2636 aliis

450 2666 606 2698 testibus
627 2667 670 2699 ad
692 2667 866 2711 premissa
888 2669 1022 2701 vocatis
1044 2669 1250 2713 specialiter
1270 2677 1306 2703 et
1327 2670 1474 2715 rogatis.

540 2734 583 2765 Et
611 2744 680 2777 ego
709 2733 890 2766 Johannes
923 2734 1100 2768 Cardonis
1132 2736 1176 2768 de
1212 2737 1390 2777 Craonna,
1420 2736 1609 2781 presbyter
1635 2735 1867 2769 Laudunens.
1894 2736 2011 2780 dyoc.,
2046 2748 2138 2782 mag.
2166 2737 2202 2769 in
2230 2743 2311 2778 art.,
2354 2746 2358 2749 '

452 2798 620 2843 publicus
641 2799 849 2832 auctoritate
871 2800 1067 2844 apostolica
1089 2814 1127 2834 30
1150 2802 1326 2847 imperiali
1348 2803 1523 2843 notarius,
1546 2808 1609 2836 etc.

545 2879 599 2902 Duo
615 2878 755 2909 originalia
770 2879 796 2902 in
812 2879 888 2903 Arch.
909 2884 961 2903 nat.
979 2881 1062 2904 Paris.
1079 2882 1112 2904 M.
1128 2881 1184 2907 67¹³.
1199 2882 1232 2905 115³
1247 2884 1275 2906 571
1291 2886 1314 2906 et
1328 2885 1366 2906 55.
1382 2896 1412 2900 —
1426 2883 1494 2910 Bul..
1508 2883 1549 2908 lV.
1565 2883 1679 2906 641-647.
