2488 3386
225 336 319 373 1385]
643 350 687 371 AB
722 351 827 372 ANNO
862 350 992 372 MCCCL
1026 350 1157 378 USQUE
1193 351 1241 371 AD
1277 350 1541 372 armeniorum
1577 352 1666 373 xm.
2017 342 2081 373 389

219 424 401 452 recordatur:
418 425 517 450 tamen
535 424 609 450 bene
623 424 675 450 scit
689 425 769 457 quod
785 424 895 450 audivit
914 424 969 450 dici
990 424 1117 457 predicta
1141 432 1156 449 a
1180 424 1315 456 predictis
1334 426 1398 457 post
1419 425 1531 450 dictum
1553 425 1710 457 jubileum,
1726 426 1856 451 videlicet
1880 426 1951 451 circa
1977 426 2081 452 festum

219 472 376 498 Nativitatis
391 472 519 499 Domini.
536 473 701 506 Requisitus
720 473 741 498 si
762 473 911 499 licenciare
925 472 1054 505 aliquem
1070 472 1130 498 sine
1146 474 1211 498 voto
1233 474 1261 497 et
1282 473 1463 506 deposicione
1486 474 1692 506 magistrorum
1708 476 1750 499 est
1765 476 1864 499 contra
1885 474 2079 506 privilegium,

219 529 306 546 usum
322 523 350 547 et
365 521 456 546 ritum
472 521 678 549 Universitatis.
696 521 787 547 credit
806 521 886 554 quod
905 521 953 548 sic.
970 522 998 546 et
1018 521 1095 546 istud
1116 521 1239 547 habetur
1258 529 1311 554 pro
1333 522 1447 547 notorio
1469 522 1499 546 in
1515 522 1713 547 Universitate.
1731 522 1895 555 Requisitus
1907 523 1928 548 si
1944 523 2004 551 scit,
2021 530 2081 556 quo

219 571 303 595 motu
318 569 412 595 dictus
427 570 612 595 cancellarius
631 570 685 595 hoc
707 569 781 599 fecit,
798 569 871 595 dixit
894 577 922 595 se
943 569 1064 598 nescire;
1082 571 1181 595 tamen
1202 570 1256 594 suit
1280 570 1356 595 mala
1380 570 1516 602 suspiccio
1536 572 1564 595 et
1588 570 1756 595 scandalum
1777 572 1894 603 propter
1908 571 1963 596 hoc
1981 573 2082 596 contra

218 618 316 651 ipsum
331 618 535 644 cancellarium
550 619 579 644 in
595 618 794 644 Universitate.

308 667 380 693 Item
396 675 482 700 super
497 667 565 699 xlvj‘²
584 667 656 692 dixit
674 675 777 693 verum
799 675 856 693 esse
879 669 1027 700 quantum
1051 667 1087 692 ad
1111 667 1236 696 clericos,
1258 667 1327 700 quia
1349 667 1523 692 multociens
1543 667 1652 692 audivit
1676 667 1727 692 sibi
1752 669 1780 693 et
1804 668 1919 693 scientie
1940 669 2082 701 theologie

218 716 410 748 improperari
425 723 475 749 per
488 716 603 741 clericos
619 716 758 741 seculares
773 718 801 742 et
816 716 970 749 religiosos.
987 716 1109 742 dicendo
1122 716 1202 749 quod
1222 716 1342 741 sciencia
1361 716 1520 748 theologica
1544 724 1595 749 pre
1614 716 1713 741 ceteris
1734 716 1861 742 scienciis
1882 719 1941 742 crat
1967 718 2080 746 venalis,

219 766 316 790 totum
331 765 386 790 hoc
401 765 527 790 dicentes
539 766 659 797 propter
671 765 781 790 sactum
799 765 971 794 cancellarii,
986 765 1037 798 qui
1058 765 1177 790 nullum
1193 764 1367 790 admittebat
1382 765 1416 790 ad
1432 765 1557 797 gradum
1573 765 1689 790 licencie
1704 765 1764 790 sine
1786 765 1939 797 peccuniis,
1957 768 1988 790 ut
2003 766 2080 791 ‹lice-

218 813 297 839 bant.
316 813 527 846 Subjungendo
542 813 622 846 quod
637 815 698 839 erat
712 813 885 839 derisorium
900 815 928 839 et
943 814 1154 843 scandalosum,
1171 814 1251 847 quod
1274 813 1402 846 theologi
1422 814 1600 846 predicantes
1621 815 1721 839 contra
1743 814 1893 839 avariciam
1918 816 1945 839 et
1967 815 2081 847 cupidi-

217 863 319 891 tatem,
336 863 455 895 propter
470 862 622 887 avariciam
637 862 861 888 assumebantur
876 863 911 888 ad
928 863 1053 895 gradum
1069 862 1188 888 sciencie
1204 862 1357 895 theologie.
1375 862 1539 895 Requisitus
1554 862 1605 887 uhi
1619 862 1739 890 audivit,
1757 862 1875 895 quando
1891 864 1919 888 et
1931 870 1947 887 a
1962 863 2079 896 quibus.

216 910 289 936 dixit
303 911 381 943 quod
397 910 428 936 in
445 911 559 937 ecclesia
581 910 676 937 Sancti
695 911 815 937 Victoris
834 912 945 937 audivit
966 912 1021 937 dici
1039 919 1054 937 a
1074 913 1271 937 conservatore
1290 911 1508 944 privilegiorum
1521 911 1719 937 Universitatis
1733 913 1761 937 et
1777 919 1792 936 a
1807 912 1945 944 magistro
1960 912 2082 938 Henrico

217 958 327 986 Beveffl.
344 959 461 985 doctore
475 959 506 985 in
521 960 652 989 decretis,
669 960 705 985 ab
720 960 835 986 officiali
858 960 1006 986 Parisiensi
1021 962 1049 986 et
1064 968 1080 985 a
1095 960 1228 993 pluribus
1243 960 1313 989 aliis,
1328 960 1362 985 de
1378 968 1507 993 quorum
1530 960 1700 985 nominibus
1723 967 1782 985 non
1808 960 1984 989 recordatur,
2001 962 2029 986 et
2053 961 2081 985 in

216 1008 351 1041 pluribus
366 1008 428 1033 aliis
442 1008 511 1034 locis
525 1010 554 1034 et
568 1008 685 1034 diversis
700 1009 855 1034 vicibus...

304 1056 385 1091 lxxij.
407 1058 480 1083 Item
505 1057 644 1083 Nmomns
668 1065 704 1082 m:
729 1058 933 1086 Moumcunu,
957 1058 1113 1083 canonicus
1136 1057 1276 1090 regularis
1298 1057 1414 1083 Ordinis
1438 1058 1534 1083 Sancti
1556 1058 1722 1090 Augustini,
1749 1058 1884 1090 magister
1906 1058 1936 1083 in
1961 1059 2080 1086 artibus.

216 1105 336 1131 studens
352 1106 473 1132 Parisius
488 1106 518 1131 in
534 1106 688 1139 theologia.
705 1106 741 1132 de
757 1107 877 1132 nacione
892 1107 911 1132 F
914 1107 1019 1136 rancie.
1037 1106 1120 1132 etatis
1135 1107 1208 1139 xxvij
1223 1114 1370 1132 annorum
1387 1107 1429 1132 vel
1445 1107 1527 1135 circa.
1544 1107 1783 1139 interrogatus...

308 1185 385 1208 Arcb.
400 1185 458 1208 Vat.
474 1185 581 1208 Collect.
595 1189 624 1208 n⁰
636 1186 690 1214 440,
709 1186 753 1209 fol.
771 1186 866 1208 79-146.
882 1186 982 1209 Desunt
996 1194 1064 1208 nunc
1082 1185 1171 1216 aliqua
1189 1185 1251 1208 folia
1269 1189 1327 1208 aute
1342 1186 1385 1208 sol.
1403 1186 1439 1210 79.
1460 1194 1525 1216 quae
1545 1185 1613 1208 inter
1628 1185 1679 1208 alia
1698 1185 1875 1216 depositiones
1893 1186 2081 1216 magistrorum

216 1232 329 1260 quatuor
342 1229 462 1260 priorum
478 1229 654 1253 continebant.

310 1296 332 1319 1.
348 1296 396 1319 Ms.
411 1304 416 1318 ·.
434 1306 446 1318 α
462 1296 703 1327 anticipaticipatus
723 1306 746 1320 u.
762 1311 791 1314 —-
816 1298 838 1321 2.
861 1297 909 1320 Ms.
926 1305 931 1320 ;
949 1307 961 1318 «
980 1297 1137 1328 quibusdem
1158 1306 1179 1323 »,
1198 1300 1226 1319 ut
1244 1296 1343 1327 pluries
1364 1296 1427 1319 alibi
1450 1296 1475 1318 in
1499 1304 1547 1318 mS.
1570 1310 1600 1314 —
1621 1297 1642 1319 3.
1668 1297 1726 1319 Fuit
1746 1297 1809 1320 Ord.
1829 1297 1934 1319 Eremit.
1960 1298 1984 1319 S.
2006 1298 2081 1328 Augu,

215 1339 303 1362 licent.
318 1348 359 1363 an.
377 1340 437 1363 1383
451 1341 531 1369 (1384)
551 1349 563 1363 e
578 1341 665 1364 Catal.
684 1341 775 1365 licent.
792 1343 838 1364 An.
857 1342 928 1370 1411,
947 1342 1018 1372 Sept.
1034 1342 1070 1370 19,
1087 1341 1228 1372 episcopus
1251 1341 1413 1372 Hipponens.
1430 1341 1502 1371 (Reg.
1521 1341 1578 1364 Vat.
1598 1341 1652 1364 Lat.
1669 1341 1729 1364 Joh.
1752 1341 1840 1368 XXIII,
1857 1349 1900 1364 an.
1922 1342 1943 1367 2,
1970 1341 2080 1365 prm-is..

217 1384 261 1407 fol.
278 1384 341 1414 162).
358 1398 389 1402 —
408 1385 431 1407 4.
454 1385 490 1407 De
508 1393 558 1416 quo
579 1384 604 1407 in
631 1385 768 1413 Chartul.,
786 1386 808 1408 II
823 1389 848 1408 et
864 1386 908 1409 111.
926 1398 957 1403 —·
976 1388 998 1409 5.
1022 1386 1125 1414 Baluze,
1153 1385 1204 1410 Vit.
1227 1392 1293 1415 pap.
1317 1387 1415 1413 Amen„
1433 1386 1453 1414 1,
1474 1386 1542 1413 1320,
1565 1388 1593 1408 ut
1613 1385 1690 1407 etiam
1710 1385 1872 1413 Ciacconius,
1896 1386 2079 1416 praetendunt,

216 1428 321 1451 Petrum
339 1429 370 1452 de
385 1439 396 1450 n
414 1429 594 1460 Lucemborgh
612 1439 625 1451 n
643 1430 808 1452 solummodo
824 1438 865 1453 an.
884 1431 952 1457 1386,
972 1438 1060 1453 mense
1078 1430 1171 1461 Aprili,
1189 1431 1285 1452 suctum
1304 1438 1361 1452 esse
1379 1429 1549 1452 cardinalem.
1566 1430 1640 1456 Quod
1657 1438 1703 1460 per
1719 1429 1840 1460 superius
1857 1430 1926 1452 dicta
1942 1431 2079 1458 refutatur,

215 1481 274 1495 cum
289 1481 331 1496 an.
350 1473 420 1504 1385,
437 1473 509 1501 Julii,
525 1474 673 1497 nominetur
689 1474 843 1498 cardinalis.
857 1475 955 1498 Revera
970 1478 1057 1497 tamen
1070 1474 1124 1505 jam
1142 1483 1184 1498 an.
1202 1475 1271 1502 1384,
1288 1474 1370 1505 April.
1386 1475 1413 1496 15
1425 1475 1524 1502 (contra
1541 1474 1691 1502 ConteloriJ,
1706 1474 1849 1496 cardinalis
1866 1475 1938 1497 Rom.
1955 1474 2079 1497 ecclesiae

215 1520 318 1540 creatus
334 1521 382 1547 est,
398 1526 457 1540 cum
480 1518 527 1541 hoc
550 1518 669 1542 Clemens
690 1519 736 1541 Vll
757 1519 783 1541 in
804 1519 877 1541 bulla
899 1519 1015 1549 ejusdem
1036 1519 1162 1550 temporis
1184 1522 1268 1546 notae,
1286 1527 1336 1549 qua
1352 1518 1607 1541 administrationem
1623 1519 1686 1541 eccl.
1710 1519 1817 1541 Metens.
1839 1519 1914 1541 Petro
1931 1518 2078 1545 committit,

217 1561 287 1585 dicat
302 1562 374 1593 (Reg.
391 1563 436 1585 Av.
454 1563 533 1585 Clem.
551 1563 604 1594 Vll,
617 1564 668 1586 vol.
686 1564 759 1590 XXX,
777 1564 821 1586 sol.
833 1564 898 1593 424).
915 1565 961 1586 An.
977 1564 1036 1586 1386
1052 1567 1162 1592 tantum,
1177 1564 1237 1586 Jun.
1252 1564 1275 1592 4.
1292 1563 1391 1585 curiam
1407 1563 1526 1591 intravit,
1541 1566 1565 1585 et
1580 1563 1618 1585 tit.
1634 1563 1660 1586 S.
1672 1563 1777 1593 Georgii
1794 1563 1827 1585 ad
1842 1563 1897 1585 vel.
1911 1564 1971 1586 Aur.
1984 1563 2082 1594 recepit

216 1606 377 1635 (Conte101·i);
391 1615 432 1629 an.
450 1607 518 1635 1387,
535 1607 587 1630 Jul.
605 1609 628 1635 5,
642 1607 716 1630 obiit.
731 1608 777 1630 An.
795 1608 865 1636 1384,
881 1607 957 1631 Febr.
973 1608 1009 1635 10,
1025 1616 1083 1630 cuni
1099 1610 1168 1630 esset
1181 1607 1324 1631 archidiac.
1339 1608 1462 1630 Drocens.
1475 1607 1500 1629 in
1513 1607 1575 1630 eccl.
1592 1608 1708 1634 Curnot.,
1726 1608 1809 1630 sactus
1823 1610 1862 1630 est
1877 1607 1957 1638 episc.
1973 1607 2080 1630 Metens.

217 1651 290 1681 (Reg.
306 1652 352 1674 Av.
369 1651 449 1674 Clem.
466 1652 521 1680 Vll,
536 1652 588 1676 vol.
606 1652 692 1680 XXXI,
709 1653 724 1676 f.
742 1652 822 1680 161b).
845 1665 876 1669 —
890 1653 913 1675 6.
930 1653 977 1675 Ms.
995 1662 1007 1673 (ε
1025 1652 1068 1682 xiij
1083 1662 1106 1677 ι).
1123 1655 1148 1675 et
1163 1652 1210 1681 sic,
1229 1660 1332 1683 semper
1350 1652 1456 1682 dempto
1472 1660 1532 1681 uno,
1548 1651 1727 1682 prosequitur.
1745 1665 1771 1669 —-
1789 1653 1811 1674 7.
1829 1652 1877 1675 Ms.
1894 1660 1898 1674 :
1916 1662 1928 1673 «ι
1946 1652 2039 1682 legerit
2059 1661 2081 1675 »-

216 1708 246 1712 -
261 1696 284 1718 8.
298 1696 347 1718 Ms.
363 1704 369 1719 :
389 1704 400 1718 «
416 1695 463 1718 illa
478 1696 519 1719 die
533 1699 584 1719 met
601 1704 623 1720 ι).
637 1710 668 1714 -
680 1698 703 1721 9,
720 1697 767 1720 Ms.
785 1704 789 1719 z
806 1707 817 1717 υ
836 1705 893 1720 eum
908 1706 929 1720 ».
947 1711 976 1713 —
992 1697 1029 1720 10.
1046 1697 1095 1720 Ms.
1111 1705 1117 1720 :
1135 1696 1321 1728 «loquendi».
1333 1710 1363 1713 ——
1375 1697 1412 1719 11.
1426 1697 1445 1719 Ι.
1460 1705 1481 1719 e.
1501 1696 1696 1719 cancellarium.
1710 1709 1740 1713 -—
1762 1697 1795 1719 12.
1811 1697 1877 1727 Lege
1893 1706 1905 1717 «
1922 1697 2043 1727 repulsus
2058 1706 2080 1718 n.

216 1753 246 1757 --
262 1740 298 1763 13.
317 1740 364 1763 MS.
388 1748 393 1763 z
412 1749 422 1762 ι(
439 1741 538 1763 Treron
557 1749 579 1764 ι).
597 1754 627 1758 -
649 1741 687 1764 14.
703 1741 824 1772 Gregorii
842 1741 874 1764 IX
896 1741 921 1764 in
938 1741 1011 1764 bulla
1028 1741 1138 1766 Parens
1153 1742 1349 1766 scientiarum.
1368 1755 1397 1757 —
1419 1741 1457 1763 15.
1474 1741 1606 1763 Johannes
1623 1741 1654 1763 de
1670 1740 1810 1763 Florentia.
1833 1754 1862 1757 —
1881 1741 1918 1763 16.
1935 1741 1982 1763 Ms.
1999 1749 2004 1763 ι
2023 1750 2033 1762 «
2051 1741 2082 1763 de

217 1784 354 1807 Tremedia
369 1792 391 1808 ι).
408 1798 436 1802 -
454 1785 492 1808 17.
506 1785 553 1810 Ms.
573 1793 577 1808 τ
597 1794 608 1808 (ι
622 1785 753 1808 obtentem
771 1794 791 1808 ».
805 1799 836 1803 —-
851 1786 888 1808 18.
905 1786 1034 1814 An.1383‚
1051 1786 1188 1808 Februarii
1207 1786 1244 1809 11.
1262 1799 1290 1802 —
1309 1786 1346 1809 19.
1363 1786 1410 1808 Ms.
1427 1785 1489 1808 add.
1502 1795 1514 1806 α
1527 1785 1578 1807 sibi
1593 1795 1614 1808 n.
1628 1799 1657 1802 —
1673 1786 1711 1808 20.
1728 1785 1778 1812 Qui
1793 1785 1872 1807 etiam
1888 1785 1950 1808 Ord.
1970 1786 2081 1808 Carmel.

218 1828 274 1851 fuit.
291 1828 347 1852 Vid.
364 1829 433 1851 infra
448 1832 540 1852 testem
561 1830 600 1853 67.
626 1844 651 1847 —
669 1831 707 1853 21.
726 1831 773 1854 Ms.
794 1838 799 1853 :
817 1840 829 1851 «
846 1830 892 1853 illo
908 1839 975 1853 anno
991 1834 1044 1853 met
1059 1839 1081 1853 ι).
1097 1844 1126 1847 -
1143 1831 1181 1853 22.
1198 1831 1245 1853 Ms.
1264 1830 1325 1853 add.
1348 1839 1360 1850 α
1377 1830 1398 1853 si
1416 1839 1437 1853 n.
1459 1843 1488 1847 —-
1504 1830 1541 1852 2-3.
1565 1830 1640 1853 Certe
1661 1838 1742 1860 supra
1765 1829 1853 1860 agitur
1871 1830 1901 1852 de
1919 1830 2082 1853 revocatione

217 1873 353 1903 cujusdam
368 1873 557 1904 propositionis
573 1874 604 1897 de
619 1874 793 1905 Conceptione
811 1875 840 1897 B.
855 1874 981 1905 Virginis,
998 1883 1056 1897 cum
1067 1874 1121 1905 jam
1138 1883 1179 1898 an.
1197 1875 1266 1901 1384,
1282 1875 1343 1897 .]ιιιι.
1361 1874 1497 1897 23-Oct0b.
1514 1875 1543 1896 10
1556 1874 1703 1905 propositio
1719 1874 1814 1896 similis
1830 1874 1855 1896 in
1874 1874 1986 1896 comitiis
2002 1882 2081 1904 gene-

216 1917 318 1940 ralibus
329 1917 514 1941 Universitatis
528 1918 650 1941 damnata
661 1922 738 1941 esset.
754 1918 810 1941 Vid.
822 1919 1008 1947 Bulaeum,1V,
1022 1920 1074 1941 599.
1089 1919 1187 1941 Nomen
1199 1919 1390 1941 Praedicatoris
1405 1919 1606 1949 ignoramus.—
1617 1919 1656 1941 24.
1670 1919 1689 1941 1.
1701 1927 1723 1941 e.
1737 1918 1865 1941 fraudem.
1878 1932 1903 1935 —
1917 1918 1954 1941 25.
1968 1918 2080 1940 Verbum

218 1963 358 1984 formatum
374 1970 388 1984 a
404 1962 483 1985 verbo
498 1962 597 1986 Gallico
618 1973 630 1984 «
645 1966 761 1993 tromper
775 1972 797 1989 n,
819 1963 836 1985 i.
854 1971 877 1986 e.
893 1963 1021 1994 decipere.
1042 1977 1072 1980 —
1095 1964 1132 1986 26.
1158 1963 1206 1986 Ms.
1224 1971 1228 1985 1
1246 1973 1258 1984 «
1275 1963 1371 1986 mensit
1387 1973 1408 1986 ».
1432 1963 1568 1986 Caeterum
1592 1962 1721 1993 depositio
1740 1971 1789 1985 non
1814 1962 1919 1984 omnino
1942 1962 2082 1985 concordat

217 2014 276 2028 cum
292 2006 454 2037 depositione
469 2006 543 2030 testis
560 2007 621 2035 132⁵⁵‚
637 2016 664 2038 p.
678 2007 733 2030 371.
745 2021 776 2025 —
789 2008 827 2030 27.
844 2008 863 2030 Ι.
878 2016 900 2031 e.
917 2008 1003 2036 Bucrt,
1020 2016 1065 2030 seu
1082 2008 1186 2031 Bahert.
1204 2022 1234 2024 —
1250 2008 1287 2030 28.
1308 2008 1456 2038 Respondet
1473 2009 1524 2030 sere
1540 2011 1569 2030 ut
1583 2008 1649 2030 alter
1671 2007 1817 2033 familiariS,
1836 2007 1909 2029 testis
1927 2008 1963 2032 52,
1980 2007 1996 2029 i.
2011 2015 2032 2029 e.
2054 2014 2081 2029 se

218 2050 283 2073 nihil
299 2050 374 2078 scire,
391 2059 418 2073 se
433 2059 483 2073 non
499 2051 640 2079 recordari,
656 2054 704 2074 etc.
720 2065 747 2068 —
762 2052 799 2074 29.
815 2051 974 2074 Licentiatus
990 2051 1016 2074 in
1034 2051 1114 2075 theol.
1130 2060 1172 2074 un.
1190 2052 1251 2074 1380
1270 2052 1349 2080 (1381)
1363 2060 1375 2074 e
1393 2052 1481 2075 Catal.
1498 2052 1601 2080 licent.,
1616 2051 1660 2073 ubi
1679 2055 1764 2074 tamen
1780 2059 1919 2081 perperam
1935 2050 2059 2073 scribitur
2074 2058 2078 2073 ς

218 2102 229 2117 (ι
243 2094 375 2118 Johannes
392 2094 464 2118 Colet
482 2095 649 2123 Victorinus,
662 2095 779 2125 suprior
792 2095 819 2118 B.
834 2095 914 2118 Marie
930 2096 961 2118 de
977 2096 1110 2118 Chai-itate
1125 2105 1145 2118 υ.
1159 2096 1292 2118 Johannes
1307 2096 1355 2118 suit
1368 2096 1495 2127 magister
1510 2095 1640 2126 generalis
1655 2097 1766 2118 fratrum
1782 2095 1952 2126 hospitalium
1968 2095 1999 2118 de
2015 2095 2081 2117 Chn-

217 2138 294 2162 ritate
311 2139 340 2162 B.
357 2139 463 2168 Mariae,
480 2139 543 2162 Ord.
561 2140 587 2162 S.
605 2140 680 2170 Aug.,
699 2140 742 2170 qui
759 2140 828 2163 Ordo
846 2140 870 2162 in
887 2140 936 2162 fine
950 2148 1017 2163 saec.
1036 2148 1084 2163 χιιι
1103 2140 1221 2163 initiatus
1239 2143 1288 2163 est.
1306 2141 1415 2163 Parisiis
1434 2141 1539 2163 domum
1561 2140 1586 2163 in
1604 2140 1659 2163 vico
1676 2140 1706 2162 de
1721 2139 1837 2163 Jardinis
1859 2139 1883 2162 in
1900 2139 1958 2170 ripa
1976 2140 2080 2161 dextera

220 2183 349 2214 possedit,
365 2186 390 2206 et
401 2185 494 2206 fratres
511 2184 559 2206 sub
578 2184 681 2206 nomine
696 2184 817 2208 Billettes
833 2184 886 2207 noti
898 2187 972 2207 erant
986 2184 1048 2213 (vid.
1065 2185 1190 2211 Fe'libien,
1207 2184 1278 2208 Hisc.
1289 2186 1322 2208 cle
1336 2184 1431 2211 Paris,
1449 2185 1467 2212 l,
1486 2186 1545 2212 45&
1560 2185 1604 2211 111,
1621 2185 1678 2211 296ς
1694 2185 1731 2207 Du
1745 2184 1831 2211 Breul,
1847 2184 1883 2207 Le
1898 2184 2015 2212 che'dtre,
2031 2186 2078 2206 etc.

218 2227 322 2257 (Paris.‚
339 2228 418 2257 1639),
432 2236 458 2259 p.
476 2228 649 2256 728;.1uillot,
662 2229 839 2260 Reclzerches,
854 2231 902 2252 etc.
923 2237 927 2251 :
947 2229 1080 2254 Quartier
1095 2229 1122 2252 S.
1138 2230 1234 2256 Avoie,
1253 2229 1296 2259 ΙΙΙ,
1310 2229 1354 2256 13;
1374 2229 1475 2260 Helyot,
1488 2229 1560 2253 Hist.
1571 2230 1617 2253 des
1635 2229 1734 2252 Ordres
1752 2228 1855 2256 (Pau-is„
1870 2228 1938 2256 1715,
1956 2228 2000 2255 ΙΙΙ,
2018 2229 2080 2257 395).

217 2285 245 2290 -
263 2273 300 2294 30.
318 2272 406 2295 Civem
424 2272 532 2295 divitem
548 2272 642 2299 Paris..
659 2272 745 2295 Caroli
762 2272 831 2303 regis
850 2272 1031 2302 secretarium,
1046 2273 1090 2304 qui
1106 2273 1131 2295 in
1149 2273 1213 2296 eccl.
1233 2273 1259 2295 S.
1275 2273 1403 2296 Johunnis
1422 2273 1453 2295 de
1467 2273 1562 2297 Gravia
1579 2273 1708 2304 capellam
1728 2272 1753 2294 in
1772 2273 1896 2295 honorem
1912 2272 1938 2295 b.
1955 2271 2080 2303 VirginiS‚

217 2316 243 2339 b.
257 2316 437 2347 Margarethae
456 2320 481 2339 et
500 2317 525 2340 b.
543 2317 638 2340 Yvonis
660 2317 780 2340 fundavit
797 2318 868 2348 (ch.
887 2318 945 2340 vat.
965 2317 1045 2340 Clem.
1062 2317 1115 2345 VII,
1133 2322 1161 2340 ιιο
1176 2318 1229 2345 297,
1250 2318 1267 2340 s.
1286 2319 1324 2345 38,
1344 2318 1376 2340 ad
1396 2326 1438 2340 an.
1459 2318 1527 2345 1385,
1544 2317 1683 2346 Deceinb.).
1701 2331 1731 2334 -—
1749 2317 1786 2340 31.
1803 2318 1835 2339 At
1852 2317 1967 2339 Hei-reus
1984 2317 2080 2339 Sulven

218 2361 253 2391 (p.
270 2362 324 2389 380,
340 2364 399 2384 test.
415 2362 454 2390 42)
470 2361 631 2384 contrarium
647 2361 777 2392 deposuit,
795 2362 851 2384 scil.
871 2370 921 2384 non
938 2362 1109 2384 intervenisse
1124 2365 1240 2393 paetum.
1256 2376 1286 2378 —
1301 2363 1338 2384 32.
1359 2362 1409 2385 Seu
1425 2362 1536 2385 Ursinus
1554 2362 1584 2385 de
1605 2362 1759 2389 Talcvende,
1783 2361 1892 2392 Collegii
1914 2360 2078 2388 llarcuriani,

217 2405 261 2436 qui
277 2413 345 2428 saec-
363 2412 401 2429 xv
416 2406 557 2436 quamdam
578 2408 674 2428 famam
691 2406 840 2437 acquisivit.
858 2406 915 2429 Vid.
932 2406 1058 2437 Bouquet.
1076 2406 1209 2430 L'ancien
1225 2406 1330 2437 Colleye
1345 2406 1528 2434 &Hm-court,
1545 2415 1572 2437 p.
1590 2407 1633 2429 112
1650 2415 1707 2437 sqq.
1726 2406 1884 2429 Licentiatus
1901 2409 1940 2428 est
1956 2405 1981 2427 in
2000 2405 2078 2427 theol.

217 2457 258 2472 an.
283 2450 344 2472 1400
366 2458 378 2473 e
401 2450 490 2474 Catal.
510 2450 611 2477 licent..
636 2458 678 2473 an.
701 2450 759 2473 1414
781 2450 902 2481 appetiit,
925 2450 970 2473 sed
994 2459 1044 2473 non
1068 2450 1188 2478 obtinuit,
1212 2450 1393 2481 episcopatum
1416 2451 1609 2473 Constantiens.
1635 2451 1664 2474 V.
1689 2451 1760 2474 Gall.
1781 2450 1888 2477 christ.,
1913 2450 1953 2477 XI,
1975 2450 2029 2472 890.
2052 2463 2077 2466 -

217 2495 254 2517 33,
278 2494 365 2517 Victor
387 2494 418 2517 de
440 2495 586 2522 Camerino,
610 2494 760 2517 licentiatus
783 2494 809 2517 in
833 2495 913 2517 theol.
932 2503 973 2517 an.
996 2495 1055 2517 1386
1071 2495 1149 2524 (1387)
1166 2503 1179 2517 e
1200 2495 1291 2518 Catal.
1312 2495 1403 2518 licent.
1426 2508 1452 2512 —
1474 2496 1513 2518 34.
1535 2495 1594 2518 Fuit
1615 2495 1722 2518 Eremit.
1745 2495 1770 2518 S.
1793 2496 1868 2525 Aug.,
1889 2494 2036 2517 licentiatus
2052 2493 2077 2515 in

217 2538 296 2561 theol.
313 2546 354 2561 an.
372 2539 429 2561 1391
449 2546 462 2561 e
479 2539 566 2563 Catal.
591 2538 682 2562 licem.
703 2552 734 2556 —
752 2540 790 2562 35.
813 2538 969 2562 Guillelmus
986 2538 1081 2570 Bajuli‚
1100 2539 1143 2569 qui
1169 2547 1236 2561 anno
1259 2539 1327 2566 1389,
1343 2539 1414 2561 Junii
1433 2541 1454 2566 5,
1470 2539 1524 2569 jam
1550 2539 1599 2562 fuit
1623 2539 1705 2561 abbas
1725 2538 1923 2569 Burgidolensis
1949 2538 1974 2560 in
1996 2537 2077 2560 dioec.

218 2582 374 2606 Bituricens.
398 2583 483 2612 (Arch.
504 2584 563 2606 Vat.
583 2583 673 2614 Oblig.
692 2587 720 2605 n⁰
740 2585 776 2609 50,
800 2583 845 2606 fol.
867 2584 913 2612 23).
936 2583 1026 2606 Omitt.
1049 2583 1075 2605 in
1100 2583 1174 2607 Gall.
1191 2584 1299 2612 christ,
1318 2583 1350 2611 II,
1370 2584 1427 2610 152;
1447 2583 1595 2606 restituitur
1622 2584 1674 2611 VII,
1693 2584 1746 2606 534.
1771 2597 1798 2600 -
1815 2584 1853 2605 36.
1874 2582 1923 2605 Sed
1946 2585 2023 2604 testes
2041 2583 2078 2603 0¹¹⁵

217 2628 253 2658 (p.
269 2628 333 2656 369),
350 2628 402 2649 30³⁸
418 2629 453 2658 (p.
470 2628 534 2656 376),
551 2628 603 2650 37⁰⁸
617 2629 652 2658 (p.
671 2628 736 2656 379),
754 2629 806 2650 52...
821 2630 847 2650 et
862 2628 914 2650 70us
930 2627 997 2650 inter
1014 2635 1040 2650 se
1054 2635 1105 2650 non
1120 2627 1289 2650 concordant.
1302 2640 1332 2644 —
1347 2628 1384 2650 37.
1402 2628 1437 2650 De
1454 2636 1504 2658 quo
1521 2635 1601 2658 supra
1618 2632 1646 2650 n⁰
1665 2628 1724 2650 1348
1743 2630 1767 2649 et
1782 2627 1849 2649 1419.
1865 2627 1976 2649 Vocatur
1995 2626 2077 2648 Fran-

217 2671 301 2694 ciscus
321 2671 414 2694 Robini
430 2672 461 2694 de
479 2672 504 2694 S.
523 2671 646 2694 Miehuele
663 2671 724 2700 (vid.
742 2675 790 2694 rot.
808 2680 848 2694 an.
866 2672 925 2694 1387
941 2680 946 2694 :
967 2671 1078 2699 Theol.).
1098 2671 1256 2694 Licentiatus
1273 2671 1298 2694 in
1317 2671 1396 2694 theol.
1415 2680 1456 2694 an.
1474 2672 1533 2694 1383
1547 2672 1626 2700 (1384)
1643 2680 1656 2694 e
1672 2671 1760 2695 Ccztal.
1778 2671 1869 2695 licent.
1887 2684 1914 2687 —-
1932 2671 1970 2693 38.
1988 2669 2077 2692 Licen-

216 2715 296 2738 tiatus
312 2715 338 2738 in
354 2716 434 2738 theol.
451 2723 492 2738 an.
510 2716 570 2739 1386
587 2716 666 2745 (1387)
680 2724 692 2738 e
712 2716 799 2740 catal.
816 2716 920 2744 licent„
938 2716 1020 2738 abbas
1039 2718 1064 2738 S.
1081 2716 1193 2738 Victoris
1210 2716 1291 2739 Paris.
1310 2718 1379 2746 (post
1395 2715 1495 2738 obitum
1515 2715 1593 2745 Petri)
1612 2724 1658 2746 per
1679 2716 1747 2738 viam
1767 2714 1950 2745 compromissi
1970 2714 2074 2738 electus.

217 2767 231 2782 a
251 2760 382 2783 Clemente
402 2760 445 2782 VII
467 2760 637 2782 confirmatus
656 2763 697 2782 est
717 2768 758 2783 an.
782 2760 850 2787 1383,
874 2760 998 2783 Novemb.
1016 2762 1030 2782 4
1051 2761 1123 2791 (Reg.
1147 2762 1225 2783 Aven.
1250 2760 1390 2782 Clementis
1408 2760 1461 2787 Vll,
1482 2760 1533 2783 vol.
1554 2760 1663 2787 xxxul,
1690 2760 1733 2782 sol.
1755 2759 1836 2788 3871’).
1854 2759 1928 2789 Apud
1949 2758 2076 2780 Mai-tene-

217 2804 332 2832 Durand,
350 2804 443 2834 Ampl.
458 2804 529 2832 colb,
543 2804 583 2832 Vl,
601 2805 644 2827 274
661 2812 727 2835 sqq.,
745 2807 830 2827 exstat
844 2804 935 2827 notitia
952 2805 982 2827 de
1000 2804 1163 2827 contentione
1174 2813 1231 2826 ‹eum
1244 2804 1324 2835 episc.
1342 2804 1423 2827 Paris.
1441 2804 1466 2826 in
1480 2804 1604 2827 electione
1620 2804 1687 2826 Petri
1702 2803 1789 2826 Ducis.
1800 2817 1829 2819 —
1845 2804 1882 2825 39.
1896 2803 1946 2824 Seu
1960 2802 2071 2829 Bueuve,

216 2848 310 2875 Beuve,
326 2848 369 2879 qui
387 2848 435 2871 suit
449 2848 589 2879 religiosus
606 2849 631 2872 S,
649 2848 732 2871 Mauri
746 2848 777 2871 de
796 2848 911 2871 Fossatis
931 2849 1014 2872 Puris.
1036 2849 1063 2871 In
1080 2857 1143 2871 mss.
1159 2851 1240 2871 l'ormu
1261 2848 1371 2871 nominis
1390 2848 1463 2871 valde
1481 2848 1560 2870 dubia
1579 2848 1645 2871 sitne
1662 2848 1737 2874 Bene,
1756 2848 1849 2873 Benue,
1864 2847 1977 2873 Bnenne,
1996 2853 2028 2867 an
2050 2846 2077 2867 ut

216 2900 307 2923 supra.
