2508 3372
180 1488 355 1519 Philosophia.

131 1910 238 1935 Politior
253 1910 409 1936 humanitas.
449 1907 456 1911 ’

451 343 476 364 ’Χ
1236 336 1529 360 INTRODUCTIO.

454 416 649 453 Sententias
664 420 696 451 et
714 415 758 451 ad
776 415 969 458 licentiam,
988 425 1060 449 non
1076 425 1154 449 raro
1169 412 1383 460 importunis
1397 410 1562 458 precibus
1574 412 1760 457 potentum
1776 407 2094 444 intervenientibus
2110 410 2313 451 concessae,

453 487 560 523 etiam
589 486 623 522 in
652 486 719 522 hoc
743 490 902 533 tempore
926 485 1123 532 viguerunt.
1149 483 1294 530 Aliquid
1318 482 1401 517 mali
1422 481 1521 516 affert
1545 480 1684 516 bullata
1702 479 1791 514 haec
1813 478 1973 522 licentia,
1998 478 2170 514 exclamat
2193 481 2318 514 auctor

451 561 620 594 tractatus
641 556 732 592 infra
747 555 867 592 editi¹.
894 556 990 592 Sicut
1006 555 1041 590 in
1059 557 1220 591 anteacto
1246 553 1372 599 spatio,
1394 552 1442 588 ita
1461 551 1497 587 iu
1515 555 1647 594 nostro,
1673 550 1746 585 sere
1767 561 1907 597 semper
1926 549 1970 585 de
1994 549 2168 596 religiosis
2183 548 2313 597 agitur.

452 628 607 664 Nomina
622 639 745 664 eorum
762 627 822 674 qui
843 639 862 662 a
878 626 1106 674 pontificibus
1119 623 1290 660 licentiati
1308 624 1453 659 suerunt
1468 634 1507 658 ex
1524 622 1637 669 gratia
1655 626 1752 657 extra
1774 620 2044 656 Universitatem
2066 620 2176 656 Paris.
2195 620 2232 655 in
2247 620 2316 657 hoe

451 698 629 735 volumine
645 697 806 734 consulto
822 697 1021 741 omisimus,
1040 696 1173 744 quippe
1190 706 1280 742 quae
1296 694 1403 730 nimis
1420 693 1532 728 multa
1544 693 1625 728 sint.
1653 691 1689 727 Si
1705 695 1944 727 numerentur
1959 691 2068 727 altera
2086 696 2186 739 parte
2207 691 2318 728 licen·-

450 770 526 806 tiati
547 782 589 806 ex
611 769 722 817 gratia
744 768 953 816 pontificum
980 767 1110 803 Urbani
1134 768 1176 811 V,
1211 765 1370 813 Gregorii
1393 766 1454 807 Xl,
1488 762 1680 799 Clementis
1705 763 1768 799 V11
1796 766 1895 798 extra
1921 762 2180 807 Universitates,
2208 763 2318 800 altera

450 840 621 876 licentiati
644 839 782 875 Parisiis
799 851 879 875 cum
901 839 1017 887 rigore
1037 836 1223 882 examinis,
1244 837 1380 884 priores
1398 835 1568 883 majorem
1586 838 1723 882 partem
1744 832 1948 878 obtinent23
1969 834 2032 870 sed
2050 833 2158 870 etiam
2175 834 2317 870 Parisiis

450 911 621 948 licentiati
636 910 846 958 privilegiati
860 909 959 945 multi
976 913 1071 953 sunt,
1090 908 1242 944 utsacile
1258 908 1376 943 videas
1394 919 1436 942 ex
1447 906 1709 943 Jndicererum.
1726 906 1850 941 Evenit
1864 905 1936 942 hoc
1949 909 2111 953 tempore
2124 909 2162 941 ut
2175 905 2317 942 cancel·-

449 981 558 1018 larius
572 981 974 1029 Parisiensisjuberetur
988 979 1168 1016 licentiam
1185 979 1343 1014 conferre
1361 977 1529 1025 religiosis
1545 977 1661 1012 statim
1678 979 1760 1024 post
1772 976 1946 1012 lecturam
1961 977 2237 1021 Sententiarum,
2252 976 2316 1013 etsi

450 1053 560 1089 iidem
568 1053 641 1100 jam
655 1051 854 1088 Sententias
871 1064 912 1086 ex
926 1049 1122 1098 privilegio,
1138 1049 1323 1097 aliquoties
1337 1060 1382 1084 ne
1393 1048 1544 1084 Bibliam
1562 1047 1707 1095 quidem
1722 1047 1891 1095 legerant.
1912 1047 1949 1083 ld
1962 1051 2080 1083 tamen
2094 1047 2129 1083 in
2140 1048 2317 1084 honorem

455 1123 694 1159 Universitatis
718 1122 924 1166 dicendum,
951 1122 1047 1169 quod
1071 1121 1162 1157 mori
1182 1120 1233 1156 illi
1255 1121 1438 1156 adversata
1461 1123 1525 1162 est,
1556 1122 1592 1154 ut
1617 1122 1765 1167 apparet
1787 1130 1830 1155 ex
1854 1118 2102 1154 instrumentis
2118 1118 2191 1155 litis
2208 1130 2318 1166 quam

452 1195 616 1230 adversus
632 1193 883 1229 cancellarium
899 1193 1099 1228 Johannem
1122 1191 1313 1227 Blanchart
1332 1190 1538 1234 sustinuit³;
1558 1194 1591 1226 et
1607 1190 1784 1237 posterius
1800 1189 1964 1225 alumnos
1980 1201 2060 1226 suos
2072 1190 2194 1238 jurare
2210 1201 2318 1239 coge·-

452 1265 525 1308 bat,
538 1277 574 1300 se
588 1276 657 1300 non
676 1264 793 1312 aliquo
811 1263 991 1311 privilegio
1009 1275 1070 1299 seu
1085 1263 1182 1299 bulla
1197 1274 1336 1298 usuros.
1353 1262 1450 1298 Talia
1465 1261 1647 1309 privilegia
1666 1260 1841 1309 religiosis
1858 1260 1945 1309 ipsis
1964 1260 2152 1298 nocebant.
2172 1262 2314 1310 Reipsa‚

453 1347 593 1371 summa
627 1334 766 1382 imperii
793 1346 862 1382 quo
891 1334 977 1370 olim
1000 1334 1202 1381 gaudebant
1228 1332 1387 1370 destituti
1412 1336 1458 1377 et,
1488 1333 1639 1369 durante
1664 1333 1875 1377 Schismate,
1910 1344 1986 1368 raro
2016 1332 2060 1369 ab
2084 1333 2316 1370 Universitate

454 1406 564 1442 Paris.
581 1406 636 1442 vel
654 1406 760 1454 legati
778 1406 831 1441 vel
847 1410 1005 1442 oratores
1024 1405 1060 1441 in
1079 1405 1237 1442 consiliis
1254 1403 1351 1453 regni
1374 1404 1542 1440 Franciae
1558 1404 1612 1440 vel
1628 1404 1663 1440 in
1680 1404 1758 1440 aliis
1775 1404 1879 1440 electi
1895 1407 1991 1439 sunt.

550 1480 652 1513 Nunc
674 1478 717 1513 de
734 1477 959 1524 Philosophia
977 1477 1178 1513 videndum.
1201 1475 1497 1512 Nominalismum
1520 1488 1538 1511 c
1557 1476 1626 1511 tine
1651 1475 1780 1523 prioris
1803 1474 1940 1523 periodi
1967 1474 2181 1512 Universitas
2202 1475 2314 1512 Paris.

452 1552 621 1596 tanquam
639 1548 892 1584 haereditatem
911 1549 1060 1596 accepit.
1084 1548 1286 1584 Nominales
1305 1547 1527 1583 celeberrimi
1542 1558 1696 1594 quorum
1717 1547 1848 1595 scripta
1872 1546 2122 1594 philosophica
2137 1558 2197 1583 an.
2223 1548 2317 1583 1473

459 1620 583 1667 (1474)
599 1619 642 1655 ab
656 1619 889 1655 Universitate
905 1620 1015 1655 Paris.
1038 1623 1070 1655 et
1084 1631 1104 1655 a
1120 1631 1200 1667 rege
1217 1618 1396 1655 Ludovico
1409 1620 1455 1654 XI
1470 1630 1488 1654 e
1501 1622 1574 1654 toto
1596 1617 1765 1654 Franciae
1788 1630 1898 1667 regno
1918 1617 2151 1654 exterminata
2166 1621 2261 1662 sunt,
2279 1620 2319 1654 ut

455 1690 620 1738 operibus
642 1690 791 1726 realium
820 1702 911 1726 saec.
939 1694 1015 1726 xuii
1038 1695 1070 1726 et
1089 1690 1160 1726 xivi
1181 1690 1298 1726 locum
1326 1691 1466 1734 darent,
1489 1702 1613 1726 omnes
1633 1691 1678 1726 ad
1701 1693 1860 1726 nostram
1875 1689 2017 1726 circiter
2034 1693 2188 1726 aetatem
2203 1688 2319 1737 perti-

456 1765 554 1804 nent,
576 1761 709 1797 scilicet
730 1761 939 1796 Guillelmus
958 1761 1001 1797 de
1022 1762 1167 1806 Ockam,
1189 1761 1400 1810 [Gregorius]
1422 1762 1465 1797 de
1488 1761 1666 1805 Arimino,
1692 1760 1899 1809 [Johannes]
1928 1761 2096 1805 Buridan,
2122 1762 2248 1797 Petrus
2274 1760 2318 1797 de

455 1831 618 1876 Ailliaco,
638 1831 814 1868 Marsilius
833 1832 888 1880 [de
905 1832 1065 1880 lnglieiiJl,
1084 1828 1196 1868 Adam
1208 1831 1265 1880 (Ῡ)4
1284 1834 1392 1880 Dorp,
1412 1832 1576 1869 Albertus
1590 1833 1633 1869 de
1650 1832 1801 1868 Saxonia
1818 1832 1875 1880 [de
1891 1831 2142 1880 Halberstadt].

553 1899 698 1934 Minime
719 1902 837 1934 tamen
862 1898 1000 1935 silentio
1023 1899 1321 1946 praetereundum
1349 1898 1557 1947 disciplinas
1579 1899 1835 1936 Granmzaticae
1856 1904 1890 1935 et
1911 1899 2132 1943 Rhetoricae,
2157 1910 2248 1947 quae
2273 1898 2319 1936 ad

456 1972 548 2005 artes
579 1969 746 2005 liberales
778 1969 995 2017 spectabant,
1027 1983 1092 2018 per
1121 1971 1343 2019 aliquantum
1377 1971 1548 2019 temporis
1584 1973 1754 2019 magnum
1789 1970 1991 2018 profectum
2017 1969 2054 2006 in
2085 1969 2319 2007 Universitate

549 2087 571 2112 1.
590 2087 651 2111 Vid.
668 2091 697 2111 n⁰
710 2087 780 2118 1557,
794 2087 937 2118 Narratio,
951 2090 978 2112 et
991 2088 1060 2113 intra
1074 2097 1098 2121 p.
1114 2096 1203 2113 xxxv.
2259 2118 2261 2121 ,

546 2132 570 2156 2.
589 2132 724 2156 Sufficiant
737 2132 863 2164 quaedam
879 2133 1002 2165 exempla.
1020 2134 1057 2157 Ne
1073 2133 1150 2158 verba
1164 2134 1288 2158 faciamus
1302 2134 1332 2158 de
1347 2134 1414 2164 aliis,
1433 2134 1600 2158 Innocentius
1614 2134 1651 2158 Vl
1666 2134 1714 2158 soli
1730 2134 1857 2165 magistro
1876 2133 1990 2164 generali
2011 2133 2076 2159 Ord.
2091 2133 2184 2158 Praed.
2201 2130 2323 2166 permisit

454 2175 555 2199 duobus
570 2175 700 2200 licentiam
716 2176 775 2201 dare
790 2177 816 2200 in
836 2177 956 2209 Capitulo
974 2178 1086 2209 generali
1101 2186 1141 2202 an.
1160 2178 1220 2202 1338
1246 2179 1401 2210 Argentinae
1422 2178 1559 2208 celebrato,
1579 2180 1604 2202 et
1623 2178 1725 2202 duobus
1745 2178 1770 2202 in
1789 2177 1910 2210 Capitulo
1928 2177 2042 2209 generali
2062 2177 2188 2209 Pragensi
2201 2185 2244 2202 an.
2261 2177 2323 2203 1359

454 2220 531 2250 (Reg.
546 2220 607 2244 vat.
622 2220 719 2250 Innoc.,
735 2225 764 2244 n⁰
781 2221 837 2250 243,
857 2221 874 2245 f.
892 2221 948 2251 119;
965 2227 994 2245 n⁰
1012 2222 1066 2251 234,
1080 2222 1098 2246 f.
1113 2223 1172 2252 219;
1189 2227 1218 2246 n⁰
1234 2223 1289 2252 240,
1305 2223 1323 2247 s.
1338 2223 1387 2253 28).
1403 2224 1431 2247 In
1448 2231 1498 2247 uno
1513 2223 1556 2246 1⁰¹⁰
1572 2231 1640 2247 anno
1659 2222 1758 2248 Urbani
1774 2222 1798 2246 V
1817 2222 1962 2247 afferuntur
1976 2222 2124 2246 Bernardus
2143 2221 2242 2251 Ollerii,
2259 2221 2321 2247 Ord.

454 2264 550 2294 Carm.,
572 2264 704 2289 Johannes
725 2265 902 2294 Carmenzoni,
921 2266 950 2289 Ο.
970 2266 1044 2296 Min„
1062 2266 1185 2291 Nicolaus
1201 2267 1272 2291 Petri
1286 2267 1317 2291 de
1334 2268 1416 2298 Senis,
1433 2268 1461 2292 O.
1479 2268 1564 2292 Erem.
1581 2268 1607 2291 S.
1630 2268 1709 2298 Aug„
1730 2267 1835 2291 Firmus
1853 2266 1884 2291 de
1899 2267 2011 2297 Verona,
2027 2266 2124 2295 Erem„
2139 2266 2200 2290 olim
2215 2260 2322 2292 studens

455 2307 572 2337 Parisiis,
586 2308 734 2333 Matthaeus
751 2309 782 2333 de
804 2310 882 2333 Porta
897 2309 927 2334 de
946 2310 1043 2340 Cumis,
1058 2311 1086 2335 O.
1100 2311 1174 2341 Min„
1188 2311 1264 2343 Hugo
1280 2311 1311 2336 de
1329 2312 1492 2341 Staminrdia,
1506 2312 1535 2336 O.
1550 2311 1654 2341 Praed.‚
1667 2311 1727 2335 olim
1742 2311 1859 2340 Parisiis,
1871 2310 1991 2340 Oxoniae‚
2005 2310 2193 2342 Cmtabrigiae,
2205 2310 2323 2336 Andreas

454 2352 485 2376 de
502 2353 592 2379 Turre.
609 2353 638 2377 0.
654 2353 758 2382 Praeti„
779 2353 839 2377 olim
861 2354 969 2379 studens
984 2355 1104 2385 Parisiis,
1117 2355 1227 2380 Jacobus
1242 2356 1372 2385 Matthaei,
1388 2357 1417 2381 O.
1434 2356 1539 2387 Praed.,
1560 2357 1655 2380 Petrus
1674 2355 1706 2380 de
1721 2355 1804 2384 Cario,
1825 2355 1921 2384 Erem.,
1944 2355 2041 2379 Petrus
2059 2354 2089 2379 de
2108 2355 2209 2385 Aretio,
2225 2355 2320 2385 Erem.‚

455 2396 570 2420 Parisios
580 2396 737 2426 dest-inatus,
751 2397 888 2422 Ysuardus
902 2398 932 2423 de
944 2399 969 2423 S.
983 2399 1095 2430 Juliano,
1109 2400 1207 2431 Erem.,
1223 2402 1341 2432 Angelus
1355 2400 1386 2425 de
1400 2401 1518 2431 Bibiena,
1534 2401 1564 2425 O.
1577 2401 1652 2431 Min.,
1666 2400 1813 2424 Ludovicus
1823 2399 1854 2424 de
1869 2399 1894 2423 S.
1908 2399 2030 2429 Martino,
2044 2399 2074 2423 Ο.
2087 2399 2161 2429 Min„
2172 2399 2322 2427 Dominicus

455 2440 486 2464 de
498 2441 621 2472 Lagueto,
638 2442 668 2465 Ο.
684 2441 775 2466 Praed.
802 2442 876 2473 (Reg.
894 2443 984 2472 Aven„
1000 2443 1064 2468 Urb.
1081 2444 1112 2472 V,
1130 2444 1178 2468 vol.
1193 2445 1238 2474 VI,
1255 2445 1297 2469 fol.
1311 2445 1384 2476 2401>‚
1398 2446 1453 2475 374,
1469 2445 1543 2476 385‘2,
1557 2445 1629 2475 38612,
1645 2445 1718 2476 38712,
1733 2444 1805 2473 391¹>‚
1821 2444 1892 2474 417b‚
1908 2443 1981 2473 44212,
1996 2443 2068 2475 457¹»,
2084 2444 2139 2475 487,
2155 2443 2229 2474 487h,
2243 2444 2319 2474 58653

455 2484 528 2514 Vat.‚
539 2489 567 2508 n⁰
581 2485 636 2515 252,
652 2485 670 2509 f.
682 2485 744 2515 47¹›;
757 2486 805 2510 Av.
816 2487 865 2510 vol.
882 2487 914 2516 V,
929 2486 972 2511 sol.
986 2487 1067 2519 558b).
1083 2488 1112 2511 In
1125 2488 1164 2513 2¹¹0
1176 2497 1241 2513 anno
1255 2489 1351 2513 iterum
1367 2489 1427 2522 plus
1442 2497 1521 2522 quam
1538 2489 1568 2514 10
1582 2488 1732 2514 scribuntur
1743 2488 1769 2513 iu
1781 2489 1844 2520 Reg.
1861 2490 1911 2512 Av.
1928 2488 2003 2519 Urb.,
2015 2487 2063 2513 vol.
2078 2488 2136 2518 Vll,
2149 2490 2177 2513 et
2191 2488 2217 2512 in
2231 2488 2322 2521 Suppl.

456 2536 498 2552 an.
513 2528 537 2559 2,
556 2529 592 2552 ita
608 2531 637 2553 ut
651 2528 778 2554 licentiati
792 2538 805 2554 e
820 2530 905 2562 gratia
919 2532 992 2555 extra
1005 2532 1194 2557 Universitates
1208 2533 1319 2563 (duobus
1331 2535 1435 2558 tantum
1452 2534 1584 2566 exceptis),
1601 2536 1628 2558 et
1641 2540 1730 2557 omnes
1743 2532 1868 2564 religiosi,
1884 2533 1911 2556 in
1930 2532 2032 2557 duobus
2043 2532 2121 2557 annis
2135 2532 2167 2557 ad
2182 2540 2322 2558 numerum

456 2573 508 2597 fere
520 2573 550 2597 30
565 2573 714 2604 ascendant,
731 2574 792 2598 dum
807 2574 916 2599 Parisiis
931 2575 1017 2599 eodem
1037 2577 1159 2608 temporis
1181 2578 1265 2609 spatio
1284 2578 1413 2602 licentiati
1427 2578 1469 2602 vix
1485 2579 1588 2610 viginti,
1603 2578 1624 2602 si
1639 2577 1781 2609 generatim
1796 2577 1921 2607 dicamus,
1934 2581 2112 2601 numerentur.
2128 2577 2162 2601 Et
2176 2577 2322 2602 notandum

457 2616 610 2640 mandatum
625 2617 758 2642 licentiam
772 2617 850 2642 dandi
865 2619 1016 2651 quandoque
1031 2620 1103 2644 vivae
1118 2620 1187 2645 vocis
1201 2622 1302 2646 oraculo
1317 2621 1410 2652 latum,
1425 2624 1452 2646 et
1466 2622 1576 2647 minime
1590 2622 1617 2646 in
1630 2621 1751 2653 Regestis
1763 2628 1914 2653 expressum
1928 2628 1994 2646 esse.

550 2661 575 2685 3.
592 2661 653 2685 vid.
669 2661 796 2694 imprimis
811 2670 837 2694 p.
849 2663 904 2687 363.

550 2705 575 2729 4.
592 2705 634 2729 Sic
657 2705 683 2729 in
698 2705 753 2730 cod.
768 2706 889 2737 Harcur.⁷
905 2707 947 2731 sol.
964 2708 1021 2738 1845
1037 2711 1063 2732 et
1082 2717 1123 2740 ap¹
1139 2709 1285 2739 BULAEUM,
1305 2711 1336 2742 V,
1352 2711 1408 2741 708,
1425 2712 1551 2736 Ordonn.
1567 2713 1613 2736 des
1634 2718 1709 2742 roys,
1727 2710 1809 2739 XVII,
1825 2709 1880 2734 610.
1899 2709 1950 2734 Sed
1971 2709 2149 2734 verisimiliter
2163 2710 2324 2734 substituen-

457 2748 506 2772 dus
521 2750 560 2773 est
581 2760 594 2771 α
611 2749 739 2774 Johannes
755 2759 778 2779 n,
798 2758 858 2774 nam
872 2751 999 2776 Johannes
1014 2752 1081 2785 Dorp
1094 2753 1125 2777 de
1140 2753 1242 2785 Leydis,
1256 2755 1302 2786 qui
1321 2763 1387 2779 saec.
1400 2762 1451 2780 11v
1466 2749 1575 2780 exeunte
1593 2758 1619 2779 et
1634 2762 1672 2779 xv
1687 2755 1796 2779 ineunte
1809 2754 1918 2778 Parisiis
1934 2754 1961 2778 in
1980 2754 2086 2778 artibus
2100 2754 2167 2778 rexit
2187 2757 2214 2778 et
2235 2756 2324 2786 postea

457 2793 579 2817 Coloniae
590 2793 631 2823 (de
644 2801 694 2825 quo
709 2794 736 2818 in
749 2797 876 2825 Auctarq
889 2795 919 2825 Ι),
934 2796 984 2820 tuit
997 2806 1010 2818 α
1023 2798 1160 2822 nominalis
1172 2808 1184 2819 »
1197 2800 1223 2823 et
1238 2798 1417 2823 Commentum
1434 2808 1513 2832 super
1525 2800 1622 2831 scripta
1637 2799 1761 2824 Johannis
1773 2798 1901 2823 Buridani
1915 2798 2007 2822 edidit.
2024 2798 2063 2822 CI.
2082 2799 2206 2829 PRANTL,
2227 2799 2322 2824 Gesch.

457 2838 507 2861 der
526 2837 619 2868 Loqik,
636 2837 682 2868 IV,
698 2837 753 2869 237,
771 2838 816 2862 ubi
837 2840 923 2863 tamen
942 2840 1072 2865 Johannes
1093 2841 1162 2874 Dorp
1184 2850 1315 2875 perperam
1338 2844 1371 2867 ad
1395 2845 1506 2868 aetatem
1520 2843 1691 2876 posteriorem
1711 2844 1833 2868 refertur.
1856 2842 1937 2869 Adam
1953 2842 2023 2875 Dorp
2034 2843 2138 2867 omnino
2150 2843 2256 2874 ignotus
2271 2844 2322 2868 est.

457 2881 488 2905 Iu
504 2881 681 2906 instrumento
696 2889 776 2914 supra
794 2882 907 2908 indicato
922 2884 985 2908 alias
999 2884 1079 2909 etiam
1094 2888 1225 2918 peccatur:
1239 2887 1397 2912 Guillelmus
1411 2889 1506 2912 Ockain
1520 2890 1625 2913 vocatur
1638 2898 1652 2910 α
1667 2887 1806 2912 monachus
1822 2887 1930 2911 CIsterc.
1947 2897 1970 2911 »-
