2488 3386
489 342 554 374 610
1063 352 1379 374 οΗΑΒτυιΑιυυΜ
1415 351 1605 373 umvans.
1642 352 1771 374 PAms.
2253 338 2353 375 [1394

492 423 660 457 nabiliter
681 425 842 457 deveniri
864 425 906 458 ad
928 425 1097 458 unionem
1121 432 1155 458 et
1175 438 1296 470 pacem
1319 432 1441 458 sancte
1463 425 1586 457 matris
1613 425 1781 467 ecclesie,
1805 425 1977 470 quodque
1998 423 2175 457 deberent
2198 425 2352 469 proponi

492 502 609 523 coram
633 491 779 523 domino
809 503 895 536 rege
924 503 965 524 ex
992 498 1091 536 parte
1119 492 1373 525 Universitatis
1398 503 1477 524 cum
1508 492 1770 536 protestatione
1797 492 1841 525 de
1869 503 1942 524 non
1968 490 2136 535 negando
2164 490 2251 524 alias
2274 491 2352 524 vias

492 557 736 599 rationabiles,
764 558 794 590 si
822 570 892 602 que
917 570 982 603 per
1006 558 1148 603 aliquos
1180 558 1438 603 reperirentur.
1471 559 1514 590 Et
1543 569 1608 602 pro
1638 558 1813 603 predictis
1842 557 2093 603 proponendis
2118 569 2237 590 coram
2264 569 2351 603 rege

492 623 675 668 deputavit
705 624 864 669 predicta
893 624 1043 657 facultas
1071 624 1275 669 theologica
1306 625 1481 669 prefatum
1517 624 1730 669 magistrum
1762 624 2002 658 Guillermum
2026 625 2186 657 Barraut.
2210 624 2350 657 Deinde

491 701 601 735 super
621 690 661 735 ij⁰
686 690 836 724 articulo
863 690 1089 731 deliberavit,
1117 702 1156 723 se
1180 690 1274 723 velle
1302 702 1430 724 avoare
1459 697 1497 723 ut
1517 691 1619 735 prius
1649 691 1879 736 supradictos
1905 691 2090 724 dominum
2117 696 2294 723 rectorem
2317 697 2352 724 et

498 757 700 802 deputatos,
728 764 763 790 et
789 757 832 790 de
859 758 951 790 facto
979 769 1043 802 per
1071 764 1276 802 presentem
1304 757 1603 790 deliberationem
1631 758 1771 790 avoavit
1798 758 1836 791 in
1866 757 2036 790 omnibus
2067 757 2225 790 tractatis
2256 757 2350 791 circa

490 824 591 856 istam
615 824 810 865 materiam,
829 824 956 857 volens
978 836 1040 856 eos
1062 830 1254 868 protegere
1277 830 1311 856 et
1332 823 1529 856 defendere
1549 824 1668 857 modis
1685 831 1720 857 et
1734 824 1804 857 viis
1820 824 1990 857 omnibus
2008 824 2078 857 sibi
2095 823 2348 869 possibilibus.

578 891 718 934 Quibus
746 889 1089 931 deliberacionibus,
1113 896 1151 922 ut
1178 890 1370 934 prefertur,
1393 890 1526 923 auditis
1547 897 1583 923 et
1606 890 1752 932 habitis,
1774 890 1870 924 idem
1896 891 2066 924 dominus
2092 897 2211 923 rector
2231 891 2350 924 omnia

489 965 522 990 et
544 957 686 1002 singula
708 957 880 1002 predicta,
903 956 1042 989 scilicet
1061 956 1141 989 illas
1162 963 1236 989 tres
1262 957 1338 989 vias
1360 957 1585 1002 supradictas
1606 969 1687 990 cum
1709 957 1931 1002 preambulis
1952 957 2086 990 ibidem
2112 957 2245 991 habitis
2266 969 2349 990 esse

489 1031 642 1065 sanctas,
667 1025 798 1068 justas,
830 1023 1069 1056 racionabiles
1099 1030 1133 1056 et
1163 1023 1355 1065 factibiles,
1388 1030 1422 1056 et
1451 1035 1516 1068 per
1545 1035 1634 1068 quas
1667 1024 1929 1057 rationabiliter
1958 1030 2084 1069 posset
2112 1024 2276 1057 deveniri
2305 1024 2349 1058 ad

487 1091 656 1124 unionem
680 1097 714 1123 et
734 1102 855 1135 pacem
878 1090 1044 1131 ecclesie,
1071 1102 1204 1134 easque
1225 1090 1372 1123 domino
1393 1097 1519 1124 nostro
1541 1091 1620 1136 regi
1646 1091 1903 1136 proponendas
1924 1103 2003 1124 cum
2025 1091 2171 1124 motivis
2192 1097 2227 1124 et
2250 1090 2349 1124 colo-

485 1158 598 1198 ribus,
626 1169 704 1190 cum
736 1157 1002 1202 protestacione
1032 1157 1215 1201 sepedicta
1247 1157 1290 1189 de
1323 1169 1396 1190 non
1426 1157 1594 1202 negando
1624 1157 1712 1190 alias
1738 1158 1815 1191 vias
1845 1157 2099 1199 racionabiles,
2129 1157 2159 1190 si
2186 1169 2256 1202 que
2283 1169 2348 1203 per

484 1225 624 1269 aliquos
646 1224 904 1268 reperirentur,
927 1230 965 1256 ut
990 1223 1104 1268 prius,
1131 1224 1288 1256 unanimi
1311 1224 1470 1257 omnium
1498 1236 1696 1267 consensu,
1719 1225 1864 1257 nemine
1886 1224 2102 1258 reclamante
2123 1230 2183 1257 aut
2206 1230 2348 1258 contra-

483 1292 637 1331 dicente,
667 1290 731 1323 sed
759 1290 815 1323 via
846 1290 1001 1335 Spiritus
1033 1291 1164 1332 Sancti,
1196 1290 1376 1323 conclusit
1405 1290 1441 1323 in
1475 1291 1588 1323 forma
1616 1303 1696 1324 cum
1727 1291 1887 1336 predicta
1918 1291 2138 1324 advoacione
2168 1291 2346 1324 dictorum

483 1358 708 1390 dominorum
733 1357 884 1389 rectoris
906 1363 940 1389 et
960 1357 1226 1401 deputatorum.

570 1425 621 1457 De
643 1436 710 1468 qua
732 1423 875 1468 quidem
903 1423 1139 1456 conclusione
1168 1424 1219 1456 sic
1245 1424 1477 1457 concorditer
1504 1436 1546 1457 ex
1567 1424 1728 1457 unanimi
1750 1436 1933 1457 consensu
1955 1425 2116 1457 omnium
2139 1424 2345 1457 facultatum

482 1499 516 1524 et
536 1491 719 1524 nationum
740 1490 859 1523 habita
881 1502 991 1535 super
1011 1490 1181 1523 omnibus
1203 1491 1408 1535 premissis,
1428 1491 1568 1524 scilicet
1588 1491 1825 1536 preambulis,
1842 1491 1925 1528 viis,
1947 1491 2244 1525 extractionibus.
2262 1502 2346 1536 pro—

481 1557 646 1591 cessibus
681 1569 791 1602 super
821 1557 974 1598 eisdem,
1007 1557 1323 1602 propositionibus
1358 1570 1477 1591 coram
1513 1558 1694 1603 deputatis
1727 1558 1858 1603 regiis,
1888 1558 2025 1591 viarum
2061 1557 2344 1603 aperitionibus,

481 1625 699 1657 advoacione
721 1630 754 1656 et
776 1623 1109 1657 deliberacionibus
1130 1631 1165 1656 ut
1195 1625 1440 1669 preferuntur,
1464 1637 1503 1657 ac
1524 1624 1762 1658 conclusione
1783 1625 1956 1657 concordi
1984 1625 2144 1657 omnium
2171 1625 2207 1657 in
2233 1624 2345 1657 docu-

481 1698 638 1724 mentum
655 1691 816 1723 veritatis
833 1703 956 1723 eorum
978 1703 995 1723 a
1017 1690 1123 1723 nobis
1146 1691 1297 1724 notariis
1318 1691 1560 1736 infrascriptis
1578 1691 1738 1737 quinque
1755 1692 1966 1724 nominatim
1984 1698 2019 1724 et
2039 1703 2163 1724 eorum
2181 1690 2345 1736 quolibet

480 1765 515 1791 et
533 1758 613 1790 aliis
640 1758 670 1790 si
697 1758 757 1802 qui
784 1764 918 1798 essent,
950 1764 1017 1790 tam
1046 1758 1300 1791 Universitatis
1329 1758 1491 1803 predicte
1522 1758 1692 1799 [nomine]
1719 1770 1823 1803 quam
1852 1758 1999 1803 proprio
2026 1764 2061 1791 et
2087 1758 2341 1803 deputatorum

479 1825 637 1857 omnium
663 1831 697 1857 et
719 1823 945 1869 singulorum
969 1824 1076 1857 simul
1097 1831 1131 1857 et
1152 1824 1336 1870 sigillatim
1360 1825 1468 1870 peciit
1489 1825 1559 1858 sibi
1583 1824 1661 1858 fieri
1688 1831 1723 1858 et
1749 1825 1841 1858 tradi
1865 1837 1975 1857 unum
1999 1824 2057 1858 vel
2083 1824 2184 1870 plura
2208 1825 2342 1858 instru-

478 1898 594 1924 menta
616 1891 759 1936 publica
776 1891 988 1924 melioribus
1011 1891 1117 1923 modo
1135 1898 1170 1924 et
1189 1892 1301 1924 forma
1320 1891 1453 1936 quibus
1474 1891 1555 1925 fieri
1576 1898 1713 1937 posset.
1736 1892 1823 1925 Acta
1839 1892 1987 1925 fuerunt
2007 1891 2073 1925 hec
2090 1891 2251 1925 Parisius
2272 1891 2340 1926 sub

477 1970 570 1991 anno
583 1958 727 1991 Domini
739 1959 789 1990 M⁰
801 1958 905 1991 CCC⁰
917 1958 1154 2003 nonagesimo
1173 1958 1291 1999 tertio,
1310 1958 1524 2000 indictione,
1538 1970 1676 1999 mense,
1691 1958 1763 2000 die,
1777 1958 1872 2000 loco,
1885 1958 1973 1991 hora
1988 1965 2023 1991 et
2037 1958 2247 2004 pontificatu
2262 1956 2362 2005 qui-⁴

476 2024 544 2058 bus
561 2036 682 2069 supra,
700 2024 931 2069 presentibus
947 2024 1219 2058 venerabilibus
1236 2031 1271 2058 et
1284 2025 1454 2058 discretis
1471 2025 1560 2058 viris
1578 2025 1752 2070 magistro
1770 2025 1975 2059 Guillermo
1992 2025 2162 2065 Graterii,
2175 2024 2340 2059 Johanne

477 2091 609 2124 Bulloti
624 2091 836 2124 bachalariis
851 2092 887 2124 in
905 2091 1074 2128 decretis,
1088 2091 1251 2124 Johanne
1266 2091 1325 2124 del
1340 2093 1481 2133 Bout³⁹,
1495 2091 1659 2125 Johanne
1675 2092 1719 2125 de
1733 2092 1873 2134 Bincio,
1890 2092 2003 2125 Adam
2017 2092 2061 2125 de
2075 2091 2338 2133 Baudribosco,

476 2158 677 2192 Guillermo
698 2158 741 2191 de
755 2158 945 2203 Longolio,
962 2158 1119 2191 Robcrto
1136 2158 1316 2192 Cardonis
1338 2165 1373 2191 et
1390 2159 1552 2191 Rolaudo
1571 2159 1726 2200 Ramier,
1745 2158 1915 2192 omnibus
1928 2159 2112 2204 magistris
2132 2159 2168 2191 in
2185 2158 2337 2192 artibus.

563 2226 606 2258 Et
635 2237 703 2270 ego
730 2225 913 2258 Johannes
943 2225 1066 2266 Guiot,
1095 2225 1252 2258 clericus
1287 2225 1469 2258 Eduensis
1497 2226 1606 2267 dioc.,
1630 2237 1724 2271 mag.
1754 2226 1791 2258 in
1821 2231 1902 2267 art.,
1927 2225 2049 2258 licent.
2074 2226 2216 2270 injure
2242 2237 2337 2266 can.,

477 2291 642 2336 publicus
663 2292 872 2324 auctoritate
893 2292 1090 2336 apostolica
1113 2293 1274 2325 notarius
1296 2292 1486 2337 premissis
1508 2292 1734 2325 omnibus...

563 2359 606 2390 Et
637 2370 705 2402 ego
735 2358 932 2391 Gausridus
963 2358 1125 2399 Morelli,
1157 2358 1244 2391 cler.
1280 2359 1483 2392 Senonens.
1516 2359 1625 2401 dioc.,
1657 2358 1827 2404 publicus
1861 2359 2059 2404 apostolica
2093 2365 2127 2391 et
2159 2358 2335 2403 imperiali

476 2425 684 2457 auctoritate
710 2425 883 2465 notarius,
912 2425 1084 2469 curieque
1113 2426 1400 2458 conservationis
1433 2425 1708 2471 privilegiorum
1739 2426 1936 2459 Parisiens.
1960 2426 2117 2470 juratus,
2146 2425 2337 2470 premissis

477 2490 657 2531 omnibus,
679 2496 741 2524 etc.

564 2558 606 2589 Et
635 2569 702 2601 ego
729 2557 911 2589 Johannes
939 2557 983 2590 de
1014 2558 1117 2595 Edio,
1145 2558 1231 2591 cler,
1256 2558 1538 2604 Rothomagens.
1563 2559 1672 2599 dioc.,
1694 2558 1862 2603 publicus
1884 2558 2082 2603 apostolica
2103 2565 2137 2591 et
2158 2558 2335 2604 imperiali

474 2623 682 2656 auctoritate
704 2623 879 2664 notarius,
901 2624 1073 2668 curieque
1100 2625 1294 2658 parisiens.
1313 2626 1468 2670 juratus,
1494 2625 1682 2670 premissis
1703 2624 1887 2666 omnibus,
1911 2630 1974 2658 elc.

563 2691 605 2722 Et
630 2701 698 2734 ego
727 2689 928 2722 Firmaldus
949 2690 1112 2731 Oliverii,
1143 2691 1264 2736 presb.
1287 2693 1508 2724 Tornacens.
1532 2691 1640 2733 dioc.,
1669 2691 1837 2736 publicus
1865 2691 2062 2736 apostolica
2093 2699 2127 2725 et
2158 2692 2335 2737 imperiali

473 2756 682 2788 auctoritate
704 2756 879 2796 notarius,
905 2757 1092 2800 premissis
1114 2758 1296 2799 omnibus,
1319 2764 1381 2791 etc.

561 2824 603 2854 Et
624 2834 691 2866 ego
713 2822 927 2854 Laurentius
948 2822 1128 2863 Tiravant,
1155 2824 1256 2863 cler.,
1285 2837 1377 2869 mag.
1408 2825 1444 2857 in
1472 2831 1536 2857 art.
1566 2824 1756 2857 Baiocens.
1779 2824 1890 2866 dioc.,
1916 2825 2128 2858 auctoritate
2156 2825 2334 2870 imperiali

475 2889 633 2921 notarius
655 2888 834 2933 publicus,
857 2893 919 2921 etc.

595 2947 633 2972 77.
