2488 3386
459 360 521 390 212
1030 366 1343 388 cnanrnmmmm
1381 365 1569 386 umvssns.
1608 364 1735 385 rmus.
2219 348 2317 384 t1373

463 470 602 507 1387.
625 480 768 505 lohannes
785 479 857 504 Beke
873 479 900 504 in
918 482 1050 503 rectorem
1072 479 1192 503 {Jniver-s.
1213 478 1335 512 eligitur.

1674 519 1745 546 7373,
1762 517 1848 542 Martii
1859 517 1902 545 24,
1919 516 2031 542 Parisiis.

546 597 650 628 Anno
672 596 815 628 Domini
839 596 935 636 1372,
954 595 1011 627 die
1033 595 1129 639 xxiiij
1153 594 1289 627 mensis
1307 594 1436 634 Martii,
1456 593 1594 626 electus
1616 599 1671 625 est
1691 593 1726 624 in
1750 598 1925 624 rectorem
1944 590 2199 623 Universitatis
2221 589 2317 622 Pari-

460 662 592 695 siensis
613 662 785 706 magISter
800 661 982 694 Johannes
1004 662 1048 694 de
1070 661 1183 693 Beke¹
1205 660 1458 700 Brabantinus,
1483 659 1696 692 Leodiensis
1713 658 1898 703 ‹lyocesis;
1922 663 1954 689 et
1976 657 2120 689 fuerunt
2142 656 2317 689 intrantes

461 728 671 760 Lambertus
699 728 742 760 de
771 728 940 766 Marchia,
966 728 1121 760 Jacobus
1148 727 1332 767 Juvenis2,
1356 726 1511 759 Thomas
1541 725 1662 758 Mielle
1684 732 1719 757 et
1748 724 1932 757 Marcilius
1959 723 2002 756 de
2029 722 2182 767 Inghen,
2205 722 2318 756 Galli-

459 806 557 835 cane,
583 794 757 835 Picardie,
779 794 997 827 Normannie
1020 801 1054 826 et
1074 793 1273 839 Anglicane
1296 793 1492 825 nationum.

551 892 615 915 Mus.
632 891 749 914 Britann.
767 899 815 914 ms.
832 891 892 914 add.
910 892 994 918 17:304,
1014 892 1057 913 sol.
1075 892 1128 914 146.
1146 905 1174 907 —
1186 891 1309 918 Bulaeus,
1326 891 1367 920 tv,
1384 891 1440 913 440.

550 975 571 998 1.
590 974 649 997 Fuit.
663 978 715 997 nat.
739 974 839 997 Picard.
858 975 948 997 [tector
968 974 1045 997 otiam
1066 982 1107 997 an.
1127 974 1193 997 1379.
1210 988 1239 991 -
1257 975 1279 997 2.
1298 974 1352 997 Non
1375 975 1445 996 clarc
1466 974 1490 996 in
1511 982 1571 997 ms..
1594 973 1637 995 ubi
1661 973 1748 1003 potins
1769 983 1781 993 ιι
1802 972 1884 994 mucis
1903 982 1915 993 υ
1938 980 1997 994 cum
2022 972 2090 994 linea
2111 979 2211 1003 supra;
2232 971 2290 995 Bul.
2310 979 2316 995 t

459 1028 467 1039 u
481 1019 588 1041 Vinoent
602 1027 623 1041 n.
641 1019 788 1049 Legcndum
803 1022 843 1041 est
858 1022 985 1049 utsupra.
997 1019 1110 1041 Jncobus
1121 1019 1229 1041 Juvenis
1247 1019 1295 1041 fuit
1310 1018 1410 1041 intrans
1425 1021 1477 1041 nat.
1492 1018 1592 1040 Pium-tt.
1611 1018 1636 1039 ln
1654 1018 1716 1047 ch.
1733 1019 1811 1039 Aven.
1824 1017 1901 1047 Greg.
1915 1017 1955 1044 xl,
1971 1017 2021 1039 vol.
2039 1017 2078 1045 lx,
2095 1017 2111 1040 ί.
2126 1016 2196 1044 50912
2210 1019 2320 1040 vocatur

457 1072 467 1082 ‘r
485 1066 559 1085 nutus
577 1063 636 1085 noh.
654 1063 701 1085 viri
716 1063 824 1086 Oliverii
840 1063 947 1085 Juvenis
967 1063 1056 1085 militis
1076 1073 1094 1086 ι».
1112 1071 1168 1085 can.
1185 1063 1248 1085 eccl.
1267 1064 1292 1085 S.
1311 1062 1383 1085 Pauli
1400 1063 1487 1087 Laod„
1506 1063 1567 1084 scol.
1587 1062 1610 1084 in
1628 1062 1717 1089 theol„
1734 1061 1796 1084 olim
1815 1065 1899 1083 rector
1915 1061 1959 1087 (ad
1975 1069 2016 1084 nn.
2033 1061 2101 1089 1371,
2118 1062 2176 1084 Jun.
2191 1062 2239 1091 27),

460 1231 764 1269 1388,Joh(1nnes
780 1239 815 1264 cle
830 1238 973 1263 Roncuria
990 1237 1105 1271 eligitur
1121 1238 1147 1262 ιἰι
1165 1241 1307 1263 rectorem.

1642 1280 1716 1308 1373,
1734 1279 1849 1305 Octobris
1866 1280 1902 1309 10,
1919 1280 2032 1305 Parisiis.

545 1364 648 1395 Anno
667 1361 809 1394 Domini
830 1361 924 1400 1:373,
943 1359 1001 1391 die
1018 1360 1055 1391 x'
1077 1359 1214 1391 mensis
1236 1358 1417 1399 Octobris,
1442 1358 1580 1391 electus
1601 1359 1667 1391 suit
1688 1359 1723 1390 in
1746 1365 1923 1391 rectorem
1941 1358 2113 1403 magister
2132 1357 2317 1391 Johannes

456 1429 499 1461 (le
522 1429 720 1461 Roncuria²
742 1427 786 1459 de
807 1426 951 1459 natione
973 1425 1171 1466 Gallicana,
1195 1425 1381 1457 Tnllensis
1403 1425 1583 1469 dyocesis,
1607 1425 1667 1469 qui
1689 1425 1774 1457 fecit
1795 1425 2050 1469 precedentem
2077 1424 2208 1457 librum
2239 1435 2317 1457 rec-

457 1496 546 1528 torie
568 1494 747 1540 cooperiri
775 1493 868 1538 pelle
891 1492 1013 1531 rubea,
1038 1492 1206 1536 ponendo
1228 1503 1318 1524 nova
1340 1491 1535 1524 firmacula.

546 1593 611 1615 Mus.
628 1592 745 1615 Britann.
762 1599 810 1614 mS.
828 1591 888 1614 add.
905 1591 989 1618 17304,
1007 1590 1050 1613 sol.
1066 1590 1119 1613 143.

549 1678 570 1700 1.
589 1678 629 1700 Sic
645 1677 670 1699 in
691 1677 745 1700 Lib.
759 1683 836 1706 proc.
855 1681 914 1700 nat.
927 1676 1039 1705 Anqlic.
1058 1676 1107 1698 Sed
1127 1675 1152 1698 in
1169 1675 1243 1699 Mus.
1262 1676 1334 1700 Brit.
1350 1678 1456 1698 notatur
1472 1675 1505 1706 xj.
1525 1689 1549 1692 —
1567 1677 1590 1698 2.
1610 1675 1669 1698 Fuit
1683 1678 1839 1706 procurator
1855 1678 1909 1698 nat.
1926 1674 2021 1698 Gallie.
2037 1683 2079 1697 nn.
2100 1675 2168 1702 1367,
2186 1673 2269 1705 Api-it.
2287 1674 2316 1702 ὃς

456 1724 524 1751 1369,
541 1723 604 1745 Νον.
624 1722 666 1748 19;
682 1722 750 1746 13711.
767 1722 830 1751 Aug.
850 1722 879 1743 26
894 1721 972 1749 (But,
990 1721 1030 1747 IV,
1047 1722 1111 1749 969).
1129 1720 1226 1743 lterum
1245 1723 1329 1743 rector
1346 1721 1406 1743 1379
1426 1720 1490 1749 (vid.
1507 1720 1592 1748 infru),
1611 1720 1646 1743 Ad
1663 1728 1704 1742 nn.
1723 1720 1792 1747 1369,
1812 1720 1871 1742 Maii
1885 1720 1921 1749 10,
1938 1722 2047 1742 vocatur
2064 1719 2198 1742 ,lohannes
2214 1718 2316 1742 Rnuleti

453 1768 484 1790 (le
500 1766 636 1794 Rom-urin,
650 1770 710 1788 tuuc
724 1766 830 1788 studens
847 1765 871 1787 in
890 1766 938 1787 fac.
951 1765 1029 1787 theol.
1046 1765 1117 1795 (Reg.
1137 1765 1182 1788 Av.
1200 1764 1300 1788 Urbani
1316 1765 1344 1792 V,
1360 1765 1410 1788 vol.
1427 1765 1478 1791 XX,
1496 1766 1512 1788 s.
1529 1765 1610 1793 29811).

460 1932 597 1968 1389.
624 1942 668 1966 Lis
685 1950 778 1966 coram
795 1940 979 1966 Parlamento
996 1941 1069 1965 Inter
1087 1940 1302 1965 [Mirer-sitalem
1318 1940 1412 1965 Paris.
1432 1943 1458 1965 el
1472 1939 1623 1965 Robertum
1639 1939 1674 1965 de
1690 1939 1825 1965 Pinconio
1838 1940 2014 1974 semiferum.

1609 2023 1684 2051 7373,
1701 2022 1846 2048 Decembris
1863 2023 1899 2052 10,
1916 2023 2030 2048 Parisiis.

542 2102 630 2134 Cum
654 2102 698 2133 lis
719 2108 813 2134 mota
833 2101 964 2134 fuisset
983 2113 1101 2133 coram
1124 2101 1310 2145 preposito
1332 2108 1456 2133 nostro
1479 2101 1610 2133 Paris.¹
1634 2101 1728 2134 inter
1750 2108 2019 2146 procuratorem
2043 2107 2220 2142 nostrum,
2243 2112 2316 2134 rec—

455 2174 566 2200 torem
584 2168 770 2200 carissime
792 2168 864 2200 filie
886 2174 1008 2200 nostre
1031 2168 1286 2200 Universitatis
1312 2168 1423 2200 Paris.
1447 2168 1593 2200 nomine
1615 2168 1731 2213 ipsius
1753 2168 2022 2209 Universitatis,
2044 2175 2079 2200 et
2102 2167 2314 2213 magistrum

455 2234 643 2278 Symonem
667 2235 710 2266 (le
732 2235 908 2278 Cernayo,
932 2233 1196 2278 presbyterum,
1219 2233 1394 2266 scolarem
1417 2234 1580 2278 ejusdem
1600 2234 1868 2275 Universitatis,
1887 2234 2098 2279 magistrum
2120 2234 2157 2266 in
2177 2233 2316 2267 artibus

455 2307 489 2332 et
516 2300 551 2331 in
579 2300 742 2333 facultate
764 2300 948 2345 theologie
976 2301 1195 2341 studentem,
1220 2307 1257 2332 ut
1282 2300 1436 2342 dicebat,
1461 2301 1556 2333 dicto
1578 2308 1812 2346 procuratore
1839 2308 1965 2334 nostro
1986 2301 2030 2334 ad
2055 2312 2182 2333 omnes
2209 2299 2314 2342 fines,

454 2373 593 2398 rectore
623 2373 655 2398 et
684 2367 856 2410 magistro
884 2368 1037 2411 Symone
1064 2367 1237 2411 predictis
1263 2367 1305 2399 ad
1334 2367 1440 2399 finem
1468 2367 1610 2400 civilem
1633 2368 1815 2401 dumtaxat
1840 2367 2088 2409 tendentibus,
2111 2373 2252 2400 actores
2272 2378 2315 2400 ex

453 2439 550 2476 parte
572 2444 653 2472 una,
676 2439 709 2464 et
731 2432 925 2465 Robertum
948 2433 992 2465 de
1014 2433 1187 2465 Pinconio
1215 2433 1425 2466 scutiserum
1448 2441 1483 2466 et
1506 2434 1674 2467 Colinum
1698 2434 1831 2467 dictum
1854 2434 2006 2468 Corrois
2027 2434 2144 2479 ipsius
2166 2433 2314 2467 Roberti

453 2498 682 2538 servientem,
713 2505 818 2542 prout
845 2499 997 2539 dicebat,
1025 2499 1240 2532 defensores
1269 2512 1311 2532 ex
1332 2500 1458 2541 altera,
1480 2512 1590 2545 super
1611 2512 1654 2533 eo
1675 2501 1772 2545 quod
1793 2501 1879 2533 dicti
1900 2507 2041 2533 actores
2063 2499 2315 2545 proponebant

453 2564 548 2608 quod
571 2564 663 2596 idem
687 2565 858 2608 magister
879 2566 1009 2609 Symon
1031 2565 1181 2598 scolaris
1203 2572 1237 2598 et
1258 2567 1487 2610 suppositum
1505 2567 1761 2600 Universitatis
1783 2567 1945 2612 predicte
1966 2580 1984 2600 a
2004 2568 2083 2611 xxvj
2101 2567 2206 2600 annis
2226 2567 2314 2600 citra

452 2630 579 2669 fuerat,
618 2636 652 2662 et
681 2630 717 2662 in
748 2642 786 2662 ea
817 2631 965 2674 gradus,
998 2631 1168 2663 videlicet
1202 2632 1448 2676 magisterium
1482 2633 1517 2665 in
1552 2633 1718 2666 facultate
1759 2634 1909 2675 arcium,
1943 2640 2141 2678 receperat,
2179 2639 2214 2666 et
2250 2644 2314 2678 pet·

453 2708 619 2739 magnum]
648 2702 787 2739 tempus
808 2697 843 2728 in
865 2697 1030 2729 facultate
1055 2697 1236 2742 theologie
1259 2699 1458 2740 studuerat,
1482 2706 1516 2732 et
1537 2700 1588 2732 sic
1615 2706 1781 2744 tanquam
1810 2700 1961 2733 scolaris
1987 2700 2104 2745 ipsius
2125 2699 2315 2733 Universi-

452 2762 532 2794 tatis
572 2762 607 2794 in
638 2762 733 2795 salva
769 2769 804 2794 et
833 2763 980 2807 speciali
1010 2764 1133 2807 gardia
1164 2771 1286 2796 nostra
1317 2777 1334 2797 a
1373 2772 1534 2810 tempore
1567 2766 1730 2811 predicto
1758 2767 1901 2799 notorie
1933 2767 2111 2808 extiterat,
2145 2772 2181 2799 et
2214 2765 2312 2811 quod

452 2828 602 2872 quedam
632 2828 727 2860 salva
749 2829 871 2873 gardia
899 2836 1032 2863 nostra.
1060 2830 1209 2874 speciali
1237 2843 1254 2863 a
1281 2831 1386 2863 nobis
1409 2844 1472 2876 per
1502 2833 1619 2877 ipsum
1643 2833 1801 2873 obtenta,
1825 2833 1861 2865 in
1882 2833 1965 2866 villa
1988 2833 2032 2865 de
2058 2833 2221 2877 Angiaco
2248 2844 2313 2878 per

450 2894 751 2927 locumtenentem
780 2894 916 2927 baillivi
946 2896 1061 2928 nostri
1095 2897 1376 2931 Silvanectensis
1405 2899 1521 2931 suerat
1549 2899 1741 2944 publicata,
1769 2906 1805 2932 et
1831 2900 1928 2944 quod
1956 2899 2084 2944 xxiiij⁰¹
2103 2899 2187 2932 anni
2211 2905 2314 2933 erant
