2488 3386
198 340 292 384 1384]
612 361 658 382 AB
693 360 800 381 ANNO
835 359 965 381 MCCCL
999 360 1131 387 USQUE
1166 359 1214 380 AD
1250 359 1513 380 BENEDtC'rUM
1549 359 1638 380 xiii.
1994 349 2057 382 :327

194 435 403 475 interesset,
425 426 557 467 dicturi
578 441 612 467 et
633 433 893 478 significaturi3
915 426 959 467 ad
980 426 1049 477 que
1072 432 1192 465 omnia
1220 432 1386 476 legentes
1409 432 1444 463 in
1467 432 1562 464 dicto
1589 430 1746 464 claustro
1769 433 1955 464 convocati
1985 433 2062 464 fue-

194 508 273 534 rant
293 513 331 534 ac
351 513 478 534 vocem
500 507 535 534 et
559 500 782 533 audienciam
805 499 1018 539 habuerant,
1045 493 1349 543 quemadmodum
1371 498 1482 530 ceteri
1504 498 1666 541 magistri
1694 498 1729 530 in
1753 490 1925 542 predictis
1952 498 2063 531 facul'-

196 567 329 600 tatibus
354 560 544 612 regentes;
569 574 604 600 et
623 567 775 611 insuper
795 566 892 611 quod
922 566 965 598 ad
993 577 1119 598 causas
1150 565 1331 609 predictas
1357 571 1391 596 et
1418 564 1505 596 alias
1527 564 1649 596 debite
1672 564 1757 596 dicti
1779 572 2060 609 conquerentes,

195 625 301 679 prout
321 634 521 679 quemlibet
542 645 666 666 eorum
689 625 870 678 tangebat,
893 626 1032 664 fuerant
1056 639 1088 664 et
1111 638 1213 663 erant
1233 631 1269 663 in
1292 631 1528 675 possessione
1551 637 1585 662 et
1607 630 1752 670 saisina,
1774 631 1870 674 quod
1892 631 2062 664 doctores

194 708 228 734 et
248 701 412 746 magistri
435 701 472 733 in
494 700 587 733 dicta
609 700 776 732 facultate
799 699 1027 731 decretorum
1050 705 1222 743 regentes
1242 697 1299 730 vel
1327 697 1386 729 alii
1413 697 1621 741 quicunque
1651 697 1767 729 dictos
1795 705 2062 741 conquerentes

193 780 232 800 ac
254 767 449 812 magistros
470 767 507 799 in
527 766 620 799 dicta
641 766 807 799 facultate
829 766 1058 798 decretorum
1082 771 1252 808 regentes
1274 764 1368 796 dicte
1395 763 1550 796 ecclesie
1572 764 1768 796 canonicos
1793 770 1851 796 aut
1879 764 1915 795 in
1938 761 2061 796 eadem

194 833 347 866 ecclesia
369 833 564 878 dignitates
585 833 642 866 vel
670 832 844 865 beneficia
867 832 1043 865 habentes
1065 838 1100 864 et
1126 832 1162 863 in
1184 830 1295 863 scolis
1323 831 1409 863 dicti
1433 830 1581 862 claustri
1612 830 1778 875 legentes
1806 830 1842 862 in
1873 831 2062 874 premissis

192 890 249 933 rel
280 901 315 932 in
343 900 456 933 altero
487 891 686 932 eorundem
715 899 892 944 impedire
920 911 984 931 seu
1014 910 1078 943 per
1104 898 1315 938 citaciones,
1342 897 1569 929 moniciones
1589 897 1646 930 vel
1673 896 1917 929 inhibiciones
1942 897 2062 930 vexari

196 957 268 999 non
297 973 464 1011 poterant
491 978 557 998 nec
586 965 785 1005 debebant3
804 958 853 997 Vin
884 965 1196 1010 possessioneque
1223 971 1255 996 et
1287 964 1433 1004 saisina,
1457 964 1555 1008 quod
1586 963 1671 996 dicti
1701 970 1969 1007 conquerentes
1991 975 2062 995 non

193 1032 410 1066 tenebantur
431 1045 496 1065 nec
519 1039 687 1065 tenentur
708 1045 726 1064 a
748 1031 932 1077 magistris
953 1032 989 1064 in
1007 1032 1100 1064 dicta
1121 1030 1287 1063 facultate
1306 1030 1533 1063 decretorum
1557 1030 1770 1074 regentibus
1792 1030 1979 1062 licenciam
1998 1042 2062 1062 seu

193 1091 411 1144 Congedium
435 1111 546 1144 super
566 1099 757 1143 premissis
779 1099 966 1143 requirere
992 1098 1048 1131 vel
1074 1097 1225 1138 habere3
1248 1103 1283 1130 et
1304 1097 1401 1141 quod
1428 1097 1512 1129 dicti
1535 1097 1697 1141 magistri
1719 1097 1754 1128 in
1777 1097 1870 1129 dicta
1896 1096 2062 1129 facultate

194 1165 423 1198 decretorum
452 1172 623 1210 regentes
644 1165 736 1198 ullas
758 1165 994 1198 defensiones
1015 1164 1151 1198 validas
1180 1164 1287 1196 dictis
1312 1163 1637 1208 conquerentibus,
1661 1164 1756 1208 quod
1787 1163 1857 1208 ipsi
1887 1164 1924 1195 in
1951 1163 2061 1196 scolis

193 1231 279 1264 dicti
300 1232 448 1265 claustri
469 1244 541 1264 non
562 1232 697 1277 legant,
720 1232 838 1264 facere
860 1239 920 1264 aut
944 1232 1034 1276 ipsis
1061 1243 1144 1264 suas
1165 1231 1349 1263 lecciones
1371 1230 1597 1274 suspendere
1619 1230 1676 1263 vel
1697 1230 1798 1275 ipsos
1818 1243 1835 1262 a
1857 1230 1963 1262 dictis
1985 1230 2060 1263 suis

192 1298 341 1332 lecturis
358 1305 393 1332 et
413 1311 431 1331 a
452 1299 583 1331 ceteris
600 1311 724 1332 eorum
742 1298 890 1343 juribus
907 1305 942 1331 et
961 1298 1182 1339 franchisiis,
1201 1297 1334 1342 quibus
1355 1297 1519 1342 magistri
1541 1304 1573 1330 et
1596 1297 1765 1329 doctores
1783 1297 1819 1329 in
1837 1297 1929 1329 dicta
1950 1297 2062 1330 facul-

192 1371 261 1398 tate
283 1365 512 1398 decretorum
535 1365 571 1398 in
593 1365 673 1398 vico
696 1365 822 1398 Clausi
842 1365 1008 1398 Brunelli
1029 1371 1063 1397 et
1083 1364 1168 1397 alibi
1190 1364 1355 1409 legentes
1379 1364 1584 1401 utebantur,
1607 1364 1834 1408 suspendere
1856 1375 1919 1396 seu
1942 1364 2061 1408 repel-

192 1431 266 1464 lere
284 1443 356 1464 non
374 1437 539 1476 poterant
559 1443 624 1464 nec
647 1431 841 1472 debebant,
859 1438 894 1464 et
914 1432 944 1464 si
967 1443 1055 1476 quas
1076 1431 1311 1464 defensiones
1330 1431 1437 1463 dictis
1458 1430 1770 1475 conquerentibus
1790 1431 1961 1469 facerent,
1981 1442 2062 1475 pre-

192 1498 298 1531 dictis
329 1498 606 1531 defensionibus
641 1498 749 1531 iidem
782 1505 1050 1542 conquerentes
1079 1498 1329 1543 obtemperare
1361 1509 1425 1530 seu
1454 1497 1604 1530 obedire
1640 1504 1673 1530 et
1704 1497 1746 1529 ab
1773 1509 1897 1529 eorum
1925 1497 2061 1529 lectura

192 1576 258 1609 pro
279 1565 385 1597 dietis
407 1565 451 1597 de
475 1565 568 1597 dicta
589 1565 755 1598 facultate
772 1557 1004 1597 *decretorum
1028 1565 1115 1608 (nisi
1137 1565 1247 1598 ceteri
1270 1565 1433 1609 magistri
1462 1565 1498 1596 in
1526 1565 1618 1597 dicta
1640 1564 1805 1596 facultate
1832 1564 2059 1596 decretorum

191 1638 362 1676 regentes
390 1638 539 1676 propter
563 1632 693 1664 factum
724 1638 758 1664 et
787 1644 929 1664 causam
956 1631 1178 1676 generaliter
1204 1638 1312 1664 totam
1339 1632 1615 1664 Universitatem
1646 1638 1836 1675 tangentes
1864 1632 2060 1673 cessarent)

191 1709 336 1731 cessare
365 1710 438 1731 non
466 1696 665 1738 debebant,
694 1698 731 1730 in
762 1699 1073 1743 possessioneque
1101 1705 1133 1731 ct
1163 1699 1296 1731 saisina
1325 1698 1421 1743 quod
1453 1698 1605 1742 predicti
1634 1698 1677 1730 de
1709 1698 1866 1742 predicta
1894 1697 2060 1730 facultate

193 1764 349 1797 bedellis
370 1756 464 1797 dicte
485 1765 664 1798 facultatis
686 1765 883 1798 defendere
905 1777 977 1798 non
999 1772 1178 1810 poterant,
1201 1766 1288 1810 quin
1310 1766 1379 1810 ipsi
1401 1765 1536 1797 bedelli
1558 1765 1594 1796 in
1615 1765 1726 1797 scolis
1748 1764 1833 1797 dicti
1855 1764 2002 1797 claustri
2026 1771 2061 1796 et

192 1831 228 1863 in
255 1831 362 1863 domo
393 1831 478 1864 dicti
507 1831 634 1864 decani
665 1832 769 1872 festa,
797 1832 972 1873 examina,
993 1832 1301 1877 congregationes
1327 1838 1362 1864 et
1388 1831 1455 1864 alia
1483 1831 1612 1864 dictam
1642 1831 1845 1863 facultatem
1877 1831 2059 1876 tangentia

192 1909 266 1930 non
287 1898 554 1942 significarent,
579 1910 721 1931 necnon
743 1898 829 1931 dieti
852 1899 1010 1931 decanus
1032 1906 1067 1931 et
1089 1899 1284 1943 capitulum
1310 1899 1345 1931 in
1372 1899 1609 1943 possessione
1635 1905 1670 1931 et
1697 1898 1831 1931 saisina
1859 1898 2005 1930 tenendi
2027 1904 2061 1930 et

192 1964 451 1997 manutenendi
473 1965 684 2009 magistrum
708 1977 811 1997 suum
834 1972 1021 2010 regentem
1044 1965 1101 1998 vel
1122 1965 1229 1998 alium
1253 1978 1358 1998 suum
1380 1966 1592 1998 canonicum
1614 1966 1650 1997 in
1672 1965 1778 1997 dietis
1801 1977 1924 1997 eorum
1949 1964 2059 1997 scolis

192 2031 375 2076 legentem
403 2031 439 2063 in
468 2031 781 2076 possessionibus,
812 2032 959 2064 saisinis
992 2039 1027 2065 et
1057 2032 1265 2065 franchisiis
1296 2033 1470 2077 predictis
1498 2044 1536 2064 ac
1564 2032 1719 2064 faciendi
1748 2032 1864 2064 dictos
1894 2031 2059 2076 legentes

193 2097 299 2130 dietis
321 2097 622 2142 possessionibus
648 2105 683 2130 et
703 2098 850 2130 saisinis
872 2099 941 2137 uti·‚
969 2111 1007 2131 ac
1035 2099 1120 2131 dicti
1150 2099 1315 2143 legentes
1337 2099 1373 2131 in
1396 2099 1632 2143 possessione
1654 2105 1688 2131 ct
1715 2098 1847 2130 saisina
1875 2110 1938 2142 per
1958 2098 2059 2142 ipsos

193 2164 367 2197 decanum
397 2171 432 2196 et
461 2164 657 2209 capitulum
687 2165 723 2196 in
751 2164 857 2197 dictis
888 2165 1189 2209 possessionibus
1218 2172 1253 2198 et
1280 2166 1426 2198 saisinis
1458 2165 1682 2198 manuteneri
1711 2171 1743 2197 ct
1771 2165 1990 2204 conservari,
2015 2164 2058 2196 de

193 2230 372 2275 dictisque
400 2230 700 2275 possessionibus
730 2237 763 2263 et
792 2231 938 2263 saisinis
967 2231 1052 2264 dicti
1082 2239 1350 2276 conquerentes
1379 2232 1435 2264 usi
1462 2232 1604 2264 fuerant
1632 2238 1666 2263 et
1690 2231 1805 2275 gavisi
1835 2243 1898 2275 per
1924 2237 2057 2263 tantum

194 2297 366 2342 temporis
397 2297 571 2342 spacium,
603 2297 646 2329 de
676 2298 779 2341 cujus
807 2298 988 2330 contrario
1019 2298 1205 2330 hominum
1228 2299 1400 2331 memoria
1422 2298 1570 2330 minime
1599 2298 1821 2338 recordatur,
1845 2304 1904 2330 aut
1932 2297 2057 2330 saltem

193 2375 257 2408 per
278 2370 419 2408 tempus
442 2363 626 2396 sufficiens
647 2364 691 2396 ad
712 2365 971 2408 possessiones
992 2371 1025 2396 et
1046 2365 1200 2397 saisinas
1221 2365 1460 2409 acquirendas
1482 2372 1517 2397 et
1539 2364 1759 2397 retinendas.

283 2431 326 2462 Et
346 2430 451 2463 dictis
479 2430 779 2474 possessionibus
807 2437 842 2463 et
869 2431 1014 2463 saisinis
1042 2443 1081 2463 ac
1109 2431 1317 2464 franchisiis
1346 2431 1492 2472 utendo,
1524 2431 1696 2476 magister
1715 2430 1872 2463 Jacobus
1900 2430 2058 2463 decanus

194 2496 378 2541 predictus
399 2509 478 2529 cum
505 2497 656 2529 licencia
678 2504 712 2529 et
732 2498 943 2530 auctoritate
965 2498 1143 2530 dictorum
1171 2498 1214 2530 de
1241 2498 1397 2542 capitulo
1419 2498 1455 2530 in
1477 2498 1587 2530 scolis
1608 2498 1693 2530 dicti
1721 2497 1869 2530 claustri
1891 2504 2055 2541 tanquam

194 2563 366 2607 magister
383 2570 417 2595 et
437 2563 565 2596 doctor
586 2564 829 2604 decretorum,
847 2564 883 2596 in
906 2564 999 2597 dicta
1021 2576 1153 2609 regens
1173 2564 1353 2606 facultate,
1376 2576 1440 2609 per
1460 2564 1609 2609 longum
1632 2571 1774 2609 tempus
1792 2564 1944 2609 legisset
1960 2570 1993 2595 et
2014 2563 2055 2595 ad

193 2641 335 2662 causam
361 2629 570 2673 hujusmodi
598 2630 770 2674 magister
789 2630 946 2663 Jacobus
969 2631 1127 2663 decanus
1156 2631 1341 2675 predictus
1370 2631 1539 2663 omnibus
1564 2630 1710 2675 juribus
1739 2637 1773 2663 et
1803 2630 2055 2675 prerogativis,

193 2695 326 2740 quibus
348 2696 510 2740 magistri
538 2703 707 2741 regentes
733 2697 769 2729 in
797 2697 918 2730 studio
941 2698 1137 2730 parisiensi
1160 2698 1195 2730 in
1224 2698 1383 2742 predicta
1408 2698 1574 2730 facultate
1601 2698 1828 2730 decretorum
1851 2696 2054 2734 utebantur,

194 2773 281 2794 usus
302 2762 410 2794 suerit
437 2769 471 2795 et
502 2763 663 2807 gavisus,
693 2770 727 2796 et
755 2764 852 2808 quod
883 2764 1071 2808 premissis
1094 2776 1167 2796 non
1189 2764 1417 2797 obstantibus
1445 2764 1614 2796 doctores
1641 2771 1672 2796 et
1705 2763 1866 2808 magistri
1898 2774 1991 2794 nunc
2020 2762 2054 2793 in

195 2828 354 2872 predicta
375 2828 603 2861 decretorum
630 2829 797 2862 facultate
820 2837 989 2874 regentes
1010 2843 1048 2863 ac
1070 2842 1195 2863 eorum
1217 2831 1457 2863 commissarii
1486 2837 1519 2863 et
1546 2831 1704 2874 deputati
1727 2829 1782 2862 vel
1812 2829 1904 2861 alius
1931 2840 2053 2860 eorum

194 2894 339 2927 nomine
357 2906 420 2927 sua
437 2895 523 2927 moti
545 2895 728 2928 voluntate
745 2896 882 2940 absque
900 2909 1005 2929 causa
1024 2897 1233 2929 ra‹·ionabili
1256 2909 1371 2941 nuper
1388 2897 1521 2929 dictum
1541 2897 1713 2929 decanum
1734 2901 1960 2935 monuerant,
1983 2901 2020 2926 ut
2037 2906 2053 2926 a
