2488 3386
196 317 291 354 1363]
609 329 654 351 AB
687 329 794 352 Auno
829 328 963 350 MCCCL
996 328 1128 356 USQUE
1163 328 1210 349 An
1246 327 1509 349 BENEDICTUM
1543 328 1620 349 x111
1993 319 2056 351 103

193 404 275 445 bus,
296 409 360 439 etc.
384 423 430 429 —-
454 403 530 436 Fiat
555 403 587 436 si
616 402 754 448 placeat
782 401 978 447 generali².
1001 402 1041 433 B.
1065 421 1109 425 --
1137 402 1180 433 Et
1205 407 1364 433 transeat
1392 401 1471 433 sine
1497 401 1563 433 alia
1588 401 1756 434 lectione.
1778 422 1821 426 —
1842 402 1928 435 Fiat.
1952 403 1991 434 B.
2012 423 2057 427 —

194 472 322 503 Datum
342 470 521 503 Avinione
542 476 666 502 octavo
687 469 737 501 id.
758 468 909 513 Aprilis,
931 479 1025 500 anno
1047 467 1175 512 primo.

286 568 348 598 neg.
365 567 422 590 Vat.
441 566 537 598 Suppl.
552 565 654 589 Urbani
668 565 698 594 V,
715 573 757 590 un.
775 565 797 593 1,
814 573 841 596 p.
859 565 882 592 3,
901 565 947 588 fol.
967 566 1005 589 86.
1018 579 1050 583 —
1066 565 1095 588 In
1113 565 1176 595 Reg.
1193 564 1250 587 vat.
1266 563 1391 588 Avenion.
1415 564 1480 587 Urb.
1499 563 1529 595 V,
1551 564 1603 587 vol.
1622 564 1651 593 V,
1669 564 1712 587 fol.
1729 564 1782 592 558,
1801 565 1887 588 exstat
1902 565 1951 587 sub
1966 565 2057 588 eudem

192 611 318 643 temporis
336 614 398 634 nota
412 611 567 634 mandatum
582 613 668 642 apost.
684 610 717 633 nd
732 609 900 639 (Grimerium
917 609 1054 638 Bonifacii)
1070 609 1179 632 cancell.
1197 608 1282 632 Paris.
1299 616 1311 631 «
1326 608 1381 631 Viri
1397 616 1471 631 sacre
1486 608 1606 631 lectionis
1623 617 1645 631 ».

286 695 308 718 1.
333 694 517 718 Bosemhiante
534 694 654 717 Badouro
677 694 710 716 da
731 694 832 724 Pei-aga
851 693 878 716 di
897 693 1013 722 Padova,
1030 695 1122 724 postea
1139 693 1276 723 professor
1292 691 1441 722 theologiae
1456 691 1570 714 Pnduae.
1590 691 1649 715 Vid.
1667 691 1766 720 Gloria,
1785 691 1967 716 Monumenti
1984 692 2059 716 della

196 739 353 764 Universita
367 739 396 764 di
412 739 534 767 Ραιῐουα,
553 738 563 761 1
586 738 710 767 (Padovu,
727 738 806 767 1888),
826 746 852 769 p.
879 738 932 766 548,
955 737 1001 760 ubi
1020 744 1170 768 perperam,
1187 736 1225 759 uti
1247 739 1272 760 ot
1294 737 1375 758 frater
1393 735 1448 767 ejus
1468 736 1662 765 Bonaventura,
1685 735 1778 759 Ordini
1796 736 1888 759 Praed.
1908 736 2059 759 ascribitur.

193 784 233 808 Cf.
247 783 344 807 Denine
357 783 383 806 in
401 783 504 807 Archiv
521 784 542 813 s.
558 783 727 807 Linea-atur·
742 789 772 806 u.
787 781 1017 812 Kirchenyesch„
1032 781 1074 809 VI,
1091 781 1146 805 362.
1160 794 1192 798 —
1209 781 1232 803 2.
1250 780 1381 803 Matthaeo
1396 780 1427 803 de
1440 780 1545 808 Asculo,
1561 788 1631 811 mag.
1648 780 1674 803 in
1687 780 1778 809 theol.y
1794 780 1825 803 de
1838 788 1888 811 quo
1902 780 1955 810 jum
1968 788 2057 811 supra.

198 937 338 974 1277.
360 945 512 979 lohannes,
529 946 701 970 Francorum
721 952 780 976 rex,
798 942 947 979 supplicat
959 951 1012 978 pro
1026 942 1155 968 Iohanne
1170 942 1335 976 Forbitoris,
1357 941 1423 967 Ord.
1445 941 1589 976 Praedia,
1613 945 1643 967 ut
1661 942 1746 976 finita
1767 941 1877 968 lectura
1897 943 2060 968 Sententia-

282 1003 342 1020 rum
358 993 450 1020 eidem
465 993 584 1019 licentia
599 992 752 1018 tribuatur.

1529 1026 1602 1055 1363,
1618 1026 1710 1058 Aprilis
1723 1027 1768 1052 20.

283 1113 468 1158 Supplicat
502 1112 680 1146 sanctitati
711 1118 832 1145 vestre
864 1111 1017 1144 devotus
1052 1110 1149 1143 filius
1180 1116 1302 1143 vester
1334 1121 1396 1142 rex
1431 1110 1670 1142 Francorum¹
1705 1109 1803 1154 quod
1837 1122 1916 1143 cum
1952 1111 2061 1143 frater

191 1179 375 1213 Johannes
405 1178 627 1212 Forbitoris²
649 1178 798 1212 Ordinis
827 1178 1098 1210 predicatorum
1120 1176 1267 1221 (dudum
1289 1176 1514 1209 confessoris
1542 1176 1670 1217 nostri,
1693 1188 1773 1209 cum
1801 1188 1967 1209 essemus
1989 1177 2060 1209 (lux

192 1245 425 1286 Nmmannie,
448 1245 584 1286 socius,
606 1251 685 1278 actu
707 1256 802 1277 nunc
828 1244 956 1289 legens
983 1243 1187 1276 Sententias
1212 1242 1385 1284 Parisius‚
1408 1243 1512 1287 cujus
1533 1254 1654 1275 mores
1675 1249 1710 1275 et
1734 1242 1872 1275 litteras
1894 1243 2061 1288 probavi-

193 1324 273 1345 mus
294 1312 372 1346 vice
402 1311 515 1357 plura)
536 1311 634 1344 finita
660 1311 753 1344 dicta
781 1311 1047 1344 Sententiarum
1077 1309 1226 1351 lectura
1249 1316 1389 1351 cuncta,
1411 1321 1481 1354 que
1502 1309 1546 1342 ad
1571 1309 1835 1354 promotionem
1860 1310 2059 1355 magisterii

193 1385 279 1412 sunt
307 1378 493 1423 requisita,
523 1377 706 1410 ordinarie
734 1384 769 1410 et
798 1384 836 1410 ut
865 1377 977 1409 moris
1005 1383 1060 1409 est
1080 1369 1241 1409 Parisius
1266 1375 1514 1420 compleverit,
1538 1376 1708 1420 quatinus
1735 1376 1850 1408 eidem
1883 1377 2059 1409 sanctitati

193 1452 313 1479 vestre
335 1445 472 1490 placeat
492 1444 661 1477 mandare
683 1445 790 1476 Beate
806 1443 970 1489 Virginis
991 1442 1209 1475 Parisiensis
1226 1442 1454 1483 cancellario7
1475 1442 1572 1487 quod
1593 1442 1691 1475 finita
1713 1443 1896 1488 sepedicta
1914 1444 2060 1476 Senten-

193 1512 321 1545 tiarum
351 1511 487 1544 lectura
518 1511 673 1544 eundem
702 1511 847 1543 fratrem
877 1509 1076 1543 Johannem
1108 1509 1271 1542 licentiet
1297 1516 1330 1542 et
1360 1509 1403 1542 ad
1433 1509 1633 1554 magisterii
1668 1510 1817 1554 gradum
1853 1516 2062 1554 promoveat

193 1577 330 1623 absque
365 1577 607 1610 retardatione
644 1576 774 1621 aliqua,
811 1576 1000 1621 potissime
1033 1576 1063 1608 si
1100 1575 1356 1620 magistrorum
1393 1575 1597 1620 regentium
1633 1576 1841 1609 testimonio
1877 1576 2061 1609 sufficiens

187 1645 385 1689 judicetur.
403 1665 447 1669 —
467 1644 554 1676 Fiat.
578 1644 617 1676 B.
635 1664 679 1668 —
699 1643 783 1676 Sine
805 1643 973 1675 lectione.
990 1663 1034 1666 —
1055 1642 1141 1675 Fiat.
1166 1643 1204 1674 B.
1223 1663 1266 1666 —
1287 1643 1414 1674 Datum
1436 1642 1616 1675 Avinione
1637 1642 1854 1675 duodecimo
1876 1643 1944 1675 kal.
1964 1643 2060 1683 Maii}

194 1723 287 1744 anno
309 1712 438 1756 primo.

284 1808 347 1839 Reg.
362 1808 418 1831 Vat.
438 1808 532 1839 Suppl.
553 1807 654 1831 Urbani
671 1808 700 1835 V,
719 1816 761 1830 an.
779 1808 800 1835 1,
817 1816 844 1838 p.
861 1808 882 1836 3,
901 1807 946 1830 sol.
966 1807 1040 1830 1611).
1058 1821 1084 1824 —
1101 1807 1130 1830 In
1152 1807 1218 1838 Reg.
1241 1807 1298 1829 Vut.
1318 1807 1398 1829 Aven.
1412 1806 1512 1829 Urbani
1530 1807 1559 1835 V,
1581 1807 1632 1830 vol.
1646 1807 1687 1835 Vl,
1707 1808 1752 1830 sol.
1767 1807 1840 1836 40711,
1858 1807 1999 1837 invenitur,
2013 1808 2064 1831 sub

193 1852 284 1875 endem
299 1852 425 1883 temporis
439 1855 508 1880 nota,
528 1852 681 1875 mandatum
696 1851 872 1883 apostolicum
888 1852 920 1874 ad
936 1851 1106 1882 (Grimerium
1121 1850 1261 1880 Bonisucii)
1275 1850 1461 1874 cancellarium
1476 1850 1558 1873 Paris.
1580 1860 1590 1873 r<
1607 1851 1661 1874 Viri
1678 1860 1751 1875 sacre
1766 1852 1885 1875 lectionis
1902 1861 1923 1875 υ.

287 1936 310 1959 1.
323 1935 466 1959 Jobannes.
479 1949 511 1953 —
523 1936 545 1959 2.
561 1935 660 1959 Gallice
675 1935 700 1959 le
715 1935 900 1959 Fourbisseur.
915 1935 973 1958 Vid.
989 1934 1206 1963 Quetis-Ecbard,
1225 1934 1326 1965 Script.
1344 1934 1407 1958 Ord.
1426 1934 1539 1963 Praed„
1556 1935 1576 1958 I.
1590 1936 1645 1958 677.
1659 1936 1694 1958 De
1707 1943 1736 1958 eo
1750 1935 1818 1958 infru
1833 1936 1944 1967 pluries.

198 2087 339 2124 1278.
366 2096 516 2122 Ordinatio
534 2097 660 2133 Capituli
673 2097 818 2131 generalis
832 2098 898 2123 Ord.
917 2099 1063 2124 Servorum
1079 2099 1109 2124 Β.
1124 2099 1237 2124 Mariae
1252 2098 1305 2124 snb
1319 2099 1415 2134 priore
1428 2097 1559 2132 generali
1574 2097 1693 2123 Nicolao
1709 2097 1744 2123 de
1765 2098 1886 2124 Venetiis
1902 2098 2063 2124 Florentiae

282 2145 420 2171 celebrati
435 2145 470 2171 de
485 2145 591 2171 studiis
608 2146 636 2171 in
651 2146 770 2181 collegio
785 2147 955 2173 Parisiensi.

1367 2183 1443 2213 1363,
1459 2183 1549 2215 Aprilis
1563 2183 1608 2212 28,
1624 2184 1775 2208 Florentiae.

281 2264 410 2297 Nullus
432 2265 591 2298 Parisius
612 2265 771 2298 mittatur·
791 2266 835 2298 ad
856 2266 1015 2298 studium
1037 2266 1098 2311 qui
1124 2266 1225 2311 prius
1248 2273 1356 2299 totam
1377 2266 1530 2311 logicam
1553 2273 1587 2299 et
1613 2266 1878 2311 philosophiam
1900 2279 1964 2311 per
1986 2274 2060 2300 tres

195 2330 320 2363 saltem
341 2343 456 2364 annos
476 2331 513 2363 in
534 2331 697 2376 partibus
718 2332 818 2364 Italie
840 2344 913 2364 non
934 2333 1043 2365 suerit
1062 2333 1334 2377 interpretatus.

285 2397 447 2442 Singulis
468 2398 700 2431 studentibus
721 2399 881 2431 Papisius
903 2398 1074 2432 euntibus
1095 2406 1238 2432 centuni
1262 2400 1391 2432 ssoreni
1412 2400 1511 2432 aurei
1536 2412 1553 2432 a
1579 2411 1642 2432 sua
1665 2400 1848 2444 provincia
1869 2400 2061 2444 assignen-

197 2470 253 2496 tur
271 2475 277 2496 :
297 2470 377 2496 octo
394 2476 459 2509 pro
480 2464 624 2506 itinere,
641 2471 722 2497 octo
743 2477 808 2510 pro
830 2465 948 2498 reditu
970 2472 1005 2498 et
1021 2465 1151 2510 reliqui
1173 2478 1238 2511 pro
1259 2466 1482 2499 indumentis
1503 2473 1537 2498 et
1557 2466 1665 2507 victu,
1689 2466 1725 2498 in
1747 2478 1852 2499 manu
1874 2467 2058 2499 camerarii

195 2530 412 2563 Parisiensis
424 2531 446 2562 ¹.

282 2596 445 2639 Quilibet
473 2597 624 2630 studens
655 2604 737 2642 post
766 2598 961 2630 triennium
989 2598 1149 2631 Parisius
1178 2610 1348 2632 reversus
1376 2605 1540 2631 teneatur
1565 2599 1633 2631 alio
1663 2599 1818 2631 triennio
1846 2599 1998 2644 logicam
2025 2605 2058 2630 et

194 2661 459 2708 philosophiam
486 2676 524 2696 ac
552 2663 773 2709 theologiam
802 2665 1046 2709 interpretari,
1076 2677 1192 2707 orare,
1226 2665 1434 2698 concionari
1468 2672 1502 2698 ct
1532 2665 1716 2710 disputare
1750 2665 1893 2709 quoties
1922 2672 1953 2697 et
1983 2664 2057 2696 ubi-

195 2729 366 2773 [cunque]
389 2741 454 2774 per
473 2730 681 2774 generalem
708 2730 844 2763 suerint
864 2731 1043 2775 requisiti7
1066 2743 1132 2763 nec
1154 2731 1297 2776 possint
1321 2743 1363 2763 eo
1387 2738 1547 2775 tempore
1574 2731 1610 2763 in
1637 2731 1703 2763 alia
1732 2731 1846 2763 officia
1875 2730 2055 2775 occupari.

282 2795 444 2838 Quilibet
460 2796 573 2829 frater
592 2796 629 2829 in
650 2808 749 2829 sacra
771 2796 953 2842 theologia
981 2797 1207 2830 licentiatus²
1228 2797 1357 2830 habeat
1377 2797 1420 2830 dc
1443 2798 1609 2842 deposito
1631 2798 1780 2830 Ordinis
1802 2809 1865 2841 pro
1888 2797 2057 2840 expensis

195 2861 251 2895 sui
278 2862 477 2907 magisterii
505 2862 665 2896 florenos
685 2875 815 2896 aureos
836 2870 995 2905 centum,
1017 2870 1052 2896 et
1079 2863 1287 2908 ubicunque
1317 2863 1449 2908 legerit
1479 2863 1607 2896 habeat
1633 2876 1650 2895 a
1680 2863 1892 2908 provinciali
1917 2874 2056 2895 annuos
