2488 3386
187 324 283 360 1394]
953 339 1000 360 ni:
1038 338 1278 360 sciusMATE.
1980 330 2042 363 611

277 411 353 434 Arch.
368 411 434 439 vat„
449 419 515 436 urm.
528 412 566 440 54,
584 415 613 434 n⁰
628 412 667 440 21,
683 412 728 435 sol.
744 412 782 440 33,
799 412 861 435 Cod.
876 420 926 435 ms.
940 412 1104 443 negligenter
1119 412 1243 443 scriptus.
1260 427 1288 430 —-
1304 413 1376 440 Quae
1390 417 1481 444 postea
1497 414 1636 442 evenerint,
1654 414 1706 437 vid.
1724 418 1752 437 n0
1768 415 1836 437 1682.

277 482 301 506 1.
316 482 373 505 vid.
391 490 472 513 supra
487 486 516 504 n⁰
532 482 601 512 1391,
616 482 680 506 Nov.
701 483 723 505 9.
741 483 770 506 In
786 483 955 513 sequentibus
973 483 1012 506 illi
1034 486 1144 511 tantum,
1164 491 1275 514 quorum
1297 483 1322 506 in
1342 484 1553 507 antecedentibus
1570 485 1641 507 nulla
1662 486 1691 508 fit
1707 485 1812 513 mentio,
1834 488 2000 508 annotantur.
2014 497 2044 502 —

184 527 206 550 2.
223 527 270 549 ΜΒ.
285 534 291 549 2
305 535 316 549 a
328 526 450 550 Goulnris
466 535 487 549 ».
501 527 537 549 Ex
551 526 600 549 hoc
615 529 734 558 apparet,
751 526 905 556 Johannem,
924 527 998 558 prius
1015 527 1148 550 exclusum
1161 527 1224 556 (vid.
1239 532 1288 550 num
1307 528 1384 558 1667),
1401 528 1494 550 iterum
1505 529 1537 551 ud
1551 529 1766 560 congregationes
1780 529 1925 552 admissum
1938 536 2003 552 esse.
2014 541 2045 546 —-

184 572 206 594 3.
226 571 273 594 Ms.
287 579 292 593 ·.
313 579 324 593 «
344 570 464 593 Savorini
481 579 501 594 ».
518 584 548 588 ·—
562 571 586 595 4.
602 571 649 593 Ms.
665 571 752 593 clare:
771 580 782 593 «
799 571 926 594 Cremona
940 579 962 600 »,
974 580 1033 594 cum
1048 571 1136 594 littera
1152 571 1246 595 initiali
1262 572 1364 603 grandi.
1382 572 1438 595 Vid.
1453 581 1534 603 supra
1549 577 1577 595 n⁰
1591 574 1658 602 1558,
1671 577 1724 596 not.
1740 574 1763 598 2.
1780 587 1806 591 —
1823 576 1845 597 5.
1862 574 1908 596 Ms.
1923 581 1928 596 ·.
1941 581 1952 595 «
1970 573 2044 595 Sule-

185 615 251 639 nerii
266 623 292 643 »;
308 615 386 638 Arch.
401 618 455 638 nat.
471 615 504 638 M.
521 616 560 644 75,
576 619 605 638 n⁰
620 615 662 638 131
680 623 686 638 2
703 625 716 637 n
733 615 867 638 Sullovein
884 625 906 639 n.
928 629 958 633 -—
973 617 996 638 6.
1013 616 1076 641 Ord.
1097 616 1170 645 Min„
1186 619 1211 639 et
1230 625 1272 640 un.
1293 617 1352 639 1392
1375 617 1454 646 (1393)
1475 617 1623 640 licentiatus
1644 618 1669 640 in
1688 618 1775 646 theoL,
1794 626 1807 641 e
1825 618 1915 642 catal.
1939 618 2042 646 licem„

185 659 230 682 ubi
255 662 284 682 ut
299 667 388 690 supra.
407 659 454 682 Ms.
477 667 482 682 z
501 668 512 681 (ι
531 659 701 682 Tounemulle
720 668 742 683 ¹).
757 673 787 676 —
806 661 828 683 7.
845 660 880 683 De
896 668 946 691 quo
964 660 1070 691 saepius
1086 668 1175 691 supra,
1193 661 1252 691 Ipse
1267 660 1368 688 scribit,
1384 661 1409 683 in
1426 661 1501 684 Arrh.
1519 665 1571 684 nat.
1589 662 1672 685 Paris.
1687 662 1710 685 J.
1727 662 1780 689 517,
1798 666 1825 684 n⁰
1845 663 1906 684 209:
1923 672 1935 683 «ι
1957 661 2043 684 Pierre

184 705 274 727 Waart
288 713 309 726 n.
329 716 358 720 —
374 704 396 726 8.
413 703 509 726 Licent.
531 703 557 726 in
574 703 653 726 theol.
673 712 685 726 e
702 704 789 728 Catal.
807 704 899 728 licent.
919 712 959 727 an.
977 704 1046 728 1391.
1066 718 1093 722 -
1106 706 1128 728 9.
1145 705 1180 728 De
1195 714 1246 734 quo
1261 709 1289 727 n⁰
1305 706 1373 729 1604.
1389 719 1419 722 -
1438 706 1476 729 10.
1492 706 1539 728 Ms.
1559 706 1645 728 clare:
1664 715 1675 728 «
1690 706 1770 729 Gardi
1786 714 1807 729 ».
1825 706 1995 729 Scribendum
2017 709 2044 728 ut

184 756 274 779 supra.
300 761 329 765 ——
350 748 387 771 11.
410 748 446 770 De
462 747 616 776 caroliloco,
633 748 721 771 licent.
742 751 784 771 an.
806 749 866 772 1393
884 757 897 772 e
913 749 1001 774 catal.
1023 749 1117 773 licent.
1135 763 1165 766 —
1187 750 1223 772 12.
1249 750 1394 773 Riehardus
1416 750 1507 781 Papin.
1533 750 1591 773 Vid.
1616 758 1697 781 supra
1722 759 1749 781 p.
1767 752 1822 782 398,
1840 754 1892 773 not.
1912 751 1950 773 11.
1967 750 2044 773 Ehrle

183 800 323 824 perperam
339 791 431 815 scribit
446 792 478 815 ad
494 800 534 815 un.
552 792 612 815 1396
627 792 654 815 in
670 793 755 817 Arch.
770 794 790 822 f.
810 793 980 817 Litteratur-
996 800 1024 817 u.
1042 793 1267 823 Kirchenyesch.,
1283 795 1324 822 Vl,
1342 795 1403 817 220:
1421 803 1431 816 (1
1448 794 1474 817 in
1489 794 1593 817 Valesia
1609 803 1620 817 1)
1637 795 1752 825 (Valois).
1768 795 1991 826 Vuleyazvnlle.
2010 794 2044 817 De

185 837 210 860 S.
227 837 345 860 Johanne
364 836 390 859 in
406 836 478 859 Valle
498 836 551 859 vid.
570 836 643 861 Gall.
659 837 764 865 christ„
779 838 846 865 vm,
865 838 934 861 1310.
948 851 978 855 —
994 838 1031 862 13.
1048 838 1096 861 Ms.
1109 846 1114 861 ·.
1128 847 1139 861 (1
1152 838 1297 868 brarengar
1311 847 1332 862 ».
1346 839 1425 862 —14.
1442 839 1460 862 Ι.
1478 847 1499 862 e.
1516 839 1547 862 de
1561 839 1707 870 Agnevilla.
1724 839 1780 862 Vid.
1798 847 1823 870 p.
1838 840 1891 868 345,
1906 842 1958 861 not.
1975 839 1997 866 2,
2012 839 2043 861 ud

184 885 234 904 11¹¹¹¹³
244 881 314 905 1507.
324 894 355 898 —
366 881 405 904 15.
419 880 467 903 ΜΒ.
480 888 485 903 2
498 891 511 902 «
525 881 611 911 Egidii
623 891 646 905 υ.
659 895 688 899 -—
699 882 738 904 16.
752 882 787 905 De
797 882 888 905 Bosco.
902 896 927 899 —
940 882 976 905 17.
989 883 1035 906 An.
1047 883 1116 910 1395,
1130 883 1256 906 Novemh.
1271 884 1295 911 4,
1310 884 1392 906 sactus
1404 886 1443 906 est
1458 883 1540 906 abbas
1555 884 1580 906 S.
1597 883 1666 906 Petri
1678 883 1703 906 iu
1719 883 1792 906 Valle
1808 883 1960 906 Cui-notens,
1972 883 2044 914 (Reg.

184 926 230 949 Av.
246 925 308 950 Ben.
324 925 393 953 XIII,
408 925 459 948 vol.
475 925 495 952 1,
513 925 556 948 rol.
574 925 637 955 184).
653 939 682 942 —
697 926 735 948 18.
753 926 800 949 Ms.
814 926 889 957 quasi
906 936 918 947 α
931 926 1053 949 lem-uarii
1066 936 1086 950 ».
1102 926 1197 958 Utique
1212 927 1344 949 Johannes
1361 927 1538 956 Baudouardi,
1554 928 1585 950 de
1601 936 1651 959 quo
1667 931 1696 950 n0
1710 928 1780 951 1577.
1793 940 1821 944 —
1835 928 1873 951 19.
1891 927 1950 950 Sine
1966 927 2045 950 dubio

183 969 316 993 Johannes
331 979 344 991 α
358 969 462 1000 Liet'ray
473 979 494 998 »,
512 969 556 1000 qui
572 977 653 1000 supra
668 978 694 1000 p.
710 970 754 992 283
770 973 798 993 ut
813 970 941 993 scholaris
957 970 1054 993 artium
1070 970 1186 994 affertur.
1204 971 1241 994 Ad
1257 971 1345 1002 ipsum
1358 974 1387 994 ut
1401 971 1531 994 medicum
1546 980 1607 1002 epp.
1623 972 1677 1002 100,
1694 972 1748 1001 107,
1765 971 1808 994 111
1824 971 1923 994 Nicolni
1940 971 1971 994 de
1987 971 2047 994 Cla-

183 1013 286 1045 mengis
306 1013 420 1037 directae
436 1017 505 1038 sunt.
522 1027 553 1031 —
568 1015 605 1037 20.
627 1014 785 1037 Licentiatus
802 1014 828 1037 in
843 1014 923 1038 theol.
940 1023 983 1038 an.
1000 1015 1069 1039 1400.
1085 1029 1115 1032 —-
1129 1015 1167 1038 21.
1190 1016 1237 1039 ΜΒ.
1260 1023 1265 1039 :
1289 1026 1301 1037 ι(
1320 1016 1392 1038 sousi
1412 1026 1434 1039 ».
1451 1016 1510 1047 Ipse
1526 1016 1627 1046 scribit,
1643 1015 1669 1038 in
1684 1016 1760 1039 Arch.
1777 1019 1831 1039 nat.
1852 1016 1936 1039 Paris.
1952 1016 1975 1039 J.
1992 1016 2046 1044 517,

185 1063 214 1081 n⁰
230 1058 275 1081 145
291 1066 296 1081 :
314 1068 327 1079 «
342 1059 441 1089 Aufroy
457 1058 533 1089 Suisy
553 1068 566 1079 a»
583 1061 608 1081 et
623 1068 634 1079 <t
655 1058 736 1083 Saisiz
752 1068 774 1086 n,
791 1058 898 1082 maistre
916 1067 947 1082 en
963 1067 1006 1082 ars
1022 1062 1046 1082 et
1061 1059 1168 1082 licencie
1186 1068 1212 1082 es
1228 1060 1294 1091 loys.
1314 1073 1344 1077 —
1359 1061 1398 1083 22.
1413 1061 1448 1083 De
1464 1069 1514 1091 quo
1531 1060 1646 1091 saepius.
1661 1060 1747 1089 Ehrle,
1766 1060 1784 1083 l.
1801 1068 1833 1088 c..
1852 1071 1864 1081 «
1881 1060 2003 1083 Moramei
2025 1069 2046 1083 ι).

185 1103 244 1134 Ipse
262 1102 363 1131 scribit,
379 1102 406 1125 in
421 1103 497 1125 Arch.
518 1106 571 1126 nat.
586 1102 671 1126 Paris.
692 1104 716 1126 J.
733 1104 786 1132 517,
804 1107 832 1125 n⁰
848 1104 908 1126 186:
933 1114 945 1125 «
968 1103 1084 1127 Moraine
1097 1113 1109 1125 ιι
1126 1107 1151 1127 et
1172 1114 1184 1125 «
1201 1104 1335 1127 Mouraine
1354 1114 1376 1134 ι),
1397 1104 1441 1127 ubi
1458 1105 1488 1129 in
1503 1105 1574 1128 velut
1588 1112 1623 1130 m.
1646 1119 1676 1122 —
1698 1106 1735 1129 23.
1753 1105 1911 1128 Licentiatus
1926 1105 1952 1128 in
1969 1105 2047 1128 theol.

185 1155 226 1170 an.
244 1147 305 1170 1400
322 1155 335 1170 e
355 1147 440 1171 Calal.
465 1147 521 1171 lic..
538 1147 583 1170 uhi
600 1155 604 1170 :
619 1158 631 1168 «
645 1147 756 1171 Baillius
773 1157 794 1171 ».
811 1148 869 1171 Vid.
890 1148 979 1172 Catal.
996 1149 1030 1172 de
1049 1149 1076 1172 la
1093 1148 1251 1177 Mazarine,
1267 1154 1296 1171 11υ
1315 1149 1352 1172 12.
1370 1162 1400 1166 -
1415 1150 1453 1174 24,
1470 1149 1547 1172 Arch.
1566 1153 1620 1173 nat.
1636 1150 1668 1172 M.
1686 1150 1724 1178 75,
1743 1154 1771 1172 n⁰
1792 1150 1844 1178 131,
1861 1150 1893 1172 ad
1909 1157 1951 1172 an.
1967 1150 2026 1172 1385
2043 1158 2047 1171 1

185 1191 327 1214 «Troullet
341 1200 364 1219 ιο,
385 1194 446 1214 tunc
466 1194 622 1222 procurator
643 1192 784 1214 Sorbonae.
807 1193 839 1215 Et
858 1195 950 1223 postea
970 1192 1033 1216 ibid.
1050 1200 1054 1215 :
1078 1203 1090 1214 α
1106 1193 1197 1215 Petrus
1217 1193 1303 1216 Flurie
1319 1203 1341 1221 υ,
1365 1193 1438 1224 prior
1459 1193 1600 1217 Sorbonae.
1616 1207 1646 1211 -
1661 1194 1699 1217 25.
1716 1193 1765 1221 Qui
1785 1197 1813 1216 n0
1833 1194 1901 1217 1546.
1919 1194 1964 1216 Αη.
1989 1194 2049 1216 1400

184 1235 264 1267 episc.
282 1235 434 1259 Ebroicens.
450 1235 534 1266 (Gall.
548 1236 654 1264 christ..
669 1236 712 1266 XI,
722 1237 785 1266 600),
797 1245 855 1259 cum
872 1239 940 1259 esset
955 1237 1023 1260 doct.
1040 1237 1109 1260 decr.
1123 1250 1152 1254 —
1166 1238 1203 1260 26.
1221 1238 1272 1260 Iste
1285 1241 1310 1260 et
1325 1246 1435 1268 sequens
1449 1246 1490 1261 an.
1507 1238 1575 1266 1397,
1589 1238 1679 1261 Petrus
1696 1238 1728 1261 Le
1740 1238 1832 1269 Mauge
1847 1246 1907 1261 vero
1921 1246 1963 1261 an.
1979 1238 2047 1265 1400,

184 1280 272 1303 licent.
289 1279 315 1302 in
331 1279 410 1303 theol.
425 1293 455 1297 --
471 1280 509 1303 27.
528 1279 586 1303 Vid.
600 1282 719 1305 Λυσίαν.
738 1281 878 1310 οἠανηιῖ.,
896 1281 915 1309 1,
930 1289 956 1311 p.
977 1282 1032 1310 686,
1048 1282 1091 1309 [255
1110 1282 1169 1309 687;
1186 1282 1239 1309 864,
1257 1285 1311 1305 not.
1327 1283 1349 1306 2.
1364 1296 1394 1299 —-
1415 1283 1453 1305 28.
1468 1282 1600 1305 ,Iohannes
1617 1282 1757 1313 Mullinger
1771 1283 1803 1305 de
1818 1282 1932 1311 Austria,
1948 1283 1979 1305 de
1999 1290 2049 1313 quo

185 1332 266 1355 supra
281 1332 308 1355 p.
325 1325 379 1352 345,
393 1325 405 1347 7
422 1324 519 1354 (licent.
536 1324 562 1346 in
578 1324 659 1348 theol.
672 1332 715 1348 an.
728 1325 808 1354 1395),
820 1328 844 1348 et
856 1333 934 1356 saepe
950 1325 976 1348 in
991 1327 1109 1349 Auctar.
1127 1325 1185 1348 Vid.
1198 1325 1262 1348 ibid.
1279 1334 1305 1356 p.
1315 1327 1369 1355 683,
1386 1329 1438 1349 not.
1456 1326 1478 1349 1.
1492 1340 1521 1343 ——
1537 1327 1575 1349 29.
1592 1327 1638 1349 Ms.
1652 1334 1657 1348 z
1676 1336 1688 1347 «
1705 1327 1821 1349 Justesas
1835 1336 1856 1351 n,
1874 1327 1932 1357 Ipse
1949 1326 2048 1353 scribit.

185 1368 261 1393 Areh.
278 1371 332 1391 nat.
349 1368 433 1393 Paris.
449 1369 473 1392 J.
491 1369 545 1397 517,
562 1373 590 1391 n⁰
602 1369 656 1398 155,
668 1372 696 1392 ut
711 1377 801 1400 supra.
819 1369 901 1400 Saepe
917 1369 948 1392 de
963 1369 1022 1400 ipso
1036 1377 1117 1400 supra
1133 1373 1158 1392 et
1173 1370 1198 1392 in
1214 1372 1332 1394 Λυσίαν.
1349 1384 1376 1387 -
1391 1371 1429 1393 30.
1446 1370 1504 1394 Vid.
1521 1374 1549 1393 n0
1563 1371 1632 1394 1676.
1643 1384 1673 1388 -—
1685 1371 1723 1394 31.
1740 1371 1768 1393 ln
1783 1371 1952 1401 sequentihus
1963 1370 2050 1394 deficit

185 1415 319 1436 structura
342 1412 541 1436 sententiarum.
563 1413 601 1436 Ad
621 1421 651 1436 ea
671 1421 737 1444 quae
763 1417 917 1444 sequuntur,
940 1414 993 1436 vid.
1019 1418 1069 1436 num
1085 1414 1153 1438 1678.
1173 1427 1200 1431 —
1220 1415 1257 1437 32.
1277 1415 1330 1437 Hoc
1345 1414 1413 1437 idem
1429 1414 1593 1438 Universitus
1613 1418 1704 1446 postea
1719 1415 1745 1438 in
1761 1415 1884 1445 Epistola
1901 1415 2004 1438 usserit.
2020 1429 2050 1432 —-

185 1458 223 1480 33.
242 1457 290 1480 Ms.
307 1465 366 1479 cum
381 1456 430 1479 hac
449 1465 511 1480 voce
526 1465 621 1480 novam
638 1457 794 1480 sententiam
810 1458 912 1489 incipit.
927 1472 957 1475 —
973 1459 1011 1482 34.
1030 1458 1118 1489 Regis.
1138 1472 1164 1475 —
1185 1459 1223 1482 35.
1240 1459 1436 1482 Universitatis.
1451 1472 1480 1476 —
1503 1460 1540 1482 36.
1565 1459 1630 1482 Ms.:
1651 1469 1663 1480 α
1684 1460 1752 1490 quod
1773 1469 1794 1483 n.
1813 1473 1843 1476 ——
1862 1461 1901 1483 37.
1919 1460 2050 1487 Quantum

185 1501 335 1533 conjectura
354 1501 478 1532 consequi
502 1510 653 1532 possumus,
675 1502 796 1525 hocloco
817 1502 948 1525 Sehedula
963 1502 1109 1525 communis
1125 1506 1153 1525 n⁰
1166 1503 1226 1525 1680
1245 1503 1313 1526 edita
1331 1503 1494 1534 designatur,
1518 1503 1562 1526 ubi
1584 1506 1636 1526 tres
1656 1503 1713 1526 viae
1730 1504 1819 1527 eodem
1836 1504 1926 1527 ordine
1946 1512 2049 1527 enunie-

185 1549 278 1569 rantur
295 1548 320 1569 et
332 1545 430 1568 motiva
445 1549 470 1569 et
484 1546 584 1569 colores
600 1554 648 1577 pro
666 1546 731 1577 ipsis
747 1546 902 1570 afferuntur.
919 1547 947 1570 In
960 1546 1072 1578 epistola
1088 1546 1159 1569 Junii
1179 1548 1193 1570 6
1206 1550 1231 1570 et
1243 1547 1269 1569 in
1282 1547 1386 1578 punctis
1398 1555 1447 1578 pro
1465 1550 1578 1570 tractatu
1594 1548 1772 1578 componendo
1788 1548 1852 1571 ordo
1867 1548 1987 1571 inversus
2002 1551 2049 1571 est.

186 1590 320 1618 Quaedam
336 1600 348 1611 «
362 1598 410 1621 per
425 1590 564 1621 deputatos
581 1599 611 1613 ex
626 1590 759 1613 schedulis
774 1591 921 1615 recollecta
936 1601 948 1612 κ
962 1599 1029 1620 csse,
1046 1599 1105 1614 mox
1119 1594 1251 1615 narratur.
1263 1605 1292 1608 —
1309 1592 1346 1614 38.
1362 1592 1397 1614 De
1413 1592 1508 1623 quibus
1522 1600 1603 1622 supra
1621 1596 1649 1614 n0
1665 1592 1732 1615 1678.
1747 1605 1776 1609 -—
1791 1593 1829 1615 39.
1844 1593 1974 1615 Delbouc?

191 1735 430 1772 1680.Pa1·s
451 1743 611 1770 Schedulae
630 1744 784 1770 communis
802 1753 855 1780 per
875 1744 1029 1780 deputatos
1050 1745 1247 1770 Universitatis
1263 1753 1277 1770 e
1292 1745 1386 1772 10000
1401 1744 1546 1770 schedulis
1565 1746 1777 1781 suppositorum
1797 1747 1994 1772 Universitatis
2016 1746 2051 1772 de

277 1793 327 1818 viis
343 1798 370 1818 et
385 1792 476 1818 modis
494 1792 623 1818 Schisma
639 1792 776 1819 abolendi
791 1794 976 1829 compositae.

281 1863 333 1886 Hoc
349 1864 533 1886 documentum
549 1863 574 1886 in
591 1864 651 1886 mst⁰
664 1863 868 1887 instrumentum
881 1868 910 1886 n⁰
925 1864 986 1887 1679
1001 1864 1100 1887 editum
1115 1864 1246 1895 sequitur;
1260 1864 1305 1887 sed
1319 1864 1351 1886 ad
1367 1864 1484 1887 eamdem
1500 1867 1682 1895 tempestatem
1697 1866 1810 1896 pertinet
1824 1874 1853 1889 ac
1867 1866 1946 1894 illud;
1962 1867 2051 1896 immo,

187 1911 215 1931 ut
230 1907 333 1939 opinari
347 1908 405 1939 quis
421 1909 517 1939 potest,
533 1908 681 1939 Stephanus
697 1908 728 1931 de
745 1908 913 1931 Calvomonte
928 1908 954 1931 in
970 1909 1173 1939 congregatione
1189 1908 1323 1931 Februarii
1342 1909 1371 1931 26
1389 1908 1437 1931 hac
1452 1908 1577 1931 schedula
1593 1918 1655 1932 usus
1667 1913 1714 1938 est,
1731 1918 1797 1941 quae
1811 1911 1920 1941 proinde
1936 1914 2051 1942 tempore

186 1952 260 1983 prior
275 1955 316 1975 est
330 1960 408 1983 quam
422 1952 606 1975 documentum
622 1956 651 1975 n0
666 1952 727 1975 1679
743 1952 805 1982 (vid.
821 1953 896 1980 ibid„
913 1956 966 1976 not.
979 1954 1027 1982 37),
1044 1953 1113 1984 quod
1128 1956 1214 1976 tamen
1226 1961 1277 1975 non
1290 1953 1395 1976 omnino
1410 1955 1509 1975 certum
1525 1957 1572 1977 est.
1588 1954 1685 1977 Saltem
1701 1958 1805 1977 exarata
1820 1958 1883 1983 erat,
1901 1963 1959 1978 cum
1971 1956 2052 1986 magi-

188 1997 235 2020 stri
249 1996 350 2019 uditum
366 1997 399 2019 ad
417 2005 504 2027 regem
521 1997 729 2027 postulaverant.

1414 2031 1488 2060 7394.
1505 2030 1639 2060 Februarii,
1656 2031 1767 2056 Parisiis.

886 2078 947 2098 VIA
976 2077 1124 2098 CONSILII
1151 2077 1344 2098 GENERALIS

278 2139 359 2173 Sive
381 2139 440 2172 fiat
461 2151 525 2184 per
542 2138 700 2184 prelatos
722 2139 798 2172 sive
816 2151 879 2183 per
895 2139 1235 2183 compromissarios
1257 2139 1301 2171 de
1323 2151 1505 2172 consensu
1526 2140 1725 2181 amborum,
1748 2141 1942 2173 universali
1964 2153 2048 2174 con-

189 2206 375 2239 senciente
397 2205 549 2238 ecclesia
576 2205 613 2237 in
634 2205 718 2237 illos
740 2212 906 2249 tanquam
932 2206 968 2248 (9)
996 2205 1031 2237 in
1053 2204 1255 2238 Consilium
1278 2205 1462 2249 generale,
1484 2205 1591 2238 habet
1618 2206 1747 2239 motiva
1769 2219 1838 2251 que
1860 2215 2046 2252 sequntur.

279 2272 397 2304 Primo
411 2272 508 2316 quod
521 2284 593 2304 non
611 2278 753 2316 oportet
771 2272 975 2316 ponerejus
994 2271 1148 2304 suumin
1164 2271 1388 2312 discrimine,
1407 2271 1437 2304 si
1454 2284 1560 2304 causa
1575 2272 1754 2305 scismatis
1776 2285 1839 2317 per
1855 2274 2046 2306 consilium

189 2338 359 2384 generale
382 2338 649 2379 terminaretur,
674 2338 771 2382 quod
796 2350 916 2370 errare
938 2350 1011 2370 non
1033 2344 1163 2382 potest,
1182 2337 1265 2381 quia
1287 2337 1443 2381 Spiritus
1461 2338 1612 2370 Sanctus
1633 2338 1682 2370 ibi
1702 2338 1795 2371 solet
1816 2339 2046 2373 intervenire.

279 2405 446 2438 Secundo
468 2417 533 2449 pro
554 2404 619 2437 hac
635 2405 691 2437 via
712 2405 795 2437 facit
809 2405 871 2449 jus
892 2416 1095 2437 commune.

281 2473 367 2504 ltem
391 2472 644 2504 determinatio
666 2471 790 2504 Karoli
812 2471 910 2515 regis
934 2471 1060 2503 ultimo
1082 2471 1276 2508 defuncti¹,
1302 2471 1393 2503 sicut
1422 2477 1640 2515 protestatur
1661 2471 1720 2515 qui
1742 2471 1842 2504 vidit.

280 2539 366 2570 Item
390 2550 454 2582 pro
476 2539 545 2570 isto
570 2544 625 2570 est
650 2537 902 2570 determinatio
929 2538 1047 2582 prisca
1071 2537 1356 2570 Universitatis².

281 2606 367 2637 Item
391 2616 455 2649 pro
477 2605 546 2637 isto
570 2604 676 2637 modo
700 2603 923 2649 procedendi
946 2610 1031 2636 sunt
1053 2604 1184 2648 scripta
1206 2604 1399 2636 multorum
1421 2603 1606 2636 doctorum
1621 2604 1642 2635 ³.

281 2672 367 2704 Item
391 2678 476 2703 sunt
495 2671 767 2716 propositiones
789 2671 974 2715 Scripture
996 2671 1102 2703 Saere
1124 2670 1159 2702 in
1182 2670 1337 2703 diversis
1358 2670 1459 2702 locis.

282 2739 369 2770 Item
393 2738 422 2770 si
444 2744 601 2770 transeat
621 2737 687 2770 hec
708 2738 763 2770 via
790 2749 853 2782 por
875 2737 1153 2770 Uuiversitatem
1178 2743 1212 2768 et
1237 2736 1427 2768 consilium
1451 2737 1562 2782 regis,
1587 2737 1689 2769 multi
1714 2744 1797 2770 sunt
1822 2738 1962 2770 colores
1985 2750 2048 2782 pro

192 2816 231 2837 ea
253 2804 386 2849 reperti
408 2810 443 2836 et
463 2804 690 2848 reperientur
711 2804 747 2836 in
769 2810 966 2848 posterum.

283 2871 351 2903 Pro
373 2870 438 2903 ista
461 2870 540 2911 [via]
568 2870 698 2903 motiva
726 2877 923 2914 tanguntur
951 2869 1059 2902 multa
1082 2869 1188 2910 bona,
1213 2875 1246 2901 et
1268 2868 1457 2901 videantur
1478 2869 1508 2901 si
1530 2869 1576 2901 sit
1596 2881 1687 2914 opus
1709 2870 1744 2901 in
1764 2876 1890 2914 quarta
1916 2870 2047 2904 cedula.
