2508 3372
463 325 546 346 XXlV
1244 324 1535 346 [NTRODUCTIO.

461 398 688 434 collectarum
714 397 890 445 expediat.
917 399 1096 439 Quantum
1121 398 1164 434 ad
1192 398 1365 442 Schisma,
1385 399 1419 433 in
1437 398 1625 446 propatulo
1648 401 1699 432 est
1721 409 1785 432 cur
1814 396 1961 432 Botulus
1979 407 2155 431 annorum
2179 397 2271 431 1379
2291 399 2326 431 et

462 481 554 517 seq.‚
575 474 679 516 atque
697 470 864 505 mandata
878 469 1071 505 Clementis
1087 470 1150 506 Vll
1168 469 1211 505 de
1237 469 1373 505 lectura
1389 469 1652 505 Sententiarum
1678 472 1711 503 et
1732 468 1776 503 de
1802 467 1946 525 licentia
1960 467 2053 503 intra
2075 466 2205 502 seriem
2221 467 2326 503 Schi-

460 541 579 576 smatis
595 541 751 576 inserere
769 541 1005 584 noluerimus,
1025 540 1067 575 iis
1082 540 1235 576 textibus
1251 552 1322 576 non
1334 541 1376 576 ad
1394 540 1601 576 Schismatis
1613 539 1675 575 sed
1693 539 1934 575 Universitatis
1947 550 2018 582 reS,
2036 542 2178 585 praeter
2193 549 2326 586 paucas

460 612 684 659 interpositas
699 615 811 653 notas,
830 612 971 659 proprie
989 612 1245 659 spectantibus.

557 683 659 718 Plura
684 695 790 730 qnam
817 683 853 718 in
879 683 1107 730 praecedenti
1135 687 1242 727 tomo,
1270 695 1314 718 ne
1339 683 1521 731 longiores
1551 694 1726 726 essemus,
1754 682 1956 728 relinquere
1981 680 2174 717 debuimus
2195 680 2327 716 instru-

460 758 593 798 menta,
612 766 734 790 eorum
752 755 971 789 mentionem
988 754 1103 789 solum
1118 754 1239 801 paucis
1254 754 1370 790 verbis
1388 754 1584 802 rejiciendo
1603 754 1638 789 in
1654 757 1769 797 notas,
1787 764 1876 800 quae
1893 752 2020 788 eadem
2041 752 2324 788 consideratione

458 829 562 872 atque
580 829 693 861 textus
719 826 793 872 ipse
821 825 1047 861 adhibendae
1073 829 1188 861 erunt.
1217 825 1398 867 Quaedam
1415 825 1575 861 consulto
1591 824 1789 867 omisimus,
1812 824 1919 859 veluti
1944 823 2024 859 lites
2045 823 2182 871 aliquas
2204 835 2325 860 coram

458 896 693 940 Parlamento,
713 897 807 931 unde
825 896 913 931 nihil
932 896 1079 931 docetur
1094 897 1160 931 nisi
1180 896 1379 932 scholarem
1400 897 1509 943 ignoti
1531 896 1676 932 omnino
1698 895 1855 931 nominis
1877 895 2021 930 feritum
2038 894 2093 930 vel
2117 895 2212 930 male
2234 894 2326 931 mul-

456 970 589 1002 ctatum
609 979 628 1002 a
647 966 806 1011 personis
823 967 939 1002 studio
958 967 1132 1002 extraneis
1152 967 1276 1010 fnisse,
1297 967 1640 1014 Universitatemquc
1657 971 1773 1014 partes
1793 966 1964 1002 scholaris
1985 966 2187 1013 amplexam
2205 965 2320 1002 esse'.

458 1038 539 1074 lllae
555 1038 649 1073 rixae
665 1038 787 1085 paucis
805 1037 907 1073 annis
922 1038 1055 1073 multae
1074 1042 1320 1081 numerantur,
1341 1042 1375 1073 et
1392 1050 1536 1073 sensum
1554 1050 1783 1074 communem
1802 1038 2069 1084 munditiasque
2089 1037 2270 1073 editorum
2286 1037 2323 1072 in

456 1120 497 1144 eo
513 1109 706 1144 consistere
724 1109 937 1156 putavimus,
958 1113 993 1144 nt
1014 1121 1143 1144 causae
1159 1109 1309 1157 alicujus
1327 1109 1499 1145 momenti
1517 1110 1613 1145 solae
1630 1110 1686 1144 hic
1707 1109 1961 1153 insererentur,
1981 1109 2131 1156 reliquis
2148 1119 2211 1155 per
2222 1112 2324 1144 notas

455 1180 598 1227 signatis
632 1180 685 1215 vel
716 1191 859 1226 prorsus
886 1179 1158 1226 praetermissis.
1189 1181 1284 1221 Quae
1311 1180 1354 1215 ad
1384 1180 1540 1228 Collegia
1561 1181 1742 1228 pertinent
1763 1180 1959 1228 prudenter
1985 1180 2019 1215 in
2043 1180 2112 1216 hoc
2143 1179 2322 1216 volumine

455 1250 640 1293 tacuimus,
655 1250 743 1285 sicut
757 1250 852 1285 litem
869 1251 1027 1285 Rectoris
1044 1250 1362 1299 Universitatisque
1373 1263 1431 1287 an.
1454 1254 1546 1287 1386
1565 1252 1687 1300 (1387)
1704 1252 1739 1287 in
1761 1251 1988 1287 Parlamento
2010 1252 2180 1287 adversus
2202 1251 2323 1299 magi-

453 1325 563 1357 strum
582 1321 803 1368 Flamingnm
826 1321 869 1356 de
897 1322 1088 1365 Martrolio,
1115 1323 1174 1369 qui
1201 1326 1406 1370 contempta
1426 1323 1667 1370 prohibitione
1694 1323 1936 1359 Universitatis
1953 1323 1987 1357 in
2009 1323 2114 1358 certis
2137 1322 2321 1358 Sorbonae

451 1392 580 1428 scholis
594 1393 724 1439 legerat
739 1404 778 1427 ae
795 1396 981 1439 propterea
997 1392 1042 1428 ab
1059 1394 1301 1429 Universitatis
1317 1394 1516 1430 honoribus
1531 1394 1689 1442 privatus
1704 1394 1810 1430 erat².

550 1463 652 1498 Plura
668 1463 771 1498 etiam
788 1463 822 1498 in
842 1463 945 1499 breve
967 1464 1163 1512 coegimus,
1182 1465 1230 1500 ita
1245 1469 1282 1500 ut
1297 1469 1431 1512 puncta
1444 1466 1629 1513 cujusdam
1647 1466 1814 1513 ponderis
1831 1466 1950 1501 statim
1967 1465 2163 1513 conspicua
2181 1469 2319 1502 essent.

453 1534 635 1570 Formulas
652 1534 777 1570 inanes
791 1535 915 1570 eadem
934 1535 1068 1570 ratione
1091 1536 1366 1583 amputavimus.

549 1606 605 1641 Sic
621 1605 758 1652 saepius
773 1617 877 1653 quam
899 1605 933 1640 in
954 1606 1135 1641 volumine
1151 1607 1375 1643 antecedenti
1396 1611 1511 1643 textus
1526 1608 1563 1643 in
1580 1608 1827 1656 excerptiones
1844 1620 1906 1644 seu
1928 1608 2124 1656 epitomata
2139 1607 2320 1644 contraxi-

452 1688 543 1720 mus,
562 1688 702 1723 semper
716 1677 925 1723 pontificum
943 1677 1112 1713 mandata
1127 1678 1170 1712 ad
1185 1678 1446 1714 Cancellarium
1465 1679 1508 1714 de
1525 1679 1665 1715 lectura
1681 1680 1944 1715 Sententiarum
1962 1679 2015 1715 vel
2032 1679 2176 1715 licentia
2191 1690 2322 1715 conce-

451 1748 579 1791 denda,
598 1748 646 1783 ita
660 1752 779 1783 tamen
797 1752 833 1783 nt
847 1748 890 1783 ad
907 1749 1048 1784 codices
1066 1760 1137 1784 nou
1156 1749 1410 1785 recurrendum
1429 1750 1473 1786 sit
1495 1751 1523 1786 si
1540 1751 1620 1797 quis
1642 1751 1691 1786 rei
1711 1751 1900 1787 studuerit.
1921 1753 1960 1786 ln
1977 1751 2153 1786 mandatis
2169 1750 2318 1786 eaedem

452 1831 594 1866 semper
616 1819 787 1854 formulae
810 1819 1078 1866 perscribuntur
1101 1820 1156 1855 vel
1173 1820 1492 1868 subintelligendae
1516 1828 1609 1866 suut,
1628 1822 1723 1858 velut
1749 1822 1892 1869 quando
1912 1822 1957 1858 ad
1981 1822 2155 1868 legendas
2172 1823 2322 1858 Senten-

453 1890 515 1925 tias
532 1890 750 1925 Cancellario
768 1890 958 1926 mandabat
977 1890 1137 1938 pontifex
1153 1894 1191 1926 ut
1209 1891 1440 1928 baccalarens
1456 1893 1704 1929 admitteretur
1722 1906 1730 1929 :

630 2002 643 2015 «
665 1992 691 2018 Si
706 2000 775 2018 cnm
790 1993 826 2018 ad
842 1993 895 2018 hoc
919 1993 1059 2019 idoneum
1082 2001 1139 2019 esse
1161 1994 1315 2027 repereris;
1337 2009 1372 2014 —
1387 1995 1408 2020 si
1429 2003 1482 2028 per
1504 1997 1587 2021 tuam
1602 1995 1774 2029 diligentem
1793 1995 2041 2022 examinationem
2055 1995 2151 2021 dictus
2214 1994 2251 2021 ad
2265 1994 2322 2022 hoc

540 2041 661 2066 idonens
672 2042 802 2074 repertus
818 2041 960 2071 extiterit:
975 2057 1010 2060 —
1025 2042 1046 2067 si
1061 2041 1199 2072 invenies.
1215 2050 1285 2068 eum
1300 2043 1406 2070 habere
1425 2044 1570 2070 laudabile
1587 2045 1791 2071 testimonium
1807 2045 1837 2070 in
1852 2044 1984 2070 moribus
1998 2046 2027 2071 et
2040 2052 2110 2071 eum
2125 2044 2321 2071 sufficientem

541 2089 641 2115 litteris
651 2089 822 2122 judicaveris
836 2100 861 2119 υ,
877 2091 925 2116 etc.

554 2178 598 2213 lis
625 2178 684 2225 qui
710 2190 752 2213 ex
775 2178 887 2225 gratia
912 2180 1190 2215 extraordinaria
1216 2181 1415 2216 Sententias
1444 2182 1620 2229 legebant,
1653 2182 1836 2231 privilegia
1858 2183 1984 2218 eadem
2008 2194 2100 2230 quae
2132 2182 2322 2218 ordinariis

457 2249 648 2285 lectoribus
665 2249 841 2284 dabantur
857 2261 947 2297 papa
962 2251 1133 2286 concessit
1153 2263 1160 2286 :

636 2362 647 2373 ιι
669 2352 744 2376 Cum
766 2352 903 2377 omnibns
926 2352 1106 2378 libertatibus
1129 2354 1156 2379 et
1184 2354 1349 2387 privilegii&
1373 2356 1482 2388 quibus
1504 2356 1653 2382 baccalarii
1677 2357 1728 2390 qui
1748 2357 1896 2390 prefatum
1919 2356 2028 2382 librum
2052 2356 2197 2382 ordinarie
2218 2356 2323 2389 legunt

546 2400 700 2433 potiuntur
714 2402 742 2426 et
755 2400 892 2432 gandent.
908 2410 921 2424 n

559 2489 721 2523 Mandato
746 2489 937 2535 apostolico
967 2490 1009 2525 ad
1034 2490 1293 2527 Cancellaiium
1322 2494 1430 2529 misso
1459 2506 1521 2541 pro
1550 2494 1692 2530 licentia
1718 2495 1989 2542 magisterioque
2016 2506 2154 2530 annexa
2183 2498 2258 2530 erat
2280 2506 2323 2531 ea

460 2560 624 2595 condicio
644 2572 650 2595 :

640 2670 651 2679 ι(
670 2658 696 2683 Si
713 2666 763 2691 per
780 2660 861 2683 tumn
875 2661 903 2684 et
918 2659 1043 2685 aliorum
1063 2661 1272 2694 magistrorum
1289 2663 1376 2688 studii
1393 2664 1554 2690 Parisiensis
1571 2664 1602 2690 in
1617 2665 1718 2690 eadem
1735 2664 1871 2690 facultate
1889 2664 2060 2697 diligentem
2076 2664 2322 2690 examinationem

555 2777 575 2800 1.
596 2777 625 2800 V.
640 2785 665 2807 g.
686 2777 765 2800 Arch.
783 2779 835 2800 nat.
853 2777 936 2800 Paris·
953 2778 998 2801 X¹⁰
1015 2778 1053 2809 43,
1072 2784 1100 2802 n⁰
1116 2779 1160 2803 104
1175 2782 1226 2809 (an.
1248 2781 1328 2812 1381);
1351 2782 1441 2812 ΧὈΟΟ,
1458 2788 1486 2806 n⁰
1506 2783 1536 2807 38
1555 2783 1720 2813 (1389-1390);
1738 2784 1792 2811 Χ’“,
1808 2783 1847 2812 41,
1864 2782 1906 2806 sol.
1931 2782 1983 2808 18¹2,
2001 2784 2048 2806 etc.
2066 2782 2143 2806 Plura
2158 2782 2184 2806 in
2198 2784 2324 2814 sequente

459 2824 542 2846 aetate
557 2821 733 2845 inveniuntur.

554 2866 575 2890 2.
596 2866 674 2890 Arch.
691 2867 742 2889 nat.
754 2865 837 2889 Paris.
852 2866 941 2896 x¹054,
956 2870 984 2889 n⁰
998 2866 1037 2890 32.
