2488 3386
463 350 536 382 332¹
1039 358 1354 381 CRARTULARIUM
1388 356 1574 378 UNIVERS.
1611 356 1739 378 lunis.
2227 342 2326 379 [1384

464 433 578 465 decim
601 433 679 465 dies
701 445 718 465 a
740 432 1124 477 (lie'transgressionis
1149 443 1267 464 coram
1294 430 1530 463 universitate
1555 429 1812 474 magistrorum
1840 436 1875 462 et
1900 429 2094 462 scolarium
2119 428 2177 462 vel
2204 436 2323 462 coram

463 499 644 544 aliquibus
672 499 727 540 [ab
754 499 1008 540 Universitate]
1039 498 1246 531 constitutis
1277 497 1586 542 presumptionem
1621 508 1722 528 suam
1752 496 1958 528 curaverint
1988 495 2195 536 emendare,
2225 495 2325 540 lega-

463 566 572 598 tionis
594 578 661 610 qua
682 566 869 610 fungimur
891 565 1102 598 auctoritate
1118 564 1263 597 vinculo
1285 562 1672 596 excommunicationis
1693 562 1925 595 innodamus.
1946 576 1962 592 »

552 633 652 673 Item,
671 632 707 664 in
729 632 919 677 privilegio
938 631 1072 664 Urbani
1094 631 1208 675 quinti
1231 630 1274 662 de
1295 629 1431 662 artistis
1453 628 1660 674 specialiter
1680 629 1882 670 statuitur⁵,
1901 643 1917 660 α
1940 629 2037 674 quod
2057 628 2267 662 licentiandi
2289 629 2324 661 in

462 698 599 731 artibus
620 698 731 730 nichil
753 698 851 739 dent,
868 698 925 730 vel
945 709 983 730 se
1005 697 1151 729 daturos
1173 696 1382 741 promittant
1403 709 1434 736 »⁷
1456 700 1520 728 etc.
1539 700 1576 728 ut
1599 707 1709 740 supra
1726 708 1759 740 p.
1782 697 1844 729 146
1864 707 1968 740 usque
1988 696 2188 740 profutura.

552 766 624 797 Hec
645 765 756 809 igitur
773 764 956 809 publicare
974 771 1008 796 et
1029 763 1197 796 omnibus
1218 762 1404 795 notificare
1425 762 1645 804 curavimus,
1662 769 1702 795 ut
1722 762 1844 795 nullus
1861 769 1986 795 contra
2002 762 2165 795 mandata
2184 769 2324 807 aposto-

461 831 528 864 lica
549 843 693 876 gravem
716 830 961 863 inobedientie
983 830 1123 874 culpam
1141 836 1176 864 et
1196 829 1366 874 prefatam
1389 828 1774 862 excommunicationis
1795 829 2024 869 sententiam,
2042 841 2081 862 ac
2102 829 2168 862 Dei
2189 835 2224 862 et
2244 828 2326 861 bea-

462 904 578 930 torum
604 897 849 942 apostolorum
871 897 966 929 Petri
994 903 1029 929 et
1048 896 1147 928 Pauli
1176 895 1462 940 indignationem
1489 895 1660 928 incurrat.
1690 896 1818 928 Datum
1850 902 1885 928 et
1911 902 2026 928 actum
2053 907 2148 928 anno
2178 896 2324 929 Domini

463 966 497 997 M
511 964 599 997 CCC
622 964 824 1008 octuaginta
847 964 928 1004 1111,
951 963 1008 995 die
1030 963 1127 1007 jovis
1149 969 1229 995 ante
1256 962 1387 995 festum
1409 961 1504 994 beati
1531 962 1710 1007 Dyonisii,
1733 962 1893 995 Parisius
1914 962 1951 995 in
1973 969 2096 995 nostra
2123 974 2325 1008 congrega-

465 1031 560 1064 tione
581 1030 752 1075 predicta.

554 1128 619 1151 Mus.
637 1128 753 1151 Britann.
777 1136 825 1151 ms.
846 1127 907 1151 add.
923 1128 1008 1156 17304,
1026 1128 1071 1150 fol.
1088 1128 1140 1155 120,
1161 1127 1209 1150 sub
1227 1127 1334 1150 rubrica
1349 1130 1377 1149 ut
1397 1135 1488 1158 supra.
1508 1141 1537 1144 —
1554 1127 1677 1156 Bulaeus,
1701 1127 1742 1156 lv,
1760 1128 1814 1150 599.
1835 1140 1865 1144 -
1881 1127 1935 1150 Hoc
1960 1127 2146 1151 documentum
2170 1128 2269 1151 referas
2290 1127 2324 1151 nd

459 1172 549 1195 Litem
575 1172 767 1196 Universitatis
794 1176 893 1196 contra
913 1172 1117 1196 cancellarium
1142 1172 1236 1195 Paris.
1254 1172 1413 1196 hhannem
1428 1172 1596 1200 Blanchart,
1620 1172 1652 1195 de
1674 1180 1724 1203 quo
1747 1171 1817 1194 infra
1833 1171 1866 1194 n¹⁸
1886 1172 1946 1195 1504
1965 1180 2023 1203 sqq.
2040 1172 2112 1195 Hunc
2134 1171 2207 1196 litem
2233 1175 2325 1196 contra

459 1216 642 1239 cancellarium
656 1217 711 1247 jam
725 1216 774 1239 sub
789 1217 991 1247 praedecessore
1003 1216 1130 1239 Johannis
1144 1217 1175 1239 de
1190 1217 1322 1245 Marsono,
1334 1216 1456 1239 videlicet
1471 1216 1612 1239 Laurentio
1626 1216 1734 1244 Quilleti
1751 1216 1804 1247 (qui
1821 1219 1906 1239 rector
1924 1216 1974 1239 suit
1989 1216 2080 1240 eodem
2095 1224 2172 1244 anno,
2184 1216 2271 1240 Martii
2285 1217 2325 1240 24-

457 1261 529 1284 Junii
545 1262 592 1290 23),
612 1261 751 1291 incepisse,
767 1260 907 1283 ediscimus
923 1269 953 1283 ex
968 1261 1087 1284 articulis
1105 1261 1256 1284 cancellarii
1274 1264 1365 1284 contra
1382 1261 1589 1284 Universitatem
1607 1261 1669 1290 (vid.
1688 1264 1737 1284 art.
1760 1262 1798 1290 31)
1819 1261 1889 1284 infra
1904 1264 1933 1283 n⁰
1947 1261 2008 1284 1520
2023 1261 2141 1284 edendis.
2155 1261 2212 1284 Vid.
2230 1261 2324 1286 Imro-

459 1306 533 1329 duct.
550 1305 582 1328 ad
597 1309 647 1327 n¹¹¹n
660 1306 729 1328 1504.

551 1390 573 1413 1.
592 1390 642 1412 Seu
663 1389 808 1412 Johannem
828 1389 962 1413 Girardini
984 1389 1015 1412 de
1039 1389 1179 1412 Mat-sonno
1200 1391 1291 1420 (supr-n
1311 1398 1338 1420 p.
1355 1390 1421 1419 255),
1445 1392 1574 1413 rectorem
1592 1389 1665 1413 Junii
1682 1390 1822 1414 23-0ct0b.
1839 1391 1876 1414 10.
1894 1389 1980 1414 Testis
1998 1391 2012 1413 2
2029 1390 2099 1413 infra
2116 1394 2146 1413 n⁰
2161 1390 2219 1413 1521
2236 1389 2324 1421 ipsum

458 1437 482 1456 et
497 1434 601 1457 Petrum
617 1434 647 1456 de
664 1434 773 1456 Ailliaco
789 1437 817 1456 ut
831 1437 995 1464 promotores
1013 1433 1067 1456 litis
1083 1434 1209 1457 nominat.
1226 1447 1255 1451 -—
1269 1435 1290 1457 2.
1311 1434 1447 1463 Οὴανιαῖ.,
1465 1434 1485 1466 l,
1502 1438 1531 1456 n⁰
1549 1435 1586 1458 79.
1603 1434 1661 1458 Vid.
1677 1443 1704 1465 p.
1721 1435 1766 1458 138
1779 1434 1849 1458 circa
1862 1434 1987 1458 medium.
2003 1448 2030 1452 —
2046 1436 2069 1458 3.
2086 1434 2191 1458 Scilicet
2203 1434 2324 1466 magistri

457 1478 619 1501 licentiandi.
635 1478 693 1501 Vid.
709 1478 784 1507 ibid„
799 1487 826 1509 p.
843 1479 897 1508 137,
912 1481 973 1509 post
986 1478 1054 1503 med.
1066 1492 1097 1496 —-
1111 1479 1135 1501 [ι.
1154 1478 1260 1501 Roberti
1278 1478 1422 1501 cardinalis
1436 1478 1527 1510 leg-ati,
1547 1479 1684 1508 Chartul.,
1699 1479 1718 1508 1,
1735 1483 1764 1502 n⁰
1779 1479 1816 1502 20.
1833 1479 1890 1502 Vid.
1907 1488 1934 1510 p.
1952 1480 1982 1502 79
1995 1482 2057 1510 post
2071 1479 2140 1502 med.
2151 1493 2182 1497 —
2197 1481 2219 1505 5.
2238 1479 2324 1510 Supra

459 1527 488 1545 no
502 1523 571 1546 1319.
589 1522 646 1546 vm.
662 1531 688 1553 p.
705 1523 759 1546 1116.

465 1649 604 1686 1492.
626 1659 802 1685 Deliberatio
817 1662 876 1685 nat.
897 1659 1066 1685 Gallicanae
1079 1659 1114 1685 de
1129 1659 1235 1685 scholis
1252 1669 1326 1694 mag.
1343 1659 1483 1685 Jolzannis
1499 1659 1535 1686 de
1551 1660 1705 1694 Roncuria,
1724 1660 1818 1685 nuntii
1833 1660 1915 1686 missi
1928 1660 1957 1686 in
1972 1659 2152 1686 Flandriam.

1450 1743 1528 1772 1384,
1545 1742 1672 1775 Septemb.
1688 1742 1858 1769 28-0ctobris
1875 1743 1913 1772 10,
1925 1743 2038 1769 Parisiis.

549 1825 643 1869 Mag.
660 1824 822 1857 Johanne
841 1823 884 1857 de
906 1826 1094 1858 Marsono¹
1118 1831 1202 1858 tunc
1225 1825 1452 1870 supplicante
1468 1826 1525 1859 vel
1547 1826 1758 1871 requirente
1779 1838 1845 1871 pro
1863 1832 1898 1859 et
1917 1826 2063 1859 nomine
2080 1837 2174 1871 mag.
2191 1825 2325 1859 Johan-

460 1891 517 1924 nis
539 1891 582 1924 de
604 1891 783 1924 Roncuria
804 1891 906 1924 missi
928 1892 971 1924 ad
992 1892 1216 1924 Flandriam²
1237 1904 1279 1924 ex
1300 1899 1399 1937 parte
1417 1893 1574 1926 nationis
1595 1905 1666 1926 una
1682 1905 1763 1926 cum
1785 1893 1866 1926 aliis
1886 1893 2031 1926 nunciis
2053 1893 2324 1933 Universitatis‚

462 1958 630 2002 quatinus
656 1958 754 1990 scole
785 1970 861 1999 sue,
889 1958 1059 1992 videlicet
1084 1959 1182 1991 scole
1205 1959 1399 1993 inferiores
1422 1959 1468 1993 ad
1492 1961 1637 1994 Scutum
1660 1960 1827 2002 Francie,
1851 1959 1942 1993 nulli
1969 1959 2073 1993 alteri
2094 1959 2323 2002 ordinentur.
2344 2003 2346 2006 r

461 2036 540 2057 cum
558 2024 651 2057 idem
670 2037 762 2069 mag.
780 2024 963 2057 Johannes
979 2025 1022 2058 de
1045 2027 1225 2058 Roncuria
1242 2038 1341 2059 more
1359 2027 1467 2060 solito
1489 2027 1525 2059 in
1543 2034 1715 2072 quantum
1737 2033 1889 2072 poterat,
1909 2027 2141 2072 promisisset
2158 2026 2196 2059 in
2216 2038 2324 2060 manu-

461 2091 613 2136 predicti
635 2092 901 2136 procuratoris³
919 2092 1016 2136 quod
1037 2092 1242 2126 immediate
1260 2100 1342 2138 post
1358 2095 1437 2138 ejus
1456 2106 1666 2139 regressum
1685 2093 1900 2126 intendebat
1915 2093 2009 2127 bona
2026 2093 2097 2126 fide
2113 2093 2164 2126 ibi
2180 2093 2322 2138 legere3

460 2158 610 2203 insuper
627 2158 723 2203 quod
744 2158 780 2190 in
797 2170 894 2198 casu,
913 2158 949 2190 in
966 2171 1037 2203 quo
1054 2166 1135 2192 ante
1157 2160 1374 2205 principium
1396 2161 1518 2205 magni
1540 2160 1717 2193 ordinarii
1739 2172 1812 2193 non
1834 2166 2080 2194 reverteretur
2097 2160 2141 2193 de
2163 2159 2324 2205 predicta

460 2224 652 2269 legatione7
672 2225 840 2269 quatinus
863 2237 926 2269 pro
949 2232 982 2258 et
1000 2226 1144 2258 nomine
1166 2226 1320 2270 predicti
1342 2239 1435 2272 mag.
1453 2227 1630 2260 Johannis
1647 2227 1691 2260 de
1709 2227 1903 2268 Roneuria,
1922 2233 1957 2260 et
1977 2239 2050 2260 non
2066 2226 2168 2268 alias,
2185 2226 2326 2271 legeret

461 2302 577 2335 usque
593 2291 636 2323 ad
653 2303 862 2335 regressum
880 2303 984 2324 suum
999 2304 1092 2337 mag.
1105 2292 1289 2326 ,Iohannes
1306 2294 1350 2326 de
1365 2294 1600 2327 Chamineto“
1613 2294 1656 2326 ab
1673 2306 1715 2326 eo
1733 2293 1955 2327 substitutus
1974 2293 2213 2326 :deliberavit
2227 2293 2325 2325 natio

460 2357 632 2401 predicta7
656 2358 753 2402 quod
774 2358 935 2402 predicte
956 2358 1054 2391 scole
1076 2359 1194 2404 quoad
1220 2360 1477 2405 proprietatem
1498 2367 1731 2393 remanerent
1751 2360 1847 2393 dicto
1869 2372 1962 2405 mag.
1983 2359 2138 2393 Johanni
2159 2359 2204 2392 de
2230 2360 2326 2394 Ron->

461 2424 570 2456 curia.
594 2425 681 2456 Item
703 2424 799 2468 quod
826 2424 861 2456 in
887 2424 967 2457 loco
989 2426 1105 2470 ipsius
1126 2426 1260 2459 ibidem
1284 2427 1422 2472 legeret
1445 2427 1563 2460 dictus
1585 2439 1678 2472 mag.
1701 2427 1887 2460 Johannes
1908 2427 1952 2460 de
1974 2426 2187 2460 Chamineto
2209 2430 2325 2471 usque

461 2490 504 2522 ad
532 2501 739 2534 regressum
770 2491 853 2523 dieti
885 2503 977 2536 mag.
1006 2492 1181 2525 Johannis
1201 2493 1245 2526 de
1277 2494 1469 2535 Roncuria,
1497 2494 1533 2526 in
1555 2506 1639 2527 casu
1662 2506 1733 2539 quo
1759 2494 1855 2527 idem
1877 2505 1950 2526 non
1978 2496 2224 2526 reverteretur
2243 2496 2325 2526 ante

462 2556 677 2601 principium
700 2557 852 2599 predicti
874 2558 1060 2599 ordinarii7
1080 2559 1224 2591 natione
1241 2560 1282 2592 ad
1305 2560 1372 2593 hoc
1394 2567 1488 2593 mota
1510 2561 1634 2594 multis
1655 2561 1860 2594 rationibus
1881 2560 2015 2593 ibidem
2039 2559 2211 2593 recitatis.

555 2653 678 2681 Bulaeus,
695 2654 734 2681 IV,
749 2656 803 2682 969,
820 2663 832 2677 e
850 2655 909 2678 Lib.
924 2662 1001 2687 proc.
1017 2661 1077 2680 nat.
1095 2657 1196 2681 Gallic-

555 2738 577 2760 1.
597 2737 645 2764 Qui
663 2740 723 2760 tun(-
739 2741 823 2760 rector
841 2738 896 2762 suit.
915 2752 944 2755 —
963 2740 984 2762 2.
1004 2741 1023 2762 Ι.
1042 2748 1063 2763 e.
1083 2741 1115 2763 ad
1138 2741 1283 2764 Concilium
1299 2742 1369 2772 apud
1387 2743 1504 2764 lnsnlam
1527 2742 1552 2765 in
1575 2742 1699 2765 Flandria
1721 2746 1830 2773 propter
1847 2742 1962 2765 schisma
1977 2741 2201 2772 congregandum,
2224 2741 2255 2765 de
2275 2749 2326 2772 quo

460 2780 527 2803 infru
544 2782 583 2803 De
598 2782 761 2810 Sclcismalc,
775 2782 807 2804 ad
823 2791 864 2805 au.
879 2783 948 2811 1354,
963 2784 1034 2814 Sept.
1051 2785 1086 2807 18.
1103 2798 1132 2801 -
1145 2786 1168 2809 3.
1180 2785 1307 2808 =Iohannis
1324 2786 1448 2815 Homine,
1464 2790 1598 2817 procurat.
1615 2795 1629 2809 a
1645 2788 1674 2809 28
1685 2787 1819 2818 Septemb.
1832 2787 1900 2810 1384.
1910 2800 1941 2804 —
1951 2787 1973 2809 [Α.
1986 2787 2073 2817 Supra
2086 2794 2111 2816 p.
2126 2786 2171 2808 256
2185 2785 2324 2808 scribitur:

464 2833 474 2847 (ι
487 2825 517 2847 de
533 2825 667 2848 Camineto
684 2834 704 2848 n.
2299 2827 2302 2832 ¹
