2488 3386
183 340 278 376 1372]
602 352 648 373 ΑΒ
682 352 787 373 ΑΝΝΟ
823 352 954 373 mecm.
987 352 1117 379 USQUE
1154 353 1200 373 An
1236 353 1500 374 BENEnlcTUM
1534 354 1624 375 xln.
1979 347 2037 378 201

181 427 368 458 Glasguensis¹
389 427 539 449 fucultatem
555 426 676 453 obtinuit,
690 426 825 453 Thomum,
839 426 882 456 qui
899 429 957 448 ante
974 434 1070 448 annum
1087 426 1169 448 libros
1183 426 1378 449 Sententiarum
1393 427 1501 450 Parisiis
1518 428 1629 458 perlegit
1644 432 1669 451 et
1686 429 1820 458 magistris
1833 430 2044 461 baccalareisque

180 472 211 494 de
228 472 348 502 pluribus
365 471 562 502 quaestionibus
580 471 724 501 respondit.
740 474 764 493 et
783 478 850 493 nunc
866 470 979 493 vicarius
997 470 1128 501 generalis
1144 470 1207 493 ord.
1225 471 1249 493 in
1266 479 1346 501 regno
1363 471 1464 494 Scotiae
1479 472 1536 495 fuit.
1550 472 1582 494 ad
1599 473 1780 503 magisterium
1796 474 1819 496 in
1836 474 1967 504 theologia
1984 483 2043 505 pro-

182 516 302 539 movendi
321 516 392 546 (Reg.
410 515 487 545 Greg.
506 516 546 542 xl,
567 519 595 537 n0
610 515 663 542 286,
682 515 726 538 sol.
744 515 806 543 265).
823 528 853 531 -—
871 515 918 537 Au.
938 515 1007 542 1379,
1023 515 1075 537 Jul.
1093 515 1131 543 15,
1148 515 1229 537 Clem.
1246 515 1289 537 Vll
1306 515 1438 546 episcopis
1459 515 1616 546 Glasgucns.
1633 520 1657 539 ct
1673 518 1698 539 S.
1719 518 1852 540 Andreae²
1869 519 2002 541 mundavit
2018 523 2043 541 ut

182 561 308 583 Thommn
325 561 355 583 de
374 560 455 587 Rossi,
473 559 502 583 Ο.
520 560 564 587 M.,
580 568 649 590 mag.
669 560 695 582 in
710 559 799 587 theut,
817 559 880 582 eccl.
897 559 1029 582 Candidae
1047 560 1129 582 Casae
1152 559 1177 581 in
1193 559 1347 590 episcopum
1362 560 1534 590 praeficerent
1552 561 1625 591 (Reg.
1644 562 1721 584 Aven.
1738 562 1818 584 Clo-n.
1837 562 1888 589 vll,
1907 563 1956 585 vol.
1978 564 2044 591 xm,

182 605 225 628 fol.
243 606 306 634 524).

277 690 298 712 ¹1.
316 689 437 712 Galterus
453 689 484 712 de
500 689 640 714 Wardlaw,
658 696 727 719 mag.
743 691 792 711 art.
809 691 834 710 et
849 688 939 716 theol.‚
962 687 1024 710 olim
1045 687 1213 718 suppositum
1236 687 1357 711 Univers.
1379 688 1461 710 Paris.
1483 687 1539 710 Vid.
1566 688 1703 715 C'hartul,y
1726 690 1757 715 ΙΙ,
1774 694 1802 711 110
1824 690 1890 716 1061,
1911 693 1962 712 not.
1979 692 2000 712 3,
2018 704 2047 707 .-

181 734 205 756 2.
222 733 362 757 Guillelmo
380 733 507 762 (Lundel),
523 733 575 764 qui,
594 733 689 763 rejecto
705 732 845 756 Guillelmo
861 733 926 758 Bell.
943 733 1040 755 decano
1063 732 1247 759 Dunkeldens„
1268 740 1309 754 an.
1332 733 1401 760 1342,
1420 732 1495 755 Febr.
1513 732 1551 761 ¹18,
1568 732 1717 755 nominatus
1733 737 1773 756 cst
1787 734 1867 764 episc.
1885 735 1910 757 S.
1931 735 2047 757 Andreae

184 778 256 809 (fleg.
273 779 329 801 Vnt.
347 778 479 801 Benedicti
496 778 548 806 ΧΗ,
566 781 594 800 11⁰
609 778 661 805 129,
679 777 723 801 t'ol.
740 778 803 806 375).

190 949 329 986 1373.
356 958 506 993 Gregorius
530 959 572 983 XI
590 958 725 992 (Iohanni
746 957 781 983 de
806 957 917 987 Calore)
938 957 1112 983 cancellario
1130 958 1235 991 Paris..
1254 961 1284 982 ut
1298 957 1454 983 Johannem
1472 957 1507 983 de
1529 958 1632 982 Sancto
1648 958 1785 987 Nazario,
1809 957 1874 983 Ord.
1898 958 1977 992 Min„
2001 959 2050 993 qui

272 1008 364 1043 primo
382 1007 595 1043 philosophiam
618 1010 645 1033 et
665 1006 768 1032 deinde
788 1006 913 1032 Bibliam
934 1007 962 1032 in
982 1006 1078 1032 studio
1093 1006 1256 1032 Parisiensi
1275 1006 1354 1041 legit,
1375 1010 1402 1032 et
1423 1006 1451 1031 in
1466 1006 1586 1031 diversis
1608 1006 1773 1032 solennibus
1794 1006 1863 1031 locis
1888 1006 1958 1031 dicti
1981 1007 2046 1032 ord.

274 1056 362 1082 lector
374 1055 547 1092 principalis
563 1056 628 1090 fuit,
646 1055 686 1081 ad
701 1055 850 1090 legendum
867 1055 970 1081 librum
988 1055 1199 1081 Sententiarum
1216 1055 1243 1080 in
1258 1056 1391 1090 proxima
1407 1058 1521 1080 aestate
1537 1054 1578 1080 vel
1594 1056 1726 1090 sequenti
1742 1055 1887 1089 admittat,
1905 1059 1932 1081 et
1947 1055 2050 1081 deinde

275 1105 315 1130 ad
330 1105 490 1139 magisterii
505 1105 636 1131 honorem
653 1105 681 1130 in
693 1104 837 1138 facultate
853 1104 1014 1139 theologiae
1031 1108 1203 1140 promoveat.
1220 1105 1283 1130 Dat.
1302 1105 1448 1131 Avenione
1466 1112 1536 1130 non.
1554 1104 1731 1134 Novembris,
1747 1112 1826 1130 anno
1840 1104 1945 1138 primo.
1963 1115 1976 1127 «ι
1992 1105 2051 1130 Viri

274 1162 389 1181 sacre».

1351 1198 1420 1227 1371,
1436 1197 1581 1224 Novembris
1595 1198 1620 1227 5,
1637 1197 1766 1223 tronione.

281 1292 341 1322 Reg.
359 1291 415 1314 Vnt.
438 1292 518 1314 Aven.
538 1290 660 1322 Gregorii
680 1291 720 1318 Xl,
740 1291 790 1314 vol.
808 1292 826 1319 1,
844 1291 887 1314 tol.
905 1292 957 1314 527.
979 1304 1010 1308 —
1025 1292 1043 1313 E
1061 1291 1148 1315 Catal.
1166 1291 1257 1314 licent.
1274 1290 1299 1313 iu
1316 1290 1384 1313 Bibl.
1402 1293 1455 1313 nat.
1474 1292 1548 1318 (mss.
1566 1290 1609 1312 lat.
1628 1290 1716 1318 56578,
1731 1291 1816 1319 12850)
1833 1299 1874 1313 au.
1892 1291 1951 1313 1374
1971 1291 2050 1314 licen-

184 1336 265 1359 tiatus
280 1339 327 1359 est..

192 1485 332 1521 1374.
360 1495 510 1528 Gregorius
531 1494 721 1529 Xl(.lolianni
735 1494 770 1519 de
789 1494 901 1528 Calore)
920 1493 1094 1519 cancellario
1117 1495 1222 1527 Paris„
1245 1498 1275 1519 ut
1293 1493 1416 1519 Gilberto
1438 1493 1581 1519 Wicliman
1601 1502 1662 1519 can.
1684 1492 1751 1518 eccl.
1770 1495 1796 1518 S.
1820 1493 1963 1526 Andreae,
1986 1493 2050 1518 Ord.

277 1544 303 1568 S.
321 1544 404 1577 Aug„
430 1544 458 1568 in
474 1545 540 1578 jure
556 1552 618 1569 can.
639 1543 748 1569 baccal.
768 1544 830 1578 (qui
849 1543 974 1568 Parisiis
992 1552 1045 1579 per
1064 1551 1117 1568 sex
1138 1551 1228 1568 annos
1250 1543 1278 1568 in
1295 1544 1362 1578 jure
1384 1551 1446 1568 can.
1469 1542 1581 1568 studuit
1600 1546 1627 1568 et
1647 1543 1675 1568 in
1696 1542 1793 1568 eodem
1807 1543 1874 1577 jure
1895 1551 1909 1568 ⁴<
1931 1542 2053 1576 gradum

278 1591 490 1617 bacallariatus
501 1601 516 1618 »
532 1593 651 1628 accepit,
665 1592 717 1618 sed
730 1596 849 1628 propter
864 1592 1083 1618 consuetudines
1093 1595 1120 1617 et
1130 1595 1242 1617 statuta
1257 1592 1349 1618 studii
1363 1592 1458 1618 Paris.
1472 1591 1576 1617 debeat
1590 1591 1682 1625 longis
1698 1591 1872 1627 temporibus
1888 1595 2055 1627 exspectare

276 1645 432 1676 antequam
452 1641 480 1667 in
498 1641 574 1667 dicto
584 1642 651 1676 jure
666 1641 706 1667 ad
720 1641 842 1675 gradum
858 1641 994 1667 licentiae
1009 1641 1197 1675 assumatur),
1216 1641 1446 1667 consideratione
1465 1640 1561 1666 Caroli
1576 1642 1749 1666 Francorum
1765 1644 1792 1666 et
1809 1640 1926 1666 Roberti
1943 1641 2055 1666 Scotiae

277 1698 381 1724 regum,
402 1694 555 1726 postquam
577 1691 605 1716 in
624 1691 688 1724 jure
704 1699 766 1716 can.
782 1699 835 1726 per
857 1690 1000 1716 biennium
1015 1691 1044 1716 in
1064 1690 1160 1716 eodem
1176 1690 1272 1715 studio
1296 1690 1397 1724 legerit
1417 1693 1444 1715 et
1463 1699 1515 1725 per
1534 1689 1680 1715 doctorum
1700 1689 1771 1715 dicti
1792 1689 1883 1715 studii
1906 1690 1934 1715 in
1955 1689 2053 1715 eadem

275 1738 418 1772 facultate
440 1738 605 1773 diligentem
622 1739 863 1771 examinationem
884 1739 924 1765 ad
942 1739 992 1765 hoc
1013 1739 1131 1764 idoneus
1153 1742 1281 1774 repertus
1298 1739 1434 1772 extiterit,
1459 1738 1593 1764 licentiae
1614 1738 1736 1773 gradum
1754 1738 1782 1763 in
1798 1738 1898 1764 eadem
1913 1738 2056 1772 facultate

276 1787 428 1822 largiatur.
447 1789 511 1813 Dat.
530 1788 671 1814 Avinione
687 1789 732 1822 viij
750 1789 806 1814 kal.
822 1789 978 1818 Februarii,
996 1796 1075 1814 anno
1090 1788 1227 1815 secundo.
1246 1798 1259 1811 «
1277 1788 1357 1814 Sicut
1372 1788 1505 1814 debetur.
1522 1798 1535 1811 »

282 1916 343 1947 Reg.
356 1916 413 1939 Vat.
428 1916 549 1947 Gregorii
564 1917 605 1944 XI,
621 1921 649 1939 n⁰
666 1917 720 1945 283,
736 1917 780 1940 sol.
798 1916 855 1940 [Ab.
1362 1882 1433 1911 '372⁷
1448 1882 1565 1907 danuam!
1577 1882 1620 1910 261
1636 1881 1767 1907 ammone.

193 2091 334 2128 1375.
360 2101 510 2135 Gregorius
522 2102 563 2126 XI
573 2102 683 2127 Ferrico
702 2101 855 2128 Cassinelli
867 2102 1008 2137 permittit
1023 2102 1147 2128 Parisiis
1162 2102 1190 2128 in
1204 2102 1287 2128 theol.
1307 2106 1334 2128 et
1349 2102 1453 2128 decret.
1472 2110 1578 2136 regere,
1596 2101 1725 2136 quamvis
1741 2101 1872 2135 magistri
1887 2104 1914 2126 et
1927 2100 2056 2126 doctores

278 2151 372 2176 Paris.
391 2150 599 2176 contradicant.

1357 2196 1433 2225 1372,
1449 2196 1567 2222 danuarii
1577 2196 1622 2225 28,
1638 2196 1769 2222 Arenione.

279 2286 419 2319 Dilecto
440 2286 515 2319 filio
538 2288 682 2320 Ferrico
704 2287 916 2321 Cassinelli'
941 2289 1115 2321 canonico
1144 2289 1272 2329 Paris„
1300 2300 1328 2321 s.
1357 2288 1488 2321 theol.‘²
1515 2300 1554 2320 ac
1581 2288 1771 2332 utriusque
1796 2287 1891 2331 juris
1920 2286 2059 2330 profes-

191 2354 279 2394 sori7
297 2353 463 2395 salutem,
480 2359 543 2387 etc.
563 2354 662 2387 Sicut
679 2354 844 2395 debetur,
863 2361 925 2388 etc.
945 2355 1035 2388 Cum
1057 2355 1191 2400 itaque,
1209 2356 1303 2388 sicut
1319 2354 1476 2387 exhibita
1494 2354 1601 2387 nobis
1620 2361 1676 2387 tua
1695 2354 1820 2399 petitio
1837 2352 2057 2393 continebat,

191 2420 313 2453 dilecti
338 2420 402 2452 filii
433 2421 596 2465 magistri
627 2427 661 2453 et
690 2421 749 2453 alii
776 2421 945 2454 doctores
972 2422 1082 2454 studii
1111 2422 1222 2454 Paris.
1254 2422 1289 2454 in
1316 2422 1407 2454 dicta
1434 2421 1600 2454 facultate
1626 2433 1804 2453 canonum
1827 2420 1904 2460 tibi,
1935 2419 1995 2463 qui
2022 2425 2059 2451 ut

191 2487 326 2519 asseris
347 2487 383 2519 in
405 2487 511 2520 dietis
531 2487 762 2520 facultatibus
784 2487 967 2533 theologie
989 2495 1023 2521 et
1048 2501 1226 2521 canonum
1248 2488 1382 2521 ibidem
1405 2494 1484 2520 actu
1512 2488 1622 2532 regis7
1645 2488 1687 2520 ad
1714 2494 1830 2519 actum
1858 2486 2057 2531 predictum

192 2553 433 2586 exercendum
460 2560 495 2586 et
526 2554 725 2598 regendum
754 2555 798 2587 de
827 2556 988 2599 presenti
1016 2555 1204 2588 admittere
1230 2555 1492 2595 contradicant,
1514 2561 1549 2587 et
1579 2566 1622 2586 ne
1647 2555 1728 2598 jura
1754 2560 1787 2586 et
1816 2553 2058 2585 emolumenta

193 2620 330 2653 eisdem
354 2620 567 2665 regentibus
588 2621 665 2653 dari
694 2628 727 2653 et
759 2622 910 2666 prestari
931 2629 1104 2655 consueta
1134 2622 1313 2667 percipias
1343 2622 1520 2666 impedire
1550 2627 1771 2665 presumant,
1796 2632 1860 2664 pro
1882 2625 1981 2663 parte
2003 2625 2059 2650 tua

193 2686 299 2719 nobis
320 2687 386 2719 fuit
413 2686 598 2719 humiliter
623 2688 863 2732 supplicatum
891 2695 929 2721 ut
957 2689 1150 2733 providere
1177 2689 1241 2721 tibi
1268 2689 1303 2721 in
1331 2688 1522 2733 premissis
1548 2688 1592 2720 de
1619 2687 1843 2730 benignitate
1864 2684 2059 2729 apostolica

193 2753 439 2798 dignaremur.
463 2755 536 2786 Nos
561 2754 736 2798 itaque...
761 2762 798 2787 ut
826 2762 925 2788 actus
952 2756 1136 2800 predictos
1158 2756 1194 2788 in
1215 2756 1321 2788 dictis
1346 2754 1577 2787 facultatibus
1598 2754 1767 2798 quotiens
1793 2752 1857 2784 tibi
1878 2750 2060 2784 videbitur

193 2820 230 2852 in
251 2820 377 2852 eodeni
400 2819 521 2852 studio
543 2832 712 2853 exercere
739 2833 778 2854 ac
808 2822 1023 2867 privilegiis,
1047 2822 1301 2855 emolumentis
1330 2829 1363 2854 et
1392 2820 1595 2853 redditibus
1627 2819 1840 2864 regentibus
1870 2818 1905 2849 in
1932 2817 2057 2848 eodem

195 2886 315 2919 studio
337 2886 373 2918 in
399 2886 629 2919 facultatibus
655 2888 829 2932 predictis
851 2900 916 2933 pro
938 2895 1100 2933 tempore
1122 2888 1255 2921 debitis
1278 2888 1328 2920 uti
1355 2894 1387 2920 et
1415 2887 1573 2931 gaudere
1596 2893 1628 2918 et
1655 2898 1693 2918 ea
1720 2885 1907 2929 percipere
1928 2883 2058 2922 valeas.

318 2947 366 2963 W*
384 2944 479 2968 Chare.
503 2945 580 2968 Univ.
599 2945 693 2970 Paris.
714 2946 759 2969 111.
1907 2941 1936 2962 2⁶
