2488 3386
449 339 513 371 624
1025 342 1343 366 CHARTULARHJM
1378 341 1566 363 UNIVERS.
1604 340 1733 362 rmus.
2048 312 2050 315 .
2210 326 2311 364 [1394

449 426 751 465 congregatorum
775 418 926 463 illapsus
948 424 1004 451 est
1024 424 1058 450 et
1078 417 1222 450 caritate
1240 415 1441 449 concordes
1463 426 1528 447 sue
1548 414 1760 447 inundantis
1781 414 1895 459 gratie
1912 413 2123 459 perfusione
2143 413 2309 458 replevit,

453 499 558 532 quem
579 492 614 518 et
634 491 759 518 nostro
780 491 849 518 tam
871 484 1044 518 concordi
1065 483 1259 516 conventui
1286 494 1326 514 ea
1351 481 1438 514 hora
1461 481 1634 522 astitisse,
1656 481 1713 526 pia
1737 487 1772 514 et
1790 480 1982 514 verisimili
2003 480 2211 524 conjectura
2233 491 2311 513 cre-

450 553 583 593 dimus,
605 563 698 584 anno
721 551 865 584 Domini
885 550 1080 583 millesimo
1102 549 1208 583 CCC⁰
1229 548 1467 593 nonagesimo
1490 554 1629 592 quarto.

539 671 658 703 Epistola
673 671 730 702 regi
742 674 910 702 praesentata
926 680 937 693 «
954 671 979 693 in
995 670 1101 693 modum
1117 669 1193 700 parvi
1208 668 1292 691 libelli
1307 670 1426 690 contexta
1439 669 1464 690 et
1480 666 1569 698 sigillo
1584 666 1772 690 Universitatis
1789 666 1915 698 sigillata,
1930 666 1956 690 in
1972 667 2104 698 principio
2114 666 2185 698 regis
2198 667 2312 690 sedentis

447 717 472 740 in
490 717 556 740 solio
571 716 645 747 regni
661 715 891 738 circumstancium
907 715 1063 738 clericorum
1077 714 1177 745 figuras
1195 712 1345 735 continebat
1361 720 1372 734 »
1389 711 1502 741 (Chron.
1518 712 1557 735 du
1571 711 1622 735 rel.
1634 711 1667 735 de
1681 711 1884 742 Saint-Denys‚
1901 711 1934 739 11,
1950 711 2014 742 134),
2027 712 2081 734 Hoc
2096 711 2230 742 exemplar
2243 719 2312 734 nunc

447 761 622 784 desideratur.
641 761 688 783 An.
705 760 764 783 1395
790 768 801 783 (ι
827 759 902 790 copia
927 759 1038 790 epistole
1060 757 1246 781 Universitatis
1270 756 1327 786 regi
1357 755 1456 779 directa
1472 764 1484 778 »
1504 756 1622 778 confecta
1642 758 1667 778 et
1686 755 1712 778 in
1734 755 1815 779 archa
1834 755 1948 778 nationis
1969 755 2128 787 Anglicanae
2152 755 2240 787 posita
2271 758 2313 779 est

446 807 574 835 (Auctor.
592 804 730 831 Chartul.,
748 804 766 832 I,
787 812 814 835 p.
831 805 885 832 703,
902 804 949 832 27).
971 803 1036 826 Huic
1058 802 1143 825 simile
1159 804 1227 824 certe
1247 804 1287 824 est
1308 800 1443 831 exemplar
1465 800 1491 823 in
1509 799 1586 823 Arch.
1607 802 1660 824 nat.
1677 800 1762 824 Paris.
1780 800 1814 824 M.
1832 799 1882 829 67¹²,
1899 804 1928 823 n⁰
1947 801 1984 830 59,
2001 803 2194 828 conservatum,
2213 808 2312 831 parvus

446 849 552 873 libellus
568 849 703 872 continens
720 849 748 871 10
764 848 836 871 solia.
853 849 889 871 Ex
904 848 949 870 illo
965 850 1054 870 noster
1068 849 1163 875 textus,
1179 845 1272 877 purior
1285 853 1363 876 quam
1380 845 1406 868 in
1421 844 1480 867 aliis
1497 844 1588 868 msam.
1604 845 1633 868 In
1648 847 1799 875 tegumento
1815 844 2014 868 membranaceo
2028 844 2127 876 legitur
2142 852 2147 867 z
2166 853 2176 868 α
2195 844 2314 876 Epistola

446 893 632 917 Universitatis
648 892 790 916 Parisiens.
802 892 901 915 directa
916 892 986 915 dom.
1005 890 1061 922 regi
1078 899 1158 922 super
1173 889 1284 913 materia
1301 889 1405 912 unionis
1421 888 1531 912 ecclesie
1549 896 1571 911 »-
1588 889 1708 920 Epistola
1722 891 1808 912 exstat
1822 889 1901 912 etiam
1916 888 1992 918 ibid„
2007 889 2031 912 J.
2047 889 2101 918 518,
2117 889 2162 912 sol.
2179 889 2248 917 1-10,
2264 889 2314 912 suh

446 938 552 961 rubrica
563 941 592 961 ut
603 945 697 968 supra;
710 937 778 960 Bibl.
792 939 847 959 nat.
861 936 945 959 Paris.
960 944 1024 959 mss.
1034 936 1081 960 lat.
1096 936 1165 964 1463,
1178 935 1224 958 sol.
1237 935 1280 962 93;
1293 934 1377 962 14643,
1392 934 1436 957 sol.
1450 934 1479 957 20
1493 934 1515 963 (e
1525 942 1576 965 quo
1590 933 1730 964 Bulaeus);
1743 933 1812 957 Bibl.
1824 933 2007 957 Cameracens.
2018 942 2068 957 ms.
2079 934 2124 957 839
2137 934 2238 963 (Catal.
2248 934 2315 964 940),

447 982 491 1005 fol.
507 983 551 1010 47;
568 981 631 1005 Cod.
645 982 702 1004 Vat.
715 981 761 1004 lat.
778 981 847 1008 4927,
866 980 911 1003 fol.
929 980 985 1007 ll4;
1003 979 1092 1003 Ottob.
1104 980 1150 1002 lat.
1168 979 1238 1008 3081,
1255 978 1300 1002 rol.
1320 979 1378 1006 164;
1395 978 1464 1001 Bibl.
1482 986 1550 1001 caes.
1571 977 1718 1001 Vindobon.
1740 986 1789 1001 ms.
1811 978 1858 1001 lat.
1873 978 1944 1006 4929,
1961 978 2006 1002 sol.
2023 978 2083 1006 2453
2099 977 2167 1001 Bibl.
2188 978 2314 1001 Bel-nens.

446 1034 496 1049 ms.
509 1027 563 1056 437,
577 1025 620 1049 fol.
638 1026 664 1053 1;
681 1025 802 1056 Amplon.
814 1024 844 1052 Q.
859 1025 914 1053 125,
927 1024 971 1048 fol.
987 1024 1045 1052 1741
1060 1024 1245 1055 Rotomagens.
1260 1022 1290 1046 0.
1307 1023 1346 1051 20,
1359 1022 1403 1047 sol.
1416 1022 1471 1051 172,
1480 1030 1579 1050 omnes,
1589 1025 1618 1045 ut
1631 1025 1657 1045 et
1672 1025 1819 1053 sequentes,
1831 1030 1900 1046 saec.
1913 1029 2016 1046 xiv-xv.
2025 1022 2163 1046 Praeterea
2175 1022 2244 1045 inter
2253 1030 2314 1054 epp.

446 1070 546 1094 Nicolai
562 1070 593 1093 dc
607 1069 765 1100 Clnmengis,
782 1079 795 1090 «
809 1069 858 1091 sub
874 1068 977 1091 nomine
993 1067 1179 1092 Universitatis
1196 1067 1277 1091 studii
1292 1067 1374 1090 Paris.
1392 1066 1552 1098 compositas
1566 1074 1587 1095 »,
1604 1066 1630 1089 in
1643 1066 1712 1090 Bibl.
1726 1067 1848 1090 Trecens.
1863 1074 1912 1090 ms.
1926 1066 1995 1095 1163,
2009 1066 2053 1090 sol.
2070 1066 2129 1095 56¹’;
2144 1066 2212 1090 Bibl.
2229 1066 2314 1098 Capit.

448 1114 534 1145 Bajoc.
554 1122 603 1137 ms.
618 1115 643 1142 4,
660 1114 704 1137 sol.
725 1115 768 1142 53;
785 1113 852 1136 Bihl.
870 1113 995 1136 Bernens.
1016 1120 1065 1135 ms.
1087 1113 1129 1140 63;
1147 1112 1215 1135 Bibl.
1237 1120 1306 1135 caes.
1322 1111 1469 1134 Vinduhon.
1486 1119 1535 1134 ms.
1556 1111 1602 1134 lat.
1622 1112 1694 1141 4203,
1711 1110 1755 1134 sol.
1772 1110 1847 1139 109b;
1868 1110 2049 1134 Aurelianens.
2066 1111 2111 1134 ‘264
2131 1111 2229 1141 (Gatal.
2249 1110 2314 1142 ³11),

447 1169 474 1191 p.
492 1160 502 1182 1
521 1161 597 1188 (saec.
614 1160 688 1187 xvn).
699 1171 730 1175 -—-
746 1158 850 1188 Integra
865 1157 935 1180 edita
950 1157 1028 1180 estin
1043 1158 1145 1181 Chron.
1161 1158 1201 1180 du
1215 1156 1268 1180 rel.
1283 1157 1316 1180 de
1331 1155 1532 1186 stum-Deum,
1546 1156 1579 1184 11,
1594 1156 1651 1184 136;
1663 1155 1805 1186 D'Achery,
1822 1155 1948 1185 Spicil.2,
1962 1155 1982 1184 1,
1995 1156 2053 1183 776,
2069 1155 2193 1185 Bulaeus,
2207 1156 2249 1186 lv,
2259 1155 2315 1180 687.

448 1203 572 1234 Raynald,
590 1211 631 1225 an.
649 1203 717 1231 1394,
732 1206 760 1224 n0
775 1203 798 1232 3,
817 1201 914 1224 omittit
925 1204 1028 1232 partem
1041 1201 1217 1232 principalem
1235 1200 1372 1232 epistolae,
1389 1200 1446 1223 scil.
1462 1203 1515 1223 tres
1531 1199 1595 1223 vias.
1607 1214 1639 1217 —
1650 1199 1777 1223 Exstabat
1793 1199 1857 1222 olim
1873 1199 1900 1222 in
1915 1199 1993 1223 Arch.
2009 1200 2079 1232 Vat.‚
2093 1208 2159 1223 arm.
2176 1200 2213 1228 54,
2230 1204 2260 1223 1ιο
2276 1200 2316 1229 21,

449 1247 492 1270 fol.
519 1246 713 1275 LXlx-Lxxw,
737 1246 783 1269 sed
799 1246 872 1269 deest
887 1245 981 1269 saltem
997 1254 1011 1268 a
1028 1253 1096 1269 saec.
1113 1253 1178 1268 xvn.
1195 1245 1230 1268 De
1257 1244 1422 1268 traductione
1440 1244 1549 1275 antiqua
1570 1244 1595 1267 in
1621 1244 1754 1275 linquam
1772 1244 1919 1274 qallicam.
1942 1244 2020 1275 jussu
2044 1243 2115 1275 regis
2137 1243 2237 1273 effecta,
2262 1244 2316 1269 vid.

448 1296 497 1314 num
523 1282 592 1319 wsb,
609 1293 663 1313 not.
680 1291 701 1313 1.

540 1335 623 1366 Hujus
639 1334 765 1366 epistolae
786 1334 948 1365 principales
968 1334 1116 1357 conditores
1134 1335 1240 1357 suerunt
1254 1344 1268 1355 a
1283 1334 1376 1357 Petrus
1397 1334 1428 1357 de
1444 1333 1561 1362 Ailliaco,
1579 1333 1689 1364 Egidius
1709 1333 1741 1356 de
1760 1333 1867 1365 Campis
1884 1333 2107 1365 quampluresque
2122 1332 2168 1356 alii
2181 1333 2279 1356 famosi
2293 1337 2319 1358 et

447 1379 584 1403 eminentis
601 1379 708 1402 scientie
725 1379 775 1402 viri
792 1389 814 1405 »,
831 1379 875 1401 sed
896 1378 1019 1402 Nicolaus
1040 1379 1071 1401 de
1092 1378 1252 1409 Glumengis,
1271 1387 1281 1401 t(
1299 1378 1421 1402 Tulliana
1437 1378 1560 1401 facundia
1580 1377 1752 1409 singulariter
1766 1378 1868 1409 pollens
1883 1387 1905 1407 »,
1921 1386 1978 1401 eam
1998 1387 2011 1399 «
2027 1377 2159 1401 coloribus
2179 1377 2317 1402 rethoricis

447 1424 623 1447 exornandam
638 1423 754 1454 suscepit
762 1423 785 1440 22
800 1433 812 1444 n
835 1423 949 1452 (Chron.
966 1424 1006 1446 du
1021 1423 1082 1451 rel„
1099 1426 1158 1450 etc.,
1179 1431 1204 1454 p.
1227 1423 1280 1451 100,
1300 1421 1363 1452 130).
1380 1422 1486 1445 Petrum
1506 1422 1537 1445 de
1556 1422 1665 1445 Ailliaco
1684 1425 1786 1453 partem
1810 1422 1936 1445 habuisse
1959 1422 1986 1445 in
2007 1421 2187 1453 componenda
2205 1421 2318 1454 epistola

447 1471 557 1500 apparet
572 1468 650 1491 etiam
666 1476 697 1491 ex
711 1467 853 1490 insertione
870 1467 940 1495 facti,
957 1467 1085 1498 epistolae
1101 1467 1225 1495 extranei,
1242 1467 1370 1490 Johannis
1386 1467 1417 1490 de
1433 1466 1596 1491 Montesono.

541 1513 612 1535 Hunc
634 1512 833 1535 celeberrimam
848 1512 998 1543 epistolam,
1014 1512 1104 1543 utique
1121 1512 1321 1535 fundamentum
1338 1520 1428 1535 eorum
1445 1520 1511 1543 quae
1526 1511 1692 1535 Universitas
1712 1515 1805 1543 postea
1825 1519 1952 1543 aggressa
1967 1514 2016 1539 est,
2030 1515 2148 1543 tempore
2163 1511 2224 1535 dato
2240 1519 2251 1535 ι
2267 1519 2316 1543 per

449 1561 560 1589 quatuor
575 1557 666 1579 mundi
680 1557 763 1579 latera
779 1556 983 1587 divulgaverunt
999 1565 1009 1579 u
1026 1556 1113 1586 (Arch.
1130 1557 1198 1584 Vat.‚
1214 1564 1281 1579 arm.
1296 1557 1334 1584 54,
1350 1560 1378 1579 n⁰
1393 1557 1431 1584 36,
1451 1557 1468 1579 f.
1486 1555 1543 1584 96θ,
1556 1557 1625 1586 etc.).
1643 1556 1681 1579 Ab
1699 1556 1860 1579 adversariis
1876 1564 1965 1579 severe
1980 1555 2181 1587 vituperabatur
2195 1555 2319 1587 epistola.

449 1602 491 1625 Sic
506 1610 529 1624 v.
549 1610 576 1633 g.
591 1609 606 1624 a
627 1609 696 1632 mag.
719 1601 837 1624 Johanne
853 1601 942 1624 Atonis
962 1600 1090 1630 (Batonis)
1107 1600 1137 1624 Ο.
1154 1601 1246 1624 Praed.
1263 1600 1382 1631 Anglico,
1398 1600 1600 1631 poenitentiario
1615 1608 1702 1632 papae
1720 1600 1853 1624 Benedicti
1874 1600 1957 1630 (ihid.,
1974 1605 2003 1623 ιιΩ
2018 1601 2056 1629 20,
2071 1600 2090 1624 f.
2106 1601 2160 1632 186,
2178 1600 2236 1629 198,
2252 1600 2320 1624 Mar-

449 1646 634 1673 tene-Durand,
650 1645 741 1676 Ampl.
762 1645 834 1674 coll„
851 1646 905 1673 VH,
923 1646 986 1674 502),
1003 1645 1135 1676 imprimis
1152 1645 1185 1668 ab
1198 1645 1250 1668 alio
1266 1645 1384 1677 ejusdem
1404 1645 1468 1669 Ord.
1484 1645 1625 1676 magistro,
1641 1644 1686 1676 qui
1702 1644 1733 1668 ad
1750 1645 1916 1668 Benedictum
1932 1653 2015 1676 paene
2030 1645 2163 1676 integrum
2176 1648 2319 1668 tractatum

449 1693 539 1713 contra
554 1690 694 1720 epistolam
709 1689 851 1712 destinavit
868 1689 952 1719 (ibid.,
969 1694 997 1712 n⁰
1012 1691 1051 1719 36,
1069 1691 1085 1712 f.
1102 1690 1188 1712 96-104
1206 1698 1211 1713 ;
1229 1698 1240 1713 α
1258 1689 1444 1720 Loquebantur
1461 1689 1590 1712 adversus
1603 1689 1704 1721 justum
1725 1689 1890 1721 iniquitatem
1906 1690 1938 1720 a),
1958 1697 2067 1721 eamque
2081 1692 2158 1712 vocat
2175 1698 2186 1713 ι
2203 1689 2321 1713 adulato-

449 1734 525 1763 riam,
542 1734 777 1762 blasfematoriam,
794 1734 1007 1761 diffamatoriam,
1025 1734 1186 1762 seditiosam,
1202 1734 1387 1757 scandalosnm
1403 1734 1429 1757 in
1445 1734 1556 1757 materia
1570 1735 1597 1758 et
1607 1737 1852 1765 presumptuosam,
1868 1734 1998 1765 siquidem
2016 1742 2067 1757 non
2083 1733 2253 1765 theologiam,
2268 1742 2321 1757 non
2337 1725 2341 1728 ¹

449 1778 621 1806 dialecticam,
638 1786 688 1801 non
703 1778 880 1809 philosofium,
897 1786 947 1801 non
965 1778 1104 1801 retoricam
1121 1778 1291 1807 redolentem,
1311 1779 1357 1802 sed
1379 1778 1529 1801 rudimenta
1547 1781 1673 1810 precepta
1694 1778 1879 1810 gramaticalia
1898 1781 2064 1802 resonantem
2080 1786 2102 1808 »,
2123 1786 2202 1810 quam
2217 1786 2321 1810 compo·

450 1826 558 1846 suerunt
575 1832 586 1845 «
602 1822 720 1845 nonnulli
740 1822 865 1845 intitulati
886 1822 1001 1854 theologi
1017 1826 1041 1846 et
1056 1823 1158 1852 artiste,
1180 1826 1322 1846 sectatores
1341 1823 1442 1854 poetice
1463 1822 1587 1846 vanitatis
1605 1831 1616 1846 >³
1633 1824 1660 1852 (f.
1677 1822 1721 1846 99¹²
1741 1824 1801 1854 sq.).
1825 1824 1920 1846 Auctor
1935 1822 2075 1854 impugnat
2091 1822 2250 1854 praesertim
2266 1825 2320 1846 tres

449 1867 505 1890 vias
520 1867 680 1898 propositas,
696 1867 776 1890 immo
791 1867 967 1898 patrocinium
983 1867 1061 1890 etiam
1076 1867 1204 1890 Johannis
1220 1868 1251 1891 de
1274 1868 1425 1891 Montesono
1442 1867 1562 1895 assumit,
1580 1867 1699 1897 dicendo,
1725 1867 1870 1891 Concilium
1884 1868 2005 1899 generale
2020 1875 2078 1890 esse
2090 1867 2269 1890 necessarium
2287 1867 2321 1891 ad

449 1911 643 1942 profligandam
657 1911 787 1934 haeresim
803 1911 992 1942 magistrorum
1007 1911 1102 1939 Paris„
1120 1920 1130 1934 «ι
1146 1912 1215 1943 quod
1230 1911 1348 1943 gloriosa
1360 1911 1440 1943 Virgo
1453 1920 1505 1935 non
1522 1911 1571 1935 suit
1582 1915 1707 1943 concepta
1722 1911 1748 1935 in
1762 1915 1869 1943 peccato
1880 1911 2012 1943 originali,
2026 1919 2072 1935 nec
2083 1914 2208 1943 concepta
2223 1910 2321 1935 semine

450 1955 508 1983 viri,
525 1956 570 1978 sed
586 1955 736 1986 operatione
752 1955 867 1987 Spiritus
884 1956 909 1978 S.
929 1964 938 1977 »
956 1957 983 1985 (f.
1004 1956 1080 1986 101b).
1099 1956 1219 1987 Magistri
1243 1956 1327 1979 Paris.
1345 1965 1356 1979 (ι
1371 1956 1514 1988 juvenculi,
1533 1956 1661 1987 inexperti
1676 1960 1699 1980 et
1722 1956 1889 1988 inpracticati
1905 1965 1916 1979 n
1939 1959 2008 1986 sunt,
2025 1965 2036 1978 α
2052 1956 2151 1979 honore
2173 1955 2322 1988 magistrali
2349 1988 2351 1990 Ι

450 2000 622 2031 expolientur,
636 2000 783 2030 capiantur,
800 2003 825 2023 et
840 2003 1002 2023 arrestentur
1014 2003 1092 2031 atque
1107 2000 1290 2032 vituperentur
1306 2010 1317 2023 »
1333 2001 1362 2032 (f.
1375 2000 1516 2032 103b-104).
1529 2001 1566 2024 Ad
1578 2001 1706 2032 quasdam
1720 2001 1892 2032 allegationes
1906 2009 1997 2024 sacrae
2010 2001 2157 2032 scripturae
2168 2000 2195 2024 in
2209 2000 2322 2032 epistola
2356 1990 2361 1994 ,

451 2047 541 2067 auctor
554 2044 612 2075 jure
627 2047 736 2067 annotat
751 2052 756 2067 ’.
774 2054 786 2065 «
799 2052 849 2067 non
864 2047 904 2067 est
919 2044 1043 2076 allegatio
1060 2045 1239 2076 magistralis;
1256 2045 1379 2068 locuntur
1394 2048 1422 2068 ut
1435 2045 1536 2073 artiste,
1553 2049 1579 2068 et
1594 2053 1644 2068 non
1660 2048 1689 2069 ut
1703 2045 1821 2077 theologi
1834 2053 1856 2073 »ς
1873 2055 1886 2067 «ε
1903 2045 1990 2076 inepte
2006 2045 2143 2076 applicant
2157 2054 2179 2068 n.

545 2138 566 2160 1.
583 2138 611 2160 In
626 2137 745 2168 margine
759 2138 792 2161 M.
808 2137 855 2160 67¹³
871 2146 876 2160 ⁴.
895 2148 907 2159 α
922 2138 988 2161 Nota
1003 2139 1073 2169 quod
1089 2146 1134 2161 rex
1148 2138 1270 2161 hortatur
1283 2138 1489 2162 Universitatem
1507 2148 1529 2162 ».
1545 2152 1575 2157 ——
1590 2140 1613 2163 2.
1628 2139 1687 2163 Vid.
1704 2143 1754 2162 num
1773 2139 1839 2162 1661.
1855 2153 1885 2156 —
1900 2140 1922 2162 3.
1942 2138 1998 2162 Vid.
2014 2143 2064 2161 num
2081 2139 2150 2162 1674.
2164 2152 2195 2156 —
2209 2139 2233 2162 4.
2249 2138 2323 2163 Tra-

452 2182 546 2205 ductio
560 2181 665 2211 ‚qallica
681 2182 788 2213 antiqua
803 2190 808 2205 z
825 2192 837 2203 ι(
909 2182 953 2213 qui
976 2191 1021 2205 sur
1041 2191 1068 2206 ce
1088 2182 1103 2206 ἐ,
1118 2186 1204 2206 vostre
1221 2183 1305 2214 grand
1325 2183 1424 2206 conseil
1440 2186 1499 2206 sont
1518 2183 1652 2214 plusieurs
1673 2183 1723 2206 fois
1743 2184 1818 2213 allez,
1835 2186 1860 2206 et
1874 2183 1993 2206 combien
2014 2191 2064 2214 que
2085 2184 2139 2206 tres
2154 2183 2325 2214 longuement

453 2226 585 2256 priassent
599 2227 614 2248 a
633 2234 678 2248 vos
695 2226 858 2249 conseilliers
875 2226 951 2257 qu'ils
968 2227 1118 2250 vousissent
1133 2227 1189 2250 dire
1258 2227 1396 2250 toutesfois
1412 2227 1481 2251 riens
1497 2236 1547 2259 par
1562 2228 1622 2251 eulx
1636 2227 1676 2251 oir
1692 2236 1723 2251 ne
1736 2231 1847 2259 peurent
1862 2236 1884 2257 »‚
1900 2231 1951 2252 etc.
1967 2227 2024 2251 Vid.
2036 2231 2087 2250 num
2103 2227 2171 2256 1679,
2186 2235 2213 2258 p.
2227 2227 2324 2250 607.—

455 2271 476 2292 5.
492 2269 518 2292 ln
532 2270 650 2300 margine
665 2278 670 2292 1
688 2279 700 2291 «
716 2271 782 2293 Nota
796 2270 911 2301 primam
925 2270 1005 2300 viam,
1021 2271 1091 2294 viam
1106 2271 1244 2301 cessionis,
1258 2271 1284 2294 in
1300 2280 1379 2295 manu
1395 2272 1533 2295 amborum
1546 2272 1719 2303 collegiorum
1734 2272 1813 2295 simul
1829 2272 2083 2303 congregandorum,
2095 2271 2135 2294 vel
2151 2271 2267 2299 divisim,
2282 2271 2324 2294 vel

455 2313 603 2344 aliquorum
616 2322 663 2344 per
677 2317 787 2345 utraque
803 2315 915 2346 collegia
930 2315 1150 2338 nominandorum
1165 2325 1186 2338 n.
1204 2329 1232 2333 —
1249 2317 1271 2339 6.
1289 2316 1376 2347 Supra
1391 2321 1421 2339 n⁰
1436 2317 1496 2339 1663
1512 2316 1626 2339 dabatur
1640 2316 1726 2339 adhuc
1742 2325 1811 2348 spes.
1829 2330 1855 2334 κ
1873 2317 1894 2339 7.
1913 2316 2064 2347 Sequuntur
2078 2315 2185 2339 motiva.
2200 2329 2232 2332 —
2246 2316 2268 2339 8.
2282 2315 2324 2339 Sic

456 2360 523 2379 recte
535 2358 566 2380 M.
582 2359 610 2380 67
617 2358 636 2380 b.
651 2359 752 2382 Chron.
764 2360 803 2382 du
817 2359 867 2382 rel.
881 2367 886 2382 :
898 2368 908 2381 (ι
923 2359 1101 2390 parciescente
1113 2368 1139 2387 »ς
1156 2360 1213 2383 ΒιιΙ.
1224 2368 1229 2382 ·.
1241 2370 1253 2381 α
1267 2360 1337 2391 parti
1350 2364 1487 2383 avescente
1499 2370 1520 2388 »,
1534 2364 1559 2384 et
1569 2361 1666 2384 similia
1681 2361 1788 2384 nomina
1803 2361 1950 2383 adulterata
1961 2363 2062 2391 postea.
2074 2360 2125 2383 Nec
2141 2360 2264 2389 Bulaeus,
2277 2367 2324 2383 nec

457 2401 593 2432 Bellaguet
609 2402 764 2425 sententiam
780 2403 913 2426 intellectu
931 2404 1063 2427 consecuti
1078 2407 1147 2427 sunt.
1168 2404 1253 2428 Trad.
1267 2405 1334 2435 qall.
1352 2405 1461 2436 antiqua
1476 2405 1574 2436 optime
1590 2413 1595 2428 z
1618 2414 1630 2428 «
1647 2414 1679 2429 ne
1695 2405 1713 2428 il
1731 2414 1790 2429 sera
1806 2405 1850 2428 nul
1871 2405 1915 2436 qui
1931 2405 2016 2433 obvie,
2035 2404 2164 2427 doubtant
2176 2404 2277 2427 chacun
2292 2404 2324 2428 de

456 2445 589 2468 amendrir
607 2454 635 2468 sa
650 2446 734 2476 partie
749 2450 774 2469 et
789 2455 818 2469 sa
836 2449 935 2477 favour,
955 2451 979 2471 et
996 2448 1117 2479 acquerir
1132 2449 1248 2471 cnnemis
1264 2450 1278 2471 ii
1292 2457 1321 2471 sa
1337 2457 1415 2472 cause
1433 2458 1455 2472 n.
1471 2463 1501 2467 —
1519 2452 1540 2472 9.
1558 2449 1642 2481 Magis
1658 2450 1804 2481 explicatur
1818 2453 1843 2472 et
1860 2449 1958 2472 motiva
1971 2457 2020 2480 pro
2041 2448 2151 2471 concilio
2168 2448 2322 2472 afferuntur.

457 2503 484 2506 —
500 2490 536 2512 10.
551 2490 674 2520 Lym-eos.
686 2490 742 2513 Vid.
760 2491 859 2520 Horat„
875 2492 932 2515 Sat.
947 2493 966 2520 Ι,
979 2493 1001 2520 2,
1013 2494 1052 2515 90.
1068 2492 1150 2516 Trad.
1164 2493 1232 2523 yall.
1246 2501 1251 2515 ·.
1267 2503 1279 2515 «
1292 2493 1373 2516 Est-il
1387 2494 1503 2524 donques
1519 2495 1534 2517 a
1547 2494 1630 2517 croire
1644 2502 1693 2525 que
1707 2502 1770 2517 vous
1786 2493 1840 2516 aiez
1855 2497 1912 2516 tant
1923 2494 2068 2516 seulement
2079 2493 2118 2516 les
2131 2501 2198 2524 yeux
2212 2493 2244 2516 de
2261 2492 2322 2522 lius,

458 2536 482 2555 et
494 2536 551 2556 tout
569 2533 593 2556 le
609 2537 744 2557 remenant
765 2535 800 2557 du
816 2536 908 2558 monde
929 2536 980 2559 soit
999 2537 1109 2567 aveugle
1127 2545 1227 2560 comme
1246 2537 1272 2560 la
1290 2538 1379 2569 taulpe
1395 2539 1425 2560 n?
1443 2551 1473 2555 -
1490 2538 1527 2561 11.
1544 2538 1697 2569 Explicatur
1714 2541 1739 2561 et
1753 2538 1928 2569 respondetur
1945 2538 1978 2560 ad
1998 2537 2109 2568 objecta.
2131 2551 2158 2555 -
2176 2537 2214 2560 12.
2238 2537 2322 2562 Trad-

460 2577 530 2601 Gall.
547 2585 552 2600 ·.
575 2586 586 2600 α
603 2586 647 2600 car
662 2586 727 2600 nous
744 2587 823 2601 avons
844 2579 950 2610 dispose
969 2581 1103 2611 descripre
1119 2589 1164 2603 sur
1177 2590 1219 2604 ces
1235 2581 1305 2604 voies
1322 2585 1347 2605 et
1362 2590 1407 2605 sur
1420 2585 1491 2605 toute
1505 2583 1531 2605 la
1547 2582 1654 2605 matiere
1674 2582 1709 2605 du
1726 2582 1825 2605 Scisme
1840 2590 1871 2605 en
1891 2582 1998 2613 general
2018 2590 2053 2604 un
2067 2581 2167 2605 traittie
2181 2581 2241 2613 plus
2260 2589 2323 2613 spa-

458 2621 532 2644 cieux
545 2629 567 2644 r.
584 2622 640 2644 Vid.
658 2622 690 2644 ad
705 2622 753 2645 hoc
770 2627 818 2645 uum
835 2624 935 2646 1684—
949 2625 986 2647 13.
1003 2625 1077 2652 Quod
1089 2629 1114 2648 et
1127 2626 1224 2648 sactum
1240 2629 1288 2649 est.
1305 2626 1363 2649 vid.
1379 2630 1433 2650 not.
1447 2626 1479 2649 ad
1491 2630 1541 2649 nmn
1552 2627 1623 2649 1684.
1635 2627 1695 2650 Jam
1710 2626 1752 2649 hic
1768 2626 1913 2650 subtractio
1929 2626 2093 2649 obedientiae
2110 2626 2159 2649 sub
2176 2625 2324 2649 conditione

459 2666 645 2696 proclamatur.
662 2666 719 2689 Vid.
740 2674 821 2697 supra
840 2667 872 2689 n³⁸
890 2668 949 2690 1666
967 2672 992 2691 et
1011 2669 1079 2697 1680,
1102 2673 1155 2692 not.
1172 2671 1194 2692 9.
1217 2683 1245 2687 —-
1262 2671 1298 2693 14.
1319 2670 1508 2694 Describuntur
1528 2670 1592 2694 haec
1613 2671 1696 2698 mala;
1715 2670 1841 2694 ecclesiae
1858 2674 1956 2694 statum
1971 2674 2030 2694 ante
2048 2670 2169 2694 Schisma
2189 2670 2324 2694 florentem

461 2709 549 2733 fuisse.
569 2709 625 2733 Vid.
647 2714 696 2732 num
715 2710 784 2734 1695.
802 2725 832 2727 —
855 2712 891 2734 15.
914 2712 981 2734 Ilaec
1004 2713 1207 2743 amplificantur.
1223 2727 1253 2731 —
1274 2715 1310 2738 16.
1328 2715 1404 2738 Tecte
1424 2715 1565 2745 designant
1586 2714 1685 2738 aulicos
1710 2723 1796 2746 papae
1819 2715 1971 2745 Clementis,
1988 2715 2019 2738 de
2041 2714 2136 2746 quibus
2160 2718 2190 2737 1ιο
2209 2714 2278 2738 1681.
2295 2728 2323 2732 -

460 2754 498 2776 17.
514 2755 577 2777 Ante
592 2754 808 2784 compositionem
820 2758 844 2778 et
855 2756 1091 2786 praesentationem
1106 2758 1233 2788 epistolae
1244 2758 1325 2789 igitur
1340 2759 1505 2782 Universitas
1522 2759 1640 2782 diversas
1656 2759 1802 2782 auditiones
1819 2760 1890 2790 apud
1905 2766 1990 2791 regem
2003 2758 2142 2790 requisivit
2155 2762 2181 2782 et
2190 2758 2324 2790 repulsam

461 2798 561 2820 habuit.
578 2798 635 2821 Vid.
650 2802 678 2821 n⁰
695 2799 764 2822 1682.
783 2799 866 2824 Trad.
882 2800 950 2830 yall.
966 2807 974 2824 :
989 2810 1001 2821 «
1017 2809 1066 2831 que
1081 2802 1165 2824 moult
1177 2804 1229 2825 tres
1245 2811 1295 2833 peu
1311 2806 1422 2826 souvent
1435 2806 1460 2826 et
1475 2804 1490 2826 a
1504 2805 1557 2827 tres
1573 2806 1652 2834 grant
1666 2803 1790 2826 difficulte
1803 2811 1868 2826 nous
1884 2812 1985 2835 pouons
2003 2803 2077 2827 avoir
2092 2803 2217 2826 audience
2229 2803 2326 2826 devant

461 2850 524 2864 vous
542 2850 563 2865 n.
581 2855 610 2859 —
633 2843 670 2865 18.
690 2843 847 2874 Designatur
864 2843 906 2866 hic
930 2847 995 2867 tecte
1018 2845 1069 2867 dux
1090 2846 1255 2874 nimi-icens,
1277 2847 1321 2878 qui
1343 2848 1503 2871 audientiam
1523 2847 1662 2879 impedivit
1681 2851 1706 2871 et
1723 2848 1884 2879 principales
1905 2851 2024 2871 auctores
2044 2847 2166 2871 motionis
2189 2846 2325 2878 submergi

462 2886 552 2909 voluit.
569 2886 626 2909 Vid.
639 2887 655 2909 l.
673 2895 695 2910 c.
711 2901 735 2904 —
754 2887 792 2910 19.
809 2887 974 2911 Universitas
990 2889 1075 2917 scivit,
1092 2890 1182 2913 ducem
1204 2891 1360 2914 Bituriccns.
1378 2892 1531 2923 instigatum
1550 2891 1630 2915 fuisse
1647 2900 1695 2923 per
1710 2892 1811 2923 legatos
1832 2892 1973 2915 Clementis
1989 2892 2045 2915 VH.
2061 2906 2091 2910 -
2109 2892 2147 2915 20.
2164 2891 2221 2915 Vid.
2237 2900 2263 2923 p.
2278 2892 2324 2915 605
