2488 3386
413 331 477 364 342
1003 336 1320 360 CHARTULARIUM
1356 334 1545 357 umvsns.
1582 334 1711 357 pxms.
2177 323 2277 360 [1385

416 421 529 447 torum
560 413 715 445 filiorum
746 411 1000 445 Universitatis
1031 411 1142 444 studii
1173 410 1284 442 Paris.
1314 408 1421 441 nobis
1451 408 1628 453 exposite,
1657 408 1754 453 quod
1785 408 1940 441 dilectus
1970 408 2067 442 filius
2094 409 2277 442 Johannes

416 479 642 520 Blanchardi,
671 479 908 512 cancellarius
930 478 1016 511 eccl.
1045 477 1156 510 Paris.
1179 489 1218 509 ac
1246 475 1412 508 nonnulli
1441 475 1520 519 ejus
1541 474 1703 507 officiarii
1725 475 1801 508 sive
1822 475 2016 508 familiares
2042 482 2077 508 et
2102 488 2278 521 sequaces

417 558 480 591 pro
508 546 598 578 locis
626 545 859 590 assignandis
887 557 926 577 ac
954 543 1117 576 licenciis
1148 542 1276 575 dandis
1307 542 1342 573 in
1375 541 1573 586 theologie,
1602 541 1844 583 decretorum,
1873 542 2053 575 medicine
2084 549 2119 575 et
2148 543 2276 575 artium

415 611 644 645 facultatibus
662 611 829 656 personis
848 610 1100 644 Universitatis
1121 609 1379 654 predictorum,
1398 607 1573 652 quosdam
1595 607 1769 641 hactenus
1785 608 2042 642 commiserant
2058 615 2093 642 et
2107 610 2278 642 continue

416 678 687 711 committebant
713 677 849 710 abusus
871 684 906 710 et
936 687 1123 716 excessus,
1145 681 1268 708 contra
1290 676 1403 706 Deum
1430 680 1466 707 et
1480 674 1663 718 justiciam
1686 686 1725 707 ac
1746 675 1938 708 canonicas
1959 675 2170 709 xanctiones
2191 677 2276 720 (sic),

418 744 607 790 privilegia
624 756 780 789 quoquc,
800 755 888 776 usus
906 750 939 775 et
955 742 1156 775 laudabiles
1172 740 1459 774 consuetudines
1476 740 1637 785 ipsorum
1654 741 1909 775 Universitatis
1926 748 2060 775 temere
2075 742 2277 776 veniendo:

417 823 484 843 nos
506 811 648 843 dilectis
670 810 754 843 filiis
776 810 910 842 nostris
936 810 1063 842 Petr0²
1085 808 1136 841 tit.
1160 809 1193 841 S.
1218 807 1401 840 Laurentii
1431 807 1467 839 in
1499 807 1645 848 Lucina,
1673 814 1708 840 et
1737 809 1864 841 Petro³
1886 809 1938 841 tit.
1962 809 1996 842 S.
2019 809 2131 842 Marci
2156 809 2278 854 presb.

418 889 456 910 ac
478 877 606 909 Petro⁴
624 877 657 909 S.
678 876 789 909 Marie
811 876 846 908 in
864 875 1002 920 Aquiro
1025 875 1186 920 dyacono
1208 873 1453 906 cardinalibus
1474 874 1723 907 commisimus
1740 881 1779 907 ut
1799 874 1843 907 de
1864 875 2055 919 premissis
2076 887 2115 908 se
2136 875 2281 920 plenius

417 943 664 976 informarent.
692 943 780 976 Cum
808 949 925 975 autem
956 953 1020 986 per
1047 940 1343 973 informacionem
1375 952 1439 985 per
1467 940 1614 973 eosdem
1643 940 1845 974 cardinales
1875 941 2086 986 hujusmodi
2113 942 2283 978 commis-

418 1009 532 1042 sionis
552 1009 678 1054 vigore
706 1015 899 1054 receptam,
932 1019 1043 1052 super
1071 1019 1139 1052 qua
1169 1006 1276 1040 nobis
1302 1007 1468 1039 fecerunt
1498 1006 1716 1040 relacionem
1743 1007 1902 1049 fidelem,
1927 1008 1971 1041 de
2002 1015 2037 1041 et
2064 1020 2175 1053 super
2201 1020 2283 1055 pre-

417 1075 539 1108 missis
560 1075 736 1108 abusibus
765 1082 799 1108 et
828 1074 1040 1108 excessibus
1071 1086 1145 1107 non
1174 1073 1359 1118 possimus
1387 1073 1610 1106 sufficienter
1635 1074 1834 1113 informari,
1862 1086 1929 1107 nos
1956 1075 2146 1120 cupientes
2165 1075 2282 1109 litium

417 1141 660 1182 amfractibus,
679 1142 739 1186 qui
762 1141 1024 1186 premissorum
1045 1140 1237 1173 occasione
1259 1146 1411 1185 possent
1432 1140 1578 1181 exoriri,
1597 1140 1743 1174 obviare
1765 1141 1993 1186 partiumque
2014 1153 2162 1187 parcere
2183 1141 2283 1175 labo-

419 1207 518 1240 ribus
546 1214 580 1240 et
600 1208 782 1252 expensis,
808 1219 847 1240 ac
868 1207 1078 1252 hujusmodi
1100 1207 1304 1252 questionis
1326 1207 1509 1240 materiam
1532 1207 1637 1240 etiam
1659 1207 1979 1252 extrajudicialiter
1998 1208 2195 1250 terminari,
2218 1208 2283 1242 tibi

416 1276 533 1318 (quem
560 1274 695 1306 dudum
718 1286 735 1306 a
756 1274 901 1307 vinculo
923 1286 995 1319 quo
1017 1273 1172 1307 ecclesie
1194 1273 1440 1315 Laudunensi,
1465 1273 1522 1306 cui
1545 1280 1629 1307 tunc
1650 1286 1810 1319 preeras,
1833 1274 1877 1307 de
1902 1275 2051 1309 fratrum
2075 1282 2282 1308 nostrorum

417 1340 571 1373 consilio
605 1347 640 1373 et
671 1340 870 1385 apostolice
902 1341 1092 1386 potestatis
1125 1340 1353 1385 plenitudine
1383 1340 1617 1374 absolventes
1651 1347 1685 1374 te
1715 1341 1753 1373 in
1785 1348 1908 1376 sancte
1940 1343 2099 1374 Romane
2128 1341 2283 1375 ecclesie

419 1406 667 1451 presbyterum
686 1407 904 1439 cardinalem
923 1407 1091 1440 duximus
1112 1406 1384 1450 assumendum)
1402 1419 1466 1452 per
1482 1406 1680 1452 apostolica
1701 1408 1835 1453 scripta
1854 1408 2113 1441 committimus
2130 1415 2165 1442 et
2185 1420 2283 1441 man-

417 1473 556 1514 damus,
575 1473 744 1518 quatinus
767 1485 830 1518 per
851 1480 884 1506 te
901 1473 958 1507 vel
978 1473 1085 1506 alium
1109 1485 1173 1506 seu
1195 1473 1299 1515 alios,
1316 1474 1453 1507 vocatis
1475 1474 1536 1519 qui
1557 1474 1692 1507 fuerint
1711 1474 1901 1516 evocandi,
1919 1475 2125 1516 summarie,
2145 1475 2284 1520 simpli-

417 1539 506 1572 citer
535 1552 573 1572 ac
604 1540 683 1573 sine
716 1540 869 1585 strepitu
900 1547 934 1573 et
964 1540 1079 1585 figura
1108 1540 1239 1585 judicii
1274 1541 1318 1573 de
1353 1541 1543 1586 premissis
1578 1541 1684 1574 etiam
1719 1541 2039 1584 extrajudicialiter
2071 1542 2282 1575 auctoritate

417 1605 612 1650 apostolica
635 1606 847 1651 diligentius
870 1613 902 1639 te
924 1606 1111 1639 informes.
1135 1607 1446 1648 Contradictores,
1467 1613 1546 1648 eta,
1564 1608 1844 1653 compescendo.
1862 1609 1941 1641 Non
1960 1608 2138 1649 obstante,
2155 1614 2219 1642 etc.
2240 1610 2283 1642 Et

416 1672 566 1717 insuper
587 1679 711 1713 testes,
735 1673 872 1706 litteras
895 1680 927 1706 et
948 1673 1200 1715 instrumenta,
1223 1686 1293 1719 que
1315 1674 1556 1716 Universitas,
1578 1674 1828 1716 cancellarius,
1852 1674 2014 1708 officiarii
2035 1675 2112 1708 sive
2132 1675 2282 1709 familia-

418 1750 487 1779 res,
512 1751 686 1783 sequaces
707 1746 742 1772 et
763 1752 919 1784 persone
941 1741 1093 1785 predicti
1122 1741 1325 1785 producere
1348 1741 1543 1782 voluerint,
1566 1741 1765 1786 prudenter
1786 1742 1949 1787 recipere
1977 1754 2016 1775 ac
2043 1748 2155 1775 testes
2180 1742 2281 1788 ipsos

417 1805 615 1838 secundum
648 1812 706 1838 tue
737 1806 970 1840 discretionis
1003 1807 1189 1840 arbitrium
1221 1807 1418 1853 diligenter
1448 1808 1652 1841 examinare
1682 1820 1870 1853 procures,
1906 1808 2045 1842 litteras
2079 1815 2115 1842 et
2144 1809 2280 1842 instru-

418 1878 535 1904 menta
556 1872 716 1916 predicta
734 1873 926 1906 transcribi
948 1873 1104 1906 fideliter
1119 1874 1298 1914 faciendo,
1318 1874 1570 1919 depositiones
1585 1886 1672 1908 vero
1689 1875 1850 1908 omnium
1871 1875 2016 1908 testium
2034 1875 2279 1920 predictorum

417 1938 574 1971 fideliter
600 1939 635 1971 in
661 1939 807 1984 scriptis
835 1940 998 1973 redactas
1024 1953 1093 1973 una
1119 1953 1199 1973 cum
1221 1941 1480 1986 transsumptis
1509 1941 1707 1974 litterarum
1736 1949 1771 1975 et
1799 1942 2124 1975 instrumentorum
2154 1942 2281 1988 hujus-

417 2005 513 2037 modi
535 2004 602 2037 sub
625 2012 685 2038 tuo
707 2005 830 2050 sigillo
852 2006 1012 2040 inclusas
1034 2007 1077 2040 ad
1098 2014 1257 2040 nostram
1280 2008 1499 2053 presentiam
1521 2008 1774 2050 transmittas⁵,
1793 2008 2066 2054 significaturus
2083 2008 2189 2042 nobis
2210 2021 2280 2055 que

416 2077 451 2103 et
478 2078 608 2115 quanta
639 2072 685 2104 sit
715 2072 806 2105 fides
834 2072 972 2106 eisdem
1000 2073 1155 2107 testibus
1185 2074 1427 2120 infrascriptis
1452 2081 1487 2108 et
1515 2074 1647 2108 litteris
1675 2074 1893 2108 adhibenda.
1911 2076 2040 2109 Testes
2064 2082 2195 2113 autem,
2213 2081 2277 2110 etc.

416 2137 596 2182 Quicquid
617 2145 733 2171 autem
756 2150 866 2184 super
887 2140 1077 2184 premissis
1099 2141 1246 2173 duxeris
1272 2141 1491 2183 faciendum,
1518 2141 1625 2174 nobis
1646 2154 1711 2187 per
1730 2149 1809 2175 tuas
1836 2142 1974 2175 litteras
2000 2142 2125 2175 harum
2147 2142 2278 2176 seriem

416 2204 643 2237 continentes
673 2204 830 2238 fideliter
856 2206 1021 2239 intimare
1052 2219 1241 2252 procurcS,
1273 2214 1310 2240 ut
1340 2220 1450 2253 super
1478 2208 1531 2241 eis
1561 2208 1766 2242 consultius
1793 2220 1901 2254 agere
1926 2208 2121 2242 valeamus.
2150 2210 2277 2242 Datum

416 2270 594 2303 Avinione
615 2272 647 2315 vj
670 2271 718 2304 id.
742 2272 941 2314 Februarii,
962 2273 1192 2318 pontificatus
1214 2274 1329 2308 nostri
1349 2287 1443 2307 anno
1465 2275 1632 2320 septimo.

1743 2343 1783 2376 B.
1810 2343 2010 2375 TREPAYRE.

509 2404 584 2427 Arch.
599 2405 655 2428 Vnt.
676 2405 781 2428 Collect.
800 2409 827 2428 n⁰
842 2407 897 2435 440,
915 2406 949 2429 sol
963 2406 997 2435 ¹1¹³,
1014 2408 1036 2429 9.
1054 2407 1117 2438 Reg.
1131 2407 1188 2431 vat.
1205 2408 1286 2431 Clem.
1303 2408 1356 2435 Vll,
1375 2412 1402 2430 n⁰
1418 2409 1471 2436 300,
1489 2408 1533 2431 sol.
1551 2409 1605 2432 296.

509 2487 530 2510 1.
550 2488 625 2510 Petro
640 2488 671 2510 de
687 2489 829 2519 Montaigu,
847 2490 919 2512 card.
936 2490 1112 2520 Lnudunensi,
1129 2491 1160 2514 de
1176 2500 1226 2522 quo
1238 2492 1293 2522 jum
1312 2492 1428 2523 saepius.
1446 2506 1472 2510 -
1494 2493 1515 2515 2.
1535 2493 1570 2515 De
1586 2492 1720 2520 Sortennc,
1734 2492 1806 2516 card.
1823 2492 1856 2515 nb
1871 2500 1912 2515 an.
1931 2493 1998 2520 1375,
2019 2493 2140 2516 Decemb.
2161 2494 2198 2521 20,
2218 2501 2277 2516 cum

415 2533 484 2553 esset
498 2531 637 2562 episcopus
654 2532 798 2556 Vivariens.
814 2547 844 2550 —
861 2535 884 2557 3.
903 2534 1004 2563 Amelii,
1028 2535 1058 2557 de
1074 2543 1124 2566 quo
1140 2543 1230 2566 supra.
1254 2549 1281 2553 -
1295 2537 1318 2559 [Δ.
1336 2536 1371 2559 De
1386 2536 1547 2567 Fetigniuco.
1563 2536 1589 2559 in
1604 2540 1715 2568 utroque
1729 2537 1788 2568 jure
1808 2537 1923 2565 doctore,
1943 2537 2072 2560 cardinali
2094 2537 2127 2560 ab
2147 2545 2189 2561 un.
2206 2538 2274 2565 1383,

416 2575 535 2600 Decemb.
553 2576 590 2599 23.
611 2589 639 2594 —
662 2578 684 2599 5.
704 2577 895 2609 Transsunipta
911 2578 941 2601 de
959 2578 1054 2609 quibus
1071 2587 1153 2610 supra
1169 2579 1256 2611 agitur
1276 2583 1301 2603 et
1316 2581 1493 2612 depositiones
1513 2581 1619 2604 testium
1634 2584 1736 2604 exstant
1760 2581 1787 2604 in
1805 2581 1861 2604 cod.
1879 2581 1956 2604 Arch.
1973 2582 2030 2604 vat.
2050 2582 2156 2605 Collect.
2173 2586 2202 2604 n⁰
2220 2582 2276 2611 440,

415 2619 504 2642 eodem
520 2628 581 2643 sane
597 2620 692 2648 codice,
713 2629 789 2652 quem
812 2622 902 2645 Petrus
925 2623 996 2645 card.
1016 2623 1182 2647 Laudunens.
1205 2624 1390 2648 informatione
1410 2628 1517 2656 peracta
1535 2626 1568 2648 ad
1593 2625 1692 2648 curiam
1714 2626 1786 2649 Rom.
1808 2625 1963 2649 transmisit.
1985 2626 2042 2649 Vid.
2063 2625 2222 2651 Introduct.
2243 2626 2276 2650 ud

415 2663 483 2686 hunc
496 2667 559 2687 tom.
576 2665 620 2687 111.
