2488 3386
206 315 301 352 1379]
625 328 670 349 AB
705 328 810 349 Anno
845 327 976 349 mecm.
1010 328 1140 357 USQUE
1175 329 1223 350 An
1259 330 1521 352 sensatorum
1558 332 1647 352 xiii.
2001 322 2065 353 242

202 402 318 425 edemus.
338 401 402 424 thid.
420 401 498 424 ettam
521 401 616 424 iterum
639 401 786 432 iterumque
811 401 946 430 scribitur,
963 403 1077 424 rotulum
1094 403 1236 425 secundum
1253 404 1398 426 consertum
1415 412 1471 426 esse
1488 413 1498 426 (ι
1515 413 1582 427 anno
1599 408 1691 435 quarto
1714 405 1880 435 pontificatus
1897 406 2036 428 Clementis
2056 415 2064 427 n

202 446 299 477 (potius
316 446 406 469 octob.
424 446 503 474 1:³82),
521 449 545 468 et
562 454 610 476 pro
624 446 746 477 pluribus
765 446 898 476 signatum
916 455 926 468 «
942 446 991 468 sub
1007 446 1067 469 data
1084 446 1163 477 primi
1182 447 1260 469 rotuli
1279 455 1300 474 n,
1320 447 1336 470 i.
1353 456 1374 470 c.
1395 448 1492 470 Fundis
1514 457 1544 471 xv
1565 449 1616 471 kal.
1633 449 1762 476 Deromb„
1779 458 1820 472 an.
1838 450 1932 480 primo.
1950 450 2064 473 Primus

202 491 304 513 rotulus
318 494 387 513 certe
403 490 470 513 inter
486 498 567 513 anuos
589 490 657 517 1379,
679 490 821 521 Septembi,
839 493 864 512 et
883 490 939 512 1381
957 490 989 512 ad
1005 490 1104 513 curiam
1124 491 1220 513 missus
1236 494 1282 519 cst,
1301 491 1388 519 immo,
1406 496 1437 515 uc
1462 499 1512 516 πθ.)-
1537 494 1701 522 opinamur.
1720 501 1767 516 cm.
1791 495 1880 522 1379,
1899 495 1999 522 Octol1.,
2016 494 2065 516 nisi

202 535 319 558 Mal-silio
344 535 374 557 de
397 534 496 565 lnghen
519 535 597 557 fidem
620 534 755 562 adhibeas,
780 543 810 557 cx
835 534 909 565 cujus
932 534 1061 557 sententia
1084 536 1186 558 rotulus
1210 543 1259 558 nou
1285 536 1367 558 multo
1392 540 1451 559 ante
1475 545 1517 559 an.
1541 538 1597 559 '1381
1626 537 1721 559 missus
1741 538 1832 560 suisset
1850 538 1912 566 (vid.
1938 538 2004 560 infra
2028 539 2066 561 Dc

203 580 376 608 schismate).
397 579 431 602 De
448 580 570 603 secundo
588 579 674 601 rotulo
690 579 744 602 vid.
762 582 849 601 notam
865 579 896 601 ad
916 583 965 601 num
984 579 1053 602 1474.

296 624 404 647 Rotulus
427 627 488 647 nat.
512 623 685 651 Gallicanae,
702 632 717 646 a
735 624 810 646 Petro
833 623 863 645 de
882 623 990 646 Ailliaco
1014 624 1047 646 ad
1065 623 1223 646 Clementem
1240 624 1283 646 Vll
1306 628 1435 655 portatus,
1459 628 1484 647 et
1506 625 1573 648 infra
1592 634 1617 656 p.
1641 626 1850 653 252-259011itus,
1875 630 1934 648 ante
1952 627 2064 649 rotulum

203 668 388 691 Universitatis
409 668 534 691 Clementi
550 668 595 690 Vll
612 671 796 698 praesentatus
814 671 860 695 est,
881 671 906 690 ct
923 668 1027 699 quidem
1047 676 1057 690 ι(
1074 671 1214 699 antequam
1230 669 1395 691 Universitas
1413 669 1495 692 Paris.
1509 673 1577 692 essct
1598 678 1644 700 pro
1660 673 1734 700 purte
1750 670 1889 693 Clementis
1906 671 2036 693 declarata
2057 680 2065 692 x»

203 712 267 741 (vid.
284 712 351 734 infru
370 712 483 735 rotulum
506 720 548 734 an.
568 712 646 741 1387),
670 711 686 734 i.
710 720 731 734 e.
754 715 813 734 ante
836 712 913 734 finem
936 712 996 734 Maii
1021 720 1063 735 un.
1083 712 1151 739 1379,
1175 721 1324 743 quanquam
1345 721 1431 735 mense
1457 714 1527 743 Maii,
1551 714 1712 745 proindeque
1730 717 1868 744 antequam
1887 715 2004 737 (nonu-ns
2023 715 2063 737 x'tl

203 756 362 779 Avenionem
380 756 497 779 intraret.
516 757 611 779 Notatu
629 756 751 787 dignum!

297 800 384 824 Rotnli
404 801 437 823 ab
452 800 512 823 aliis
533 800 756 824 Universitutihus
773 801 898 824 Francine
916 802 949 824 ad
971 801 1130 824 Clementem
1152 801 1226 824 missi
1251 801 1351 824 similes
1371 802 1536 825 difficultates
1552 802 1687 833 praebent.
1704 806 1729 826 et
1750 806 1831 826 restat
1855 803 1939 826 adhuc
1961 804 1992 825 de
2015 803 2066 825 illis

203 853 346 876 lnqulrere.

210 980 350 1018 1428.
375 990 516 1024 [Articuli
531 991 720 1026 communes.]

1519 1047 1593 1076 7379,
1611 1046 1727 1072 Octobris
1740 1047 1784 1072 28.

295 1136 511 1168 Beatissime
539 1142 652 1180 pater,
672 1142 792 1169 vestre
821 1136 1037 1181 dignissime
1065 1135 1264 1180 apostolice
1295 1135 1487 1175 sanctitati,
1515 1135 1619 1178 cujus
1646 1135 1759 1179 gratia
1781 1135 1984 1167 exuberans
2007 1136 2069 1167 toti

206 1202 286 1234 orbi
308 1202 523 1234 diffunditur
544 1209 579 1234 et
604 1202 753 1245 copiose
783 1202 974 1243 redundat,
1002 1203 1038 1234 in
1067 1202 1307 1235 sanctissimis
1338 1202 1433 1246 Syon
1463 1200 1647 1233 montibus
1669 1201 1891 1234 solidissime
1914 1201 2068 1234 stabilita

206 1268 439 1301 orthodoxam
473 1268 663 1301 ecclesiam
699 1275 846 1301 matrem
883 1276 1041 1302 nostram
1072 1269 1115 1301 ab
1149 1269 1292 1301 excelso
1326 1268 1554 1313 prospiciens
1672 1267 1859 1300 humilime
1893 1268 2069 1313 supplicat

206 1342 377 1380 quantum
406 1342 525 1379 potest
545 1342 663 1368 vestra
691 1335 991 1368 obedientissima
1019 1336 1089 1368 filia
1116 1342 1151 1368 et
1177 1335 1343 1380 alumpna
1375 1334 1592 1367 Parisiensis
1613 1335 1838 1367 Universitas
1861 1336 1961 1379 juxta
1988 1347 2070 1367 sen-

207 1402 353 1435 tentiam
372 1403 588 1436 Carnotens.
606 1402 745 1435 Yvonis
766 1402 809 1435 ad
831 1402 958 1435 ducem
983 1403 1140 1435 Britanie
1162 1402 1399 1435 rescribentis
1418 1413 1424 1434 :
1449 1401 1690 1446 primogenita
1712 1401 1927 1442 studiorum,
1946 1402 2071 1446 ampli-

208 1468 368 1501 tudinem
391 1468 564 1501 erudiens
585 1468 847 1510 doctrinaliter,
866 1469 1027 1502 universi
1049 1469 1234 1513 vestrique
1256 1468 1449 1501 humillimi
1466 1467 1531 1500 filii
1548 1474 1583 1500 et
1599 1474 1761 1500 oratores
1779 1468 1912 1509 devoti,
1930 1468 1966 1500 in
1988 1480 2072 1512 qua-

208 1535 273 1568 dro
300 1535 421 1580 positi,
445 1535 609 1580 magistri
634 1542 788 1580 quatuor
812 1535 1033 1575 facultatum,
1056 1535 1231 1580 theologi,
1255 1535 1464 1576 decretiste,
1486 1535 1616 1567 medici
1646 1541 1681 1567 et
1708 1535 1844 1575 artiste,
1872 1547 1915 1567 ex
1940 1534 2072 1579 quibus

208 1601 301 1634 dicta
325 1602 549 1635 Universitas
570 1602 642 1634 filia
665 1609 783 1635 vestra
806 1603 1008 1647 integratur
1028 1603 1071 1635 ad
1103 1588 1460 1647 plenumphactenus
1491 1601 1669 1634 stabiliter
1690 1601 1769 1633 sine
1798 1601 1967 1634 scandalo
1994 1614 2074 1646 per-

209 1680 381 1701 severans
403 1675 437 1701 et
458 1670 533 1701 Deo
556 1669 662 1701 dante
685 1669 935 1713 perseverabit
959 1669 995 1701 in
1022 1682 1139 1710 evum,
1163 1669 1200 1701 in
1221 1669 1350 1701 solidis
1377 1675 1412 1701 et
1432 1667 1593 1713 probatis
1615 1668 1807 1700 sententiis
1829 1674 1862 1700 et
1884 1668 2071 1701 doctrinis.

207 1734 412 1768 eluminans
434 1742 507 1768 toto
530 1747 639 1780 posse
661 1735 825 1780 singulas
851 1735 1023 1769 barbaras
1045 1736 1272 1781 disciplinas,
1295 1736 1466 1780 quatinus
1490 1762 1553 1767 .....
1578 1735 1706 1767 dictam
1728 1741 1882 1767 vestram
1904 1735 2072 1767 amantis—

207 1802 331 1834 simam
356 1801 476 1843 filiam,
500 1814 603 1846 quam
627 1803 765 1847 primus
786 1803 936 1836 affectus
958 1803 1125 1836 oblivisci
1148 1815 1221 1835 non
1243 1809 1374 1847 potest,
1398 1803 1433 1834 in
1456 1802 1532 1835 suis
1554 1801 1793 1847 petitionibus
1815 1802 1986 1846 gratiosis
2003 1808 2071 1834 tam

208 1868 477 1909 communibus,
501 1869 694 1902 medullam
724 1876 758 1902 et
779 1870 935 1902 radicem
962 1870 1186 1903 fundationis
1212 1870 1306 1902 dicte
1328 1876 1448 1903 vestre
1471 1868 1543 1901 filie
1566 1868 1814 1913 tangentibus,
1838 1881 1941 1912 quam
1966 1869 2073 1913 parti-

210 1934 395 1967 cularibus
417 1942 452 1968 et
473 1936 631 1980 propriis
653 1948 717 1981 pro
740 1937 992 1981 dignitatibuS,
1016 1937 1156 1977 ossiciis,
1181 1936 1369 1969 beneficiis
1392 1943 1426 1968 et
1448 1935 1645 1980 prebendis
1668 1935 1820 1968 inferius
1906 1935 2074 1979 ascriptis

287 2002 489 2046 dignemini
512 2002 797 2035 misericorditer
818 2004 1045 2036 exaudire...

298 2069 341 2100 Et
368 2069 483 2113 primo
512 2081 591 2101 cum
623 2070 668 2102 se.
700 2082 749 2102 re.
778 2070 948 2103 Clemens
976 2082 1064 2115 papa
1086 2071 1130 2103 Vl
1154 2070 1316 2115 predicte
1338 2069 1410 2102 filie
1437 2075 1556 2102 vestre
1582 2069 1819 2107 concesserit,
1844 2075 1881 2101 ut
1910 2069 2072 2113 magistri

209 2141 243 2167 et
271 2134 431 2167 scolares
458 2142 538 2168 actu
567 2136 757 2169 studentes
786 2136 919 2169 ibidem
949 2137 985 2169 in
1013 2149 1227 2182 quacunque
1258 2137 1353 2169 licita
1380 2135 1546 2168 facultate
1573 2137 1724 2175 fructus,
1754 2135 1916 2167 redditus
1939 2142 1971 2168 et
1993 2147 2074 2180 pro-

207 2208 338 2235 ventus
360 2202 589 2246 dignitatum,
614 2203 880 2248 prebendarum
908 2210 942 2236 et
971 2203 1233 2236 beneficiorum
1256 2215 1404 2235 suorum
1510 2215 1590 2235 cum
1613 2215 1652 2235 ea
1678 2202 1884 2247 integritate
1912 2202 2074 2247 percipe-

209 2275 289 2301 rent
377 2280 456 2301 cum
476 2269 609 2314 quibus
630 2269 714 2303 illos
731 2270 961 2315 perciperent
982 2270 1012 2303 si
1034 2270 1070 2302 in
1091 2270 1300 2314 hujusmodi
1322 2269 1510 2302 beneficiis
1528 2269 1769 2314 personaliter
1786 2269 1990 2301 residerent
2009 2270 2071 2300 ....¹

210 2342 243 2368 et
260 2341 344 2368 tunc
361 2336 565 2380 Gregorius
583 2338 668 2379 (XI),
687 2343 854 2370 revocato
872 2337 907 2369 in
925 2336 1074 2369 dubium
1092 2349 1135 2369 an
1152 2336 1361 2381 hujusmodi
1383 2336 1613 2381 privilegium
1633 2336 1831 2380 expirasset
1855 2347 1917 2380 per
1934 2335 2070 2380 lapsum

209 2401 315 2446 primi
336 2402 518 2446 septennii
545 2415 563 2435 a
589 2403 667 2436 data
689 2403 806 2448 ipsius
831 2403 1077 2449 computandi,
1101 2403 1148 2436 ad
1164 2403 1336 2447 futuram
1363 2403 1417 2436 rei
1439 2403 1666 2436 memoriam'
1690 2402 1899 2447 hujusmodi
1927 2402 2072 2446 privile-

209 2468 307 2513 gium
336 2470 562 2502 concesserit
592 2477 768 2515 perpetuo
796 2471 1022 2511 duraturum,
1051 2470 1235 2515 episcopis
1271 2469 1495 2509 Belvacensi,
1525 2469 1706 2502 Meldensi
1734 2475 1768 2502 et
1798 2468 2072 2508 Silvanectensi,

209 2547 289 2567 cum
317 2535 478 2568 clausula
505 2538 671 2581 quatinus
694 2549 754 2570 vos
778 2537 830 2571 vel
855 2537 925 2571 duo
950 2544 1018 2570 etc.
1046 2536 1302 2570 executoribus
1330 2536 1523 2581 deputatis,
1555 2536 1716 2580 ipsorum
1746 2542 1922 2580 potestate
1956 2535 2073 2579 quoad

210 2601 371 2634 locorum
394 2602 598 2636 distantiam
622 2616 686 2648 per
707 2610 869 2636 tenorem
892 2604 1055 2648 ejusdem
1080 2603 1262 2648 privilegii
1295 2603 1439 2635 minime
1468 2602 1633 2642 limitata;
1657 2609 1691 2635 et
1716 2609 1845 2635 extunc
1867 2602 1936 2646 ipsi
1963 2601 2073 2645 magi—

210 2668 275 2701 stri
297 2675 332 2701 et
352 2669 511 2702 scolares
532 2670 667 2703 fuerint
687 2671 840 2704 involuti
862 2671 1019 2704 diversis
1043 2670 1278 2715 processibus
1300 2682 1364 2714 pro
1387 2681 1442 2710 eO,
1466 2669 1548 2714 quia
1569 2669 1806 2714 allegabatur,
1830 2669 1953 2712 primo
1977 2668 2071 2712 quod

210 2746 282 2767 non
314 2742 479 2780 poterant
511 2736 651 2769 trahere
679 2737 796 2770 dictos
824 2738 1034 2770 detentores
1062 2738 1267 2778 [fructuum]
1297 2748 1360 2769 seu
1390 2735 1575 2768 debitores
1606 2742 1701 2768 extra
1733 2747 1856 2767 eorum
1886 2734 2072 2774 diocesim,

210 2813 289 2834 cum
313 2803 392 2846 ejus
413 2803 573 2836 diocesis
594 2804 651 2837 vel
678 2804 768 2837 ultra
798 2805 928 2837 dietam
959 2817 1039 2837 cum
1070 2804 1293 2837 diversarum
1326 2803 1512 2835 diocesum
1545 2809 1664 2846 partes
1693 2801 1906 2841 existebant,
1927 2799 2074 2833 secundo

212 2868 307 2912 quod
337 2880 379 2901 ex
407 2882 478 2914 quo
501 2870 586 2903 dicti
615 2871 804 2903 studentes
825 2872 966 2904 fuerant
993 2872 1029 2903 in
1052 2871 1147 2903 dicto
1179 2870 1300 2903 studio
1330 2882 1393 2914 per
1414 2869 1657 2913 septennium,
1682 2880 1752 2900 non
1782 2873 1942 2911 poterant
1969 2866 2071 2898 etiam
