2508 3372
962 293 1258 316 APPENDICULA.
1955 299 2036 321 xxm

272 366 455 409 Integruin
478 365 656 398 excudere
675 372 859 398 tractatum
880 365 1096 407 abundarem
1117 373 1154 400 ut
1170 368 1368 412 specimine
1390 368 1653 402 Chartulariinn
1677 378 1878 406 ornaretur,
1902 379 2035 416 partem

176 431 431 476 jucundiorem
450 430 640 476 elegimus.
660 431 817 465 Titulum
841 439 1052 477 sequentem
1072 433 1142 478 ipsi
1159 434 1395 467 confecimus.

473 555 713 588 LAUDATIO
740 555 972 589 FRANCIAE
999 557 1056 589 ET
1083 557 1437 591 UNIVERSITATIS
1463 559 1748 592 PARISlENSlS

268 658 336 692 (Fol.
354 659 425 693 194.)
441 658 531 684 Gallia
546 667 604 692 que
620 659 685 684 viris
700 666 814 692 semper
828 661 856 685 et
872 660 996 685 strenuis
1011 660 1087 686 bello
1099 661 1127 686 et
1141 660 1223 686 omni
1247 661 1386 694 sapientia
1405 661 1526 687 eruditis
1547 662 1689 688 illustrata
1704 663 1771 690 est¹.
1786 664 1919 696 gravium
1936 666 1963 690 et
1978 664 2039 690 elo-

180 716 339 750 quentium
354 716 568 749 hystoricorum
583 718 672 750 atque
693 718 848 750 poetarum
870 725 1008 751 magnam
1032 718 1172 744 hactenus
1192 726 1272 751 passa
1293 720 1335 744 est
1356 719 1496 752 inopiam.
1514 719 1623 752 Quodsi
1644 720 1725 746 illam
1741 721 1879 753 attigisset
1899 721 1977 754 prior
1992 722 2039 747 illa

172 774 357 807 scriptorum
379 774 466 800 solers
486 774 640 804 industria,
657 782 841 808 quamquam
863 775 915 801 Dei
936 777 1013 801 nutu
1034 776 1172 802 habunde
1193 778 1276 802 aucta
1299 777 1465 810 famataque
1485 777 1530 806 sit.
1547 777 1625 810 apud
1640 785 1742 804 omnes
1760 780 1856 805 tamen
1872 780 1900 805 ct
1915 779 2040 805 maxime

173 831 336 865 posteros&
351 831 454 858 clarior
469 833 498 858 et
514 832 734 865 quodammodo
753 832 948 859 immortalior
967 833 1126 859 effulsisset.
1150 834 1221 859 Nam
1237 834 1308 867 quid
1329 834 1499 864 Grecorum,
1523 835 1724 861 Romanorum
1739 837 1828 869 atque
1849 837 2039 870 Trojanorum

180 896 268 922 regna
279 889 367 915 etiam
381 891 445 923 post
459 890 577 915 ruinam
592 890 627 915 ad
643 890 847 916 semotissimos
862 891 985 924 populos
1000 891 1185 917 celeberrima
1195 892 1339 917 reddidit?
1354 892 1524 925 interrogati
1537 892 1676 918 Salustius
1688 895 1776 926 atque
1789 894 1858 919 Naso
1871 894 2041 920 fatebuntur

180 946 210 972 id
224 947 387 980 elegantem
402 947 579 981 scriptorum
593 947 792 981 eloquentiam
808 948 940 978 effecisse,
962 956 1020 982 que
1040 949 1149 974 famam
1164 949 1219 975 illis
1234 949 1337 982 genuit
1352 949 1444 975 muris
1458 950 1547 976 etiam
1562 950 1731 976 cadentibus
1750 951 1843 984 perire
1865 959 1925 977 non
1940 952 2040 978 valen-

181 1005 251 1031 tem.
268 1005 346 1030 Adeo
368 1005 516 1038 longevior
531 1005 712 1039 vivaciorque
726 1007 768 1032 est
783 1006 960 1039 scriptorum
975 1014 1066 1039 quam
1082 1007 1203 1032 urbium
1219 1007 1344 1033 duratio.
1369 1007 1426 1033 Hec
1447 1007 1469 1033 si
1494 1008 1597 1034 nostris
1621 1008 1763 1034 scribendi
1785 1009 1948 1035 sollicitudo
1963 1009 2040 1035 obti-

180 1062 275 1095 gisset.
292 1062 366 1088 viros
381 1070 448 1088 sane
464 1063 638 1089 haberemus
656 1071 730 1097 quos
742 1063 831 1089 Ytalis
851 1064 1006 1097 Grecisque
1021 1065 1072 1090 aut
1086 1072 1247 1097 preponere
1262 1065 1360 1091 liceret
1374 1066 1426 1091 aut
1440 1073 1596 1098 opponere,
1612 1073 1644 1092 ac
1661 1066 1740 1092 unde
1760 1067 1881 1092 mordax
1895 1067 2040 1101 lividaque

180 1120 350 1146 emulorum
366 1120 465 1146 Gallici
482 1121 609 1147 nominis
624 1121 774 1147 insultatio
794 1122 938 1155 repercuti
958 1124 1061 1155 posset.
1083 1122 1273 1155 Nequaquam
1298 1122 1417 1156 insuper
1432 1123 1624 1149 mendicanda
1647 1124 1730 1150 nobis
1754 1132 1867 1157 semper
1888 1125 1982 1151 forent
2006 1125 2041 1151 ab

179 1178 305 1204 externis
319 1178 443 1211 insignia
459 1178 603 1204 virtutum
619 1179 760 1212 exempla,
778 1181 875 1205 nostra
891 1180 1000 1213 quippe
1014 1179 1045 1205 in
1058 1181 1198 1213 promptu
1215 1182 1317 1209 essent,
1333 1180 1440 1214 quibus
1453 1180 1704 1211 habundaremus;
1722 1189 1818 1215 neque
1830 1182 1910 1208 enim
1924 1184 1966 1208 tot
1979 1189 2039 1216 pre⁴

180 1235 291 1268 fulgida
306 1235 436 1262 virorum
452 1236 717 1262 illustrissimorum
734 1237 853 1263 nomina
870 1237 1034 1263 extinxisset
1049 1237 1164 1266 oblivio.
1180 1245 1232 1263 nec
1247 1238 1509 1264 memorandorum
1523 1240 1566 1264 tot
1579 1241 1728 1271 gestorum
1742 1240 1926 1270 memoriam,
1940 1240 2042 1266 litteris

181 1300 241 1318 non
256 1293 398 1326 adjutam,
415 1295 539 1319 vetustas
554 1294 787 1327 consumpsisset.
805 1295 924 1328 Ingenia
940 1296 1037 1321 tamen
1053 1295 1089 1320 ad
1104 1295 1133 1320 id
1150 1295 1349 1328 peragendum
1366 1296 1470 1322 nostris
1489 1296 1611 1322 defuisse
1634 1304 1693 1322 non
1715 1297 1806 1327 video,
1830 1297 1881 1331 qui
1905 1298 2041 1324 altissima

180 1352 209 1376 et
222 1358 295 1384 pene
310 1350 512 1377 inaccessibilia
525 1352 649 1377 aliarum
664 1352 850 1378 scientiarum
863 1352 960 1378 abdita
973 1353 1092 1378 scrutati
1106 1355 1184 1382 sunt.
1197 1354 1225 1379 et
1238 1353 1289 1386 qui
1304 1353 1463 1383 veritatem,
1477 1355 1510 1379 ut
1526 1354 1705 1380 Archesilao³
1718 1355 1820 1387 placet.
1835 1355 1893 1381 alto
1908 1355 1938 1381 in
1954 1357 2042 1388 puteo

177 1408 334 1442 jacentem,
352 1408 522 1435 effodientes
542 1411 700 1442 coegerunt
722 1410 818 1442 palam
839 1410 997 1436 elucescere
1019 1411 1047 1435 et
1071 1410 1242 1436 mortalium
1257 1411 1348 1436 oculis
1363 1411 1518 1437 videndam
1534 1412 1714 1438 obtulerunt.
1733 1412 1787 1438 Sed
1802 1413 1854 1446 ipsi
1876 1414 1927 1438 aut
1941 1413 2042 1438 studiis

179 1466 239 1492 suis
253 1474 285 1492 ac
299 1474 399 1492 rerum
414 1467 619 1500 magnitudine
633 1467 743 1493 detenti
759 1467 925 1500 eloquentie
938 1475 1039 1493 curam
1054 1468 1248 1501 reliquerunt,
1265 1469 1391 1502 qualiter
1407 1469 1501 1495 fecisse
1518 1469 1678 1498 Platonem.
1696 1470 1878 1496 Aristotelem
1893 1478 1926 1496 ac
1941 1471 2040 1496 Socra-

170 1524 353 1551 -temCicero
369 1524 482 1554 refert&
498 1526 550 1550 aut
564 1525 678 1551 accessit
691 1525 721 1550 in
735 1525 912 1558 quibusdam
928 1527 962 1551 ut
977 1525 1101 1551 arbitror
1116 1526 1213 1559 inopie
1229 1527 1334 1555 metus,
1348 1526 1444 1559 justus
1460 1527 1584 1552 fortassis
1603 1527 1625 1552 si
1638 1527 1668 1552 in
1684 1527 1780 1553 studio
1800 1528 2042 1554 remunerationis

180 1583 291 1608 exs'orte
314 1583 439 1608 tererent
462 1584 579 1616 tempus
601 1590 703 1612 suum:
727 1583 886 1609 nonnullos
909 1584 1008 1609 autem
1031 1583 1091 1616 ipsa
1113 1583 1243 1616 ingressu
1259 1583 1355 1616 primo
1378 1584 1502 1610 difficilis
1524 1585 1612 1617 atque
1631 1585 1722 1610 ardua
1743 1586 1771 1611 et
1793 1593 1809 1610 a
1830 1585 1887 1611 suis
1903 1586 2040 1611 nundum

179 1639 285 1666 calcata
300 1640 402 1666 semita
416 1640 566 1670 exterruit,
583 1641 730 1674 suasitque
743 1641 855 1666 reverti.
871 1641 939 1670 Iloc,
953 1641 1162 1674 undecumque
1175 1641 1318 1670 acciderit,
1331 1641 1483 1674 contigisse
1496 1642 1588 1668 doleo.
1604 1642 1662 1668 Etsi
1677 1643 1713 1668 ad
1728 1650 1789 1668 rem
1803 1643 1886 1668 dolor
1899 1643 1945 1669 hic
1960 1651 2042 1669 meus

170 1697 287 1724 'frustra
303 1698 347 1727 sit.
364 1698 448 1724 doleo
462 1700 572 1728 tamen,
590 1700 618 1724 et
629 1699 775 1732 jacturam
791 1699 867 1724 hanc
879 1699 910 1724 in
926 1699 1049 1725 Galliam
1066 1700 1158 1725 totam
1172 1699 1304 1725 incidisse
1319 1707 1385 1732 egre
1399 1699 1468 1725 fero.

269 1756 377 1782 Verum
392 1756 472 1782 aliud
495 1756 526 1782 in
549 1757 604 1782 hoc
618 1758 660 1782 est
675 1764 734 1790 quo
750 1757 872 1786 crucior,
897 1757 949 1783 etsi
969 1764 1029 1783 non
1045 1757 1157 1786 fortius,
1178 1757 1304 1782 crebrius
1326 1758 1436 1786 tamen.
1459 1758 1487 1783 et
1511 1757 1540 1783 id
1564 1757 1661 1791 ipsum
1682 1758 1802 1784 vicinius
1816 1758 1961 1792 altiusque
1977 1767 2042 1785 meo

175 1814 284 1840 insidet
298 1814 407 1843 animo,
419 1822 478 1848 quo
491 1814 611 1848 aliquod
623 1814 790 1848 dampnum
808 1814 952 1848 proprius.
965 1822 998 1841 eo
1013 1815 1162 1840 molestius
1178 1823 1235 1841 csse
1250 1815 1330 1840 solet.
1345 1814 1415 1848 Sepe
1432 1815 1569 1848 equidem
1584 1815 1706 1849 opponit
1722 1823 1749 1841 se
1765 1816 1871 1842 michi-”¹
1887 1817 2041 1843 videndam

180 1871 356 1906 (maximum
371 1872 444 1897 illud
459 1872 536 1897 orbis
551 1872 706 1904 luminare)
723 1872 888 1898 Parisiensis
903 1873 986 1898 studii
1003 1872 1185 1903 Universi'las;
1203 1874 1355 1898 occursant
1370 1873 1470 1898 animo
1490 1873 1583 1898 multe
1605 1873 1745 1906 preconiis
1767 1874 1934 1907 Ingentibus
1955 1875 2041 1907 digne

179 1929 318 1956 virtutess’
333 1938 405 1963 quas
420 1937 480 1955 non
495 1930 555 1956 sine
575 1930 845 1963 magna-voluptate
859 1930 998 1963 recogito:
1021 1932 1050 1956 at
1069 1931 1165 1956 multo
1180 1930 1312 1964 plurium
1328 1930 1486 1956 dilucidam
1502 1930 1642 1956 visionem
1655 1931 1807 1964 caliginosa
1824 1932 1949 1965 quedam
1965 1932 2040 1958 obli-

179 1987 270 2014 vionis
288 1987 380 2013 nubes
394 1987 489 2021 eripit.
506 1988 607 2021 Itaque
621 1988 657 2014 de
671 1989 715 2014 tot
730 1988 844 2018 inclitis,
862 1988 913 2022 qui
928 1988 960 2014 in
979 1996 1011 2014 ea
1027 1988 1191 2014 floruerunt
1206 1988 1281 2018 viris.
1296 1988 1390 2022 (leque
1408 1990 1452 2014 tot
1466 1988 1538 2014 bene
1553 1988 1621 2014 actis
1637 1989 1703 2018 suis,
1718 1990 1877 2022 prudenter
1892 1990 2039 2023 equidem,

178 2045 306 2079 ingenue
319 2053 351 2072 ac
363 2047 537 2075 constanter,
553 2046 643 2072 nichil
658 2054 731 2079 pene
746 2046 782 2072 ad
797 2054 849 2072 nos
861 2046 1013 2079 delapsum
1027 2047 1077 2075 cst,
1092 2048 1280 2079 preterquam
1297 2054 1349 2072 vox
1365 2046 1474 2071 incerto
1489 2047 1606 2072 auctore
1623 2054 1726 2080 anceps
1741 2055 1773 2073 ac
1790 2048 1884 2073 tenuis
1904 2054 2039 2080 quorun'-

179 2103 247 2129 dam
263 2103 413 2129 memoria.
432 2103 503 2137 Sepe
517 2104 596 2130 enim
614 2104 779 2130 truduntur
794 2105 888 2130 vetera
902 2104 1075 2133 recentibus,
1091 2112 1143 2130 nec
1158 2104 1245 2130 hahet
1260 2104 1299 2129 ibi
1316 2104 1465 2137 posteritas
1485 2104 1564 2137 quod
1579 2104 1609 2129 in
1625 2105 1850 2131 antecessoribus
1872 2106 1929 2131 suis
1953 2106 2040 2132 solide

178 2168 210 2187 ac
224 2161 417 2187 determinate
432 2161 531 2187 mirari
547 2161 644 2195 possit,
661 2163 797 2195 caretque
811 2162 862 2188 illo
876 2162 984 2195 insigni
999 2162 1134 2187 instituto
1150 2170 1209 2195 quo
1231 2162 1310 2195 apud
1333 2162 1478 2187 Romanos
1499 2162 1644 2187 sancitum
1665 2164 1735 2191 erat,
1758 2162 1985 2196 triumphalium
2008 2171 2039 2189 ac

178 2219 363 2252 egregiorum
385 2219 514 2245 virorum
531 2219 679 2252 ymagines
702 2220 799 2253 palam
824 2220 903 2253 affigi
928 2221 980 2246 aut
1003 2228 1105 2246 eorum
1129 2221 1191 2245 acta
1215 2220 1313 2245 crebra
1337 2219 1616 2245 commemoratione
1637 2220 1783 2249 celebrari.
1805 2221 1944 2254 quatinus
1967 2229 2038 2246 nova

174 2277 313 2310 juventus
329 2277 432 2302 talium
448 2277 581 2303 miratrix
596 2285 653 2303 sese
672 2277 817 2304 attolleret
838 2279 1025 2311 sumeretque
1039 2277 1162 2307 animos,
1178 2279 1206 2303 et
1221 2277 1346 2303 virtuose
1368 2277 1562 2303 insectationis
1577 2277 1674 2303 emula
1696 2278 1900 2304 accenderetur
1922 2278 1957 2304 ad
1979 2278 2037 2304 vir-

178 2335 283 2361 tutem.
296 2335 404 2361 Verum
419 2335 499 2361 enim
514 2336 555 2361 est
569 2335 643 2360 illud
657 2335 830 2361 Nasonicum
849 2344 854 2362 :
873 2346 887 2359 α
901 2335 1081 2362 immensum
1096 2336 1187 2368 gloria
1200 2335 1291 2361 calcar
1307 2335 1410 2361 habct⁷
1428 2345 1451 2360 ».

265 2390 332 2426 (Fol.
354 2390 440 2426 194¹’-)
455 2393 498 2418 Me
511 2393 647 2426 frequens
662 2393 771 2419 horum
787 2393 977 2419 consideratio
991 2388 1120 2427 impulit,
1139 2395 1171 2418 ut
1185 2401 1301 2418 causam
1319 2393 1394 2421 fidei,
1412 2401 1502 2426 quam
1518 2393 1577 2426 ipsa
1592 2393 1763 2418 Universitas
1783 2393 1942 2419 l‘arisiensis
1958 2401 2036 2419 nunc

271 2480 292 2502 1.
312 2480 337 2503 S.
358 2480 540 2504 limitum-nus
558 2481 594 2504 ait
612 2490 617 2506 ε
636 2490 647 2504 (ι
663 2481 749 2505 Gallia
812 2481 875 2505 viris
897 2490 1001 2513 semper
1018 2481 1129 2504 sortibus
1150 2485 1174 2504 et
1194 2481 1416 2512 eloquentissimis
1432 2481 1577 2503 abundavit
1594 2489 1614 2504 i).
1632 2482 1754 2510 (Advei's.
1778 2481 1908 2511 Viyilcmt.
1925 2481 1949 2504 in
1970 2482 2034 2512 Opp.

176 2529 251 2547 omn.
267 2524 307 2548 ed.
322 2525 416 2554 Maur„
430 2525 471 2554 IV,
486 2526 508 2554 2,
523 2534 549 2556 p.
565 2526 629 2555 281).

270 2569 292 2592 2.
312 2569 381 2592 Inter
394 2569 476 2593 lineas
494 2570 593 2594 minuto
608 2570 759 2594 charactere
774 2570 850 2602 quasi
866 2579 872 2594 ;
890 2579 901 2594 ‹(
918 2579 990 2594 seros
1008 2579 1031 2593 1).

269 2614 293 2636 3.
311 2613 360 2636 Seu
371 2614 459 2645 potius
473 2615 628 2643 Democrito,
643 2615 687 2646 qui
701 2618 765 2638 teste
777 2615 914 2638 Cremxomz
928 2616 1033 2644 (Acad.,
1044 2615 1062 2643 Ι,
1075 2615 1114 2645 1⁵2)
1129 2614 1233 2637 dicebat
1247 2622 1251 2636 :
1271 2622 1280 2636 t(
1294 2613 1318 2636 in
1329 2614 1460 2644 profundo
1477 2613 1612 2636 veritatem
1624 2621 1680 2636 esse
1693 2614 1851 2641 demersanu
1868 2614 2034 2644 opinionibus

176 2660 202 2680 et
215 2657 342 2681 institutis
358 2658 446 2682 omnia
462 2659 545 2682 teneri
561 2667 583 2683 »-

268 2703 291 2726 [ι.
311 2711 322 2725 «
338 2702 456 2730 Qualiter
516 2705 595 2727 refert
611 2712 622 2726 »
640 2704 665 2727 in
682 2704 808 2735 margine.
828 2704 917 2727 Varios
932 2703 1063 2727 Ciceronis
1078 2704 1148 2726 locos
1166 2702 1290 2726 memoria
1307 2706 1397 2725 auctor
1413 2702 1524 2728 tenebat,
1542 2710 1580 2725 ex.
1595 2711 1621 2732 g.
1637 2702 1722 2730 Orac„
1740 2703 1757 2729 Ι,
1776 2703 1810 2731 11,
1827 2704 1863 2725 lit).

270 2749 292 2770 5.
310 2746 376 2770 Add.
394 2756 403 2770 α
421 2748 593 2779 corporaliter
611 2757 632 2778 )),
649 2749 694 2771 sed
707 2751 799 2779 postea
814 2749 937 2777 deletum,
955 2748 1043 2779 utique
1057 2748 1090 2771 ab
1108 2750 1212 2770 auctore
1226 2747 1293 2778 ipso.

269 2792 293 2815 G.
308 2791 359 2816 MS.
375 2792 527 2824 compendio
540 2793 645 2824 potius:
664 2803 677 2815 α
696 2793 807 2816 vnitatcs
826 2803 848 2816 n.

270 2836 292 2859 7.
311 2835 434 2863 Ovmms.
449 2837 541 2866 Pom.y
559 2845 594 2865 iv,
611 2838 633 2867 2,
649 2838 688 2861 36.
