2488 3386
192 344 288 380 1385]
612 356 656 377 ΑΒ
690 355 796 377 ANNO
831 354 961 376 MCCCL
995 354 1126 382 USQUE
1161 355 1208 376 ΑΙ)
1244 355 1506 376 BENEDICTUM
1541 356 1631 377 Χιῐι.
1990 347 2054 378 335

277 431 362 463 Acta
381 431 526 463 suerunt
545 430 611 462 hec
632 429 792 462 Parisius
813 428 850 460 in
867 428 1024 473 capitulo
1043 428 1162 460 Sancti
1179 428 1375 460 Mathurini
1396 429 1614 461 parisiensis
1631 429 1698 461 sul)
1716 441 1823 470 anno7
1841 430 2052 471 indictione7

188 509 325 538 mense,
349 497 419 537 die,
442 496 522 529 loco
551 503 586 529 et
616 495 824 541 pontificatu
855 494 1042 540 predictis.
1074 493 1311 526 Presentibus
1337 494 1379 526 ad
1408 494 1474 527 hec
1495 495 1766 528 venerabilibus
1792 496 1879 528 viris
1906 497 2052 529 domino

186 563 334 596 Nicolao
364 563 514 604 Thome,
549 562 776 608 presbytero,
812 561 1001 606 principali
1031 560 1193 601 hedeno,
1225 567 1259 593 et
1291 560 1419 605 Egidio
1451 562 1697 605 Imperatoris⁷
1727 562 1943 595 subbedello
1973 575 2053 607 pre-

186 630 280 663 dicte
301 629 480 663 facultatis
502 629 662 662 Parisius
683 627 1005 668 commorantibus,
1026 627 1180 660 testibus
1202 627 1246 659 ad
1268 627 1444 671 premissa
1465 628 1601 660 vocatis
1619 628 1825 672 specialiter
1846 635 1880 661 et
1902 630 2049 674 rogatis.

276 698 319 730 Et
340 708 408 741 ego
429 696 613 729 Johannes
630 694 809 729 Coustelli
826 694 982 727 clericus
1000 694 1191 726 Remensis
1213 693 1386 734 diocesis,
1409 693 1578 738 publicus
1599 694 1796 738 apostoliea
1819 702 1852 727 et
1873 695 2048 740 imperiali

185 764 396 797 auctoritate
416 775 455 795 ac
476 761 696 795 venerabilis
718 761 975 794 Universitatis
996 760 1214 793 parisiensis
1236 760 1347 793 studii
1369 760 1532 793 notarius
1548 762 1706 805 juratus,
1725 762 1914 805 premissis
1935 763 2050 794 omni-

185 830 253 863 bus
276 836 310 862 et
331 829 503 874 singulis,
524 834 588 862 etc.

277 927 412 958 Originule
425 927 451 950 in
467 927 544 950 Arch.
561 929 615 950 nat.
629 926 712 949 Puris.
732 927 764 949 Μ.
784 928 834 953 69²,
850 930 878 948 110
893 927 916 948 fi.
933 926 961 949 lu
978 926 1063 948 medio
1079 933 1215 948 corrosum
1231 928 1277 947 est..
1292 938 1318 941 ——
1333 924 1401 948 Bibl.
1415 925 1471 947 vat.
1489 924 1545 947 cod.
1565 925 1628 955 Reg.
1644 925 1689 948 lat.
1703 925 1756 952 870,
1775 925 1818 947 sol.
1834 926 1872 953 28,
1888 925 1931 948 ubi
1945 926 2050 948 rubrica

183 976 211 996 ut
227 980 316 1003 supra.
331 972 398 995 Bihl.
414 975 466 995 nut.
482 971 566 994 Puris.
582 979 631 994 ms.
648 971 694 994 lat.
712 971 788 993 12849
804 972 892 1001 (apog.
911 978 979 993 saec.
997 972 1072 999 xvn).
1089 970 1133 992 sol.
1152 970 1191 993 28.

277 1057 299 1079 1.
318 1056 466 1079 Secundum
482 1063 581 1078 morem
597 1054 772 1078 Gallicanum.
785 1067 808 1071 -
825 1055 847 1077 2.
864 1054 939 1084 Orig.
954 1062 958 1076 :
978 1063 989 1076 (t
1003 1054 1034 1076 de
1046 1062 1068 1076 )).
1079 1067 1110 1070 -
1125 1054 1147 1076 3.
1164 1053 1199 1076 De
1213 1053 1328 1084 MoreyO.
1343 1053 1400 1076 Yid.
1417 1061 1498 1083 supra
1516 1057 1544 1075 11⁰
1562 1053 1628 1076 1271.
1641 1067 1672 1070 —
1684 1055 1707 1076 [ι.
1723 1053 1823 1076 Abhinc
1838 1063 1919 1085 usque
1933 1063 1944 1078 (z
1959 1055 2021 1078 Ord.
2037 1064 2048 1077 η

182 1100 276 1124 inclus.
293 1101 366 1123 deest.
380 1100 405 1123 in
422 1100 483 1124 Cod,
501 1100 557 1122 Vat.
578 1113 602 1117 -
619 1101 641 1122 5.
663 1100 713 1122 Seu
737 1108 748 1121 α
770 1098 880 1122 Gaudeti
902 1107 923 1126 )>,
946 1098 977 1121 de
993 1106 1042 1129 quo
1062 1097 1162 1129 pluries
1183 1105 1274 1128 supra.
1291 1097 1350 1120 Fuit
1365 1097 1451 1120 socius
1468 1097 1611 1120 sorbonae.
1626 1098 1683 1120 Vid.
1699 1098 1804 1126 Delisle,
1825 1099 1886 1122 Cab.
1904 1100 1950 1123 des
1972 1106 2046 1127 mas.y

183 1146 214 1173 11,
232 1145 285 1168 175.
298 1146 356 1168 -6,
373 1144 502 1168 Gai-nonis
519 1152 563 1167 seu
580 1143 736 1171 Guernonis,
748 1144 779 1166 de
793 1151 844 1174 quo
860 1151 941 1174 supra
951 1151 978 1173 p.
988 1143 1042 1170 227,
1059 1145 1112 1166 not..
1123 1143 1161 1165 14.
1174 1143 1231 1165 —7.
1247 1141 1319 1172 Orig.
1334 1145 1416 1165 etms.
1428 1150 1432 1164 z
1448 1142 1637 1165 «noluerint».
1649 1144 1707 1165 -8,
1718 1143 1765 1166 Ms.
1778 1144 1852 1167 Vat.:
1869 1153 1880 1166 α
1894 1144 2047 1168 Habeant».

186 1296 327 1334 1495.
354 1305 473 1332 Carolus
496 1307 537 1340 VI7
552 1307 725 1331 Francorum.
742 1314 802 1338 rex,
822 1305 967 1340 approbat
985 1305 1159 1330 sententiam
1175 1304 1356 1330 parlamenti
1372 1304 1461 1329 latam
1480 1305 1507 1330 In
1523 1304 1571 1331 lite
1588 1309 1663 1331 mola
1680 1306 1823 1341 quondam
1839 1308 1913 1333 inter
1933 1309 2047 1334 Univer-

269 1356 385 1381 sitatem
407 1355 502 1381 Paris.
526 1363 560 1380 ac
579 1354 735 1380 Iohannem
762 1355 876 1390 Turpin7
895 1355 1026 1389 equitem.
1054 1355 1119 1379 Cum
1136 1353 1250 1389 juvenis
1271 1353 1416 1379 Iohannes
1438 1353 1561 1386 Sistelle,
1580 1356 1611 1388 xj
1628 1355 1741 1381 circiter
1760 1365 1908 1390 annorum,
1927 1357 2047 1382 clericus

268 1404 468 1439 scholarisque
483 1407 611 1429 maneret
627 1403 656 1428 in
671 1403 753 1429 domo
769 1412 844 1437 mag.
861 1403 1005 1429 Guillelmi
1015 1403 1129 1436 Felicis,
1147 1402 1213 1428 olim
1227 1402 1321 1428 licent.
1335 1402 1439 1428 decret.
1456 1404 1719 1439 conservatoresque
1734 1404 1825 1439 sigilli
1835 1406 2047 1441 privilegiorum

269 1452 365 1478 dictae
385 1453 472 1487 Univ„
491 1461 552 1478 eum
567 1452 711 1478 lohannes
731 1452 836 1487 Turpin
856 1457 995 1488 rapuerat
1010 1456 1037 1477 et
1051 1451 1152 1487 procul
1167 1461 1185 1477 a
1199 1451 1324 1478 Parisiis
1345 1452 1512 1485 retinuerat,
1533 1452 1643 1478 scilicet
1664 1457 1694 1478 at
1713 1453 1795 1487 filiae
1815 1463 1886 1479 suae
1902 1456 2046 1490 conjugem

266 1505 404 1537 pararet:
418 1505 458 1536 at,
477 1501 652 1527 reclamante
669 1504 775 1526 rectore
797 1501 1005 1534 Universitatis,
1028 1501 1132 1536 Turpin
1147 1509 1178 1526 se
1201 1500 1357 1534 excusavit,
1376 1500 1521 1534 ignorans,
1546 1505 1575 1525 ut
1591 1501 1714 1531 dicebat,
1737 1502 1796 1528 Jolz.
1823 1503 1936 1529 Sistelle
1955 1504 2047 1537 fnisse

268 1550 437 1581 scholarem,
452 1550 680 1586 promittensque
701 1549 837 1575 reducere
849 1550 979 1584 juvenem
996 1550 1024 1575 in
1040 1549 1153 1575 domum
1173 1549 1304 1583 defuncti
1323 1558 1396 1583 mag.
1423 1549 1566 1575 Guillelmi
1588 1550 1690 1576 Felicis
1711 1555 1738 1576 et
1756 1551 1862 1577 solvere
1882 1553 1933 1579 105
1952 1554 2044 1586 franc.

268 1601 285 1626 8
299 1599 362 1625 den.
384 1608 448 1635 par.
468 1608 521 1635 pro
542 1598 675 1634 expensis
698 1607 822 1630 musae,-
842 1598 946 1633 quibus
968 1598 1180 1624 conditionibus
1202 1600 1311 1632 factum
1331 1602 1374 1623 est
1389 1598 1602 1624 concordatum.
1624 1600 1731 1626 Notum
1752 1601 1906 1627 facimus...
1924 1602 2046 1628 Comme

268 1649 377 1675 certain
400 1649 472 1682 plait
490 1650 519 1675 et
537 1646 637 1681 proces
703 1648 767 1673 Dat.
791 1648 914 1674 Parisius
934 1648 966 1673 in
987 1649 1172 1674 Parlamento
1191 1649 1290 1673 nostro
1308 1648 1353 1673 die
1372 1648 1484 1674 decima
1508 1648 1611 1678 Martii,
1632 1657 1679 1674 an.
1699 1649 1784 1675 Dom.
1804 1651 1907 1676 milles.
1925 1652 2044 1677 trecent.

269 1698 445 1731 octogesimo
460 1699 575 1731 quarto.

1403 1733 1476 1762 1385,
1492 1734 1579 1759 Martii
1594 1734 1631 1763 10,
1647 1734 1760 1762 Par-[siis

271 1821 406 1852 Originale
419 1821 445 1843 in
461 1822 538 1844 Arch.
555 1821 632 1845 Univ.
649 1821 744 1849 Paris„
761 1822 836 1845 theca
853 1822 893 1847 lv,
911 1822 939 1844 Α.
953 1822 992 1844 21.
1009 1829 1029 1843 r.
1046 1821 1183 1852 Appendet
1200 1821 1343 1844 taeniolum
1359 1821 1504 1844 membran.
1518 1834 1549 1838 —
1563 1822 1700 1850 Jourdain,
1718 1827 1747 1845 n⁰
1759 1823 1801 1845 811

183 1975 323 2012 1496.
349 1995 364 2010 «
380 1986 500 2011 Botulus
522 1986 720 2011 Universitatis
736 1985 914 2010 Parisiensis
926 1988 1113 2020 presentatus
1127 1993 1180 2019 per
1195 1984 1338 2009 dominum
1358 1984 1511 2010 Walterum
1530 1984 1639 2019 Trayl¹.
1659 1994 1674 2010 »

1522 2068 1597 2096 7385,
1613 2068 1699 2093 Martii
1712 2069 1756 2094 28.

266 2143 481 2176 Beatissime
503 2149 616 2187 pater,
639 2142 835 2175 universali
857 2142 1012 2174 ecclesie
1035 2148 1156 2174 sancte
1184 2141 1249 2173 Dei
1278 2141 1502 2174 benemerite
1530 2142 1722 2186 presidens
1743 2143 2043 2178 clementissime-

177 2221 246 2253 que
274 2209 481 2250 monarcha⁷
504 2210 608 2253 cujus
630 2209 821 2242 clementia
843 2215 910 2241 tam
934 2215 1079 2252 experta
1108 2220 1218 2252 super
1246 2208 1502 2240 caudelabrum
1534 2208 1720 2242 militantis
1746 2210 1900 2243 ecclesie
1921 2212 2040 2246 dedita

178 2275 315 2308 nullum
344 2276 443 2317 latet7
475 2276 606 2320 cuique
637 2282 745 2320 patet,
778 2282 973 2320 penetrans
1006 2274 1106 2307 orbis
1138 2274 1228 2307 fines
1254 2274 1506 2307 clementizare
1540 2287 1612 2307 non
1643 2288 1803 2317 cessans7
1834 2289 1901 2310 nos
1928 2280 2039 2312 vestri

176 2341 333 2375 humiles
355 2349 390 2375 et
410 2343 531 2375 devoti
552 2349 716 2375 oratores
738 2342 902 2386 magistri
932 2354 970 2374 ac
999 2341 1159 2374 scolares
1188 2341 1232 2373 de
1262 2341 1402 2385 gremio
1428 2341 1576 2375 humilis
1604 2354 1643 2374 ae
1671 2342 1799 2375 devote
1827 2343 1900 2376 filie
1920 2353 2040 2379 vestre

178 2409 431 2442 Universitatis
453 2409 670 2442 Parisiensis
691 2421 729 2441 ac
752 2408 918 2441 nonnulli
939 2408 999 2440 alii
1021 2407 1149 2440 confisi
1172 2407 1215 2440 de
1232 2414 1352 2440 vestre
1369 2407 1605 2452 benignitatis
1626 2408 1853 2451 liberalitate⁷
1871 2412 2040 2446 audacter

176 2475 404 2521 supplicandi
425 2476 652 2520 propositum
674 2475 950 2508 assumimus...

265 2544 352 2575 Item
375 2542 472 2587 quod
492 2549 677 2575 transeant
697 2542 776 2574 sine
794 2541 860 2574 alia
881 2541 1051 2574 lectione.
1076 2542 1117 2573 Et
1139 2552 1217 2573 cum
1236 2541 1495 2573 commissione
1513 2542 1687 2574 examinis
1703 2542 1746 2574 ad
1768 2550 1887 2587 partes
1905 2551 1936 2577 et
1958 2558 2035 2577 cum

174 2608 348 2641 clausulis
369 2608 599 2653 opportunis,
622 2615 705 2647 etc„
729 2614 767 2640 ut
787 2608 823 2640 in
844 2608 971 2645 forma,
994 2614 1062 2640 ete.

263 2707 417 2732 Laurentio
429 2707 464 2732 ‹le
477 2707 576 2736 Cunis,
592 2707 730 2739 magistro
746 2707 777 2731 iu
791 2706 903 2731 artibus
917 2708 945 2732 ct
961 2706 1061 2731 scolari
1076 2706 1106 2731 iu
1123 2706 1278 2738 theologia.
1293 2706 1359 2731 cler.
1377 2705 1521 2730 Bisuntin.
1537 2705 1610 2731 dioc.

261 2756 335 2781 Item
347 2756 484 2781 Mauricio
495 2756 530 2781 de
545 2755 775 2788 Kaergoul·ant².
789 2755 916 2781 subdiac.
930 2755 1135 2788 Corisopitcns.
1148 2755 1235 2784 dioc,
1247 2756 1348 2780 curato
1363 2754 1498 2787 pan-och.
1511 2755 1607 2780 eccles.
1624 2754 1660 2780 de
1675 2755 1760 2781 Mezle
1771 2756 1845 2782 dicte
1857 2756 1942 2787 dioc..
1959 2766 2035 2791 mag.

174 2803 204 2829 in
219 2806 273 2829 art.
290 2806 319 2830 ct
334 2805 394 2830 bac.
412 2805 442 2830 in
457 2804 532 2830 decr.
551 2805 580 2830 in
598 2805 682 2830 tertio
697 2812 776 2830 anuo
791 2812 841 2830 sue
856 2805 974 2830 lecture.

262 2854 334 2879 Item
351 2853 508 2879 Guillclmo
523 2853 648 2882 Oliverii,
665 2853 731 2878 cler.
749 2853 952 2886 Corisopitens.
970 2853 1056 2880 dioc..
1074 2860 1150 2885 mag,
1170 2852 1199 2877 iu
1214 2853 1267 2877 art.
1283 2854 1311 2877 et
1327 2852 1392 2878 scol.
1411 2852 1519 2885 injure
1534 2859 1609 2881 can.‚
1624 2852 1792 2884 cappellano
1805 2853 1871 2878 cccl.
1891 2854 1973 2880 Paris.
1993 2854 2036 2889 [de

173 2909 236 2927 can.
253 2902 320 2927 cccl.
337 2902 438 2935 colleg.
457 2902 482 2927 S.
501 2901 616 2927 Maximi
632 2902 667 2927 de
682 2902 819 2934 Caynoue
834 2902 994 2927 Turonens.
1012 2901 1108 2933 dioc.].
