2488 3386
197 321 293 357 1394]
963 333 1009 353 DE
1046 331 1289 353 SCHISMATE.
1995 324 2060 356 623

195 407 370 440 maledico
392 407 486 451 apud
506 418 571 439 vos
592 407 717 439 samam
740 406 911 443 lacerant,
936 406 1061 450 sicque
1089 404 1166 437 suis
1194 404 1407 445 mendaciis,
1429 405 1524 437 dolis
1546 412 1580 437 et
1607 405 1906 439 machinamentis
1928 419 1944 439 a
1967 408 2059 439 veri-

194 473 275 506 tatis
303 473 452 514 lumine,
482 485 546 518 per
567 484 633 505 nos
661 471 810 505 auribus
831 472 963 504 vestris
985 471 1210 507 instillando,
1235 470 1419 511 reicimur,
1440 483 1484 503 ne
1513 471 1620 504 ullam
1649 472 1867 505 audientiam
1890 473 1925 505 111
1946 474 2057 506 vestri

194 546 391 584 conspectu
419 539 585 572 obtinere
612 539 682 571 nisi
714 550 861 583 perraro
890 538 1123 583 possimus¹⁷.
1156 538 1206 569 Ita
1237 537 1287 578 fit,
1311 543 1347 569 111
1378 537 1413 569 111
1445 549 1568 570 errore
1601 545 1635 570 et
1664 539 1740 571 veri
1768 539 1971 584 ignorantia
1992 552 2057 573 vos

192 606 304 639 veluti
325 606 539 651 captivatum
566 605 750 638 detineant
775 604 818 637 ad
845 604 1172 637 dissimulationem
1196 610 1230 636 et
1251 603 1549 648 impedimentum
1578 605 1643 636 rei.
1667 606 1754 637 Tota
1776 606 1907 637 etenim
1930 618 2054 638 eorum

193 685 235 706 eo
257 672 372 705 tendit
394 679 429 705 et
449 678 587 717 spectat
605 671 771 711 intentio,
789 677 860 704 tota
882 682 999 711 mens,
1018 677 1113 703 totus
1135 676 1299 709 conatuS,
1317 676 1354 702 ut
1376 670 1436 711 [in]
1459 671 1639 714 ejusmodi
1660 671 1801 704 frivolis
1823 672 2055 706 sermonibus

192 746 334 784 tempus
361 745 477 771 terant
504 744 539 770 et
569 738 754 782 negotium
782 737 963 777 differant,
985 749 1056 781 quo
1083 737 1292 769 diuturnius
1321 737 1462 781 possint
1491 737 1646 769 ecclesie
1674 738 1801 782 spoliis
1832 738 1883 770 sic
1915 739 2054 772 turbate

191 805 396 838 incrassari.
420 806 570 849 Magnas
592 804 725 849 quippe
743 804 939 849 dignitates
957 810 991 836 et
1011 815 1132 835 crassa
1149 802 1325 835 beneficia
1347 815 1442 835 nunc
1460 803 1598 836 turbata
1621 803 1775 836 ecclesia
1796 812 2054 849 assequuntur⁷

191 883 279 916 quas
301 872 442 916 integra
463 883 502 904 ac
525 870 629 903 unica
651 882 832 915 nunquam
855 870 1007 914 adipisci
1029 881 1138 914 posse
1159 870 1288 902 merito
1310 869 1591 902 confiderent....

279 938 383 981 Quod
416 949 502 970 vero
535 937 642 970 nobis
672 937 879 982 imponunt,
909 948 976 969 nos
1005 936 1177 969 arbitratu
1209 943 1334 969 nostro
1367 937 1486 969 omnia
1516 949 1643 982 regere
1670 937 1780 978 velle,
1812 938 1880 970 nisi
1913 937 2052 971 obviam

189 1005 315 1045 iretur,
337 1004 473 1037 faciunt
493 1004 591 1048 quod
612 1004 706 1037 sueti
733 1010 828 1044 sunt,
856 1003 1057 1048 impudenti
1079 1003 1267 1035 mendacio
1295 1015 1360 1035 nec
1386 1003 1546 1036 colorato
1574 1010 1735 1036 utuntur.
1759 1005 1838 1036 Non
1864 1005 2052 1037 ecclesiam

190 1083 331 1117 regere,
355 1071 419 1104 sed
446 1071 523 1116 regi
545 1070 732 1110 volumus,
756 1070 826 1115 ipsi
846 1082 932 1103 vero
955 1081 1027 1102 non
1048 1081 1190 1114 regere,
1217 1069 1280 1102 sed
1301 1081 1445 1110 vexare,
1466 1069 1624 1102 lacerare
1646 1077 1681 1103 et
1701 1071 1847 1103 omnino
1875 1071 2053 1116 dissipare

188 1138 327 1178 volunt,
344 1158 387 1162 -
403 1137 500 1182 quod
518 1137 600 1181 quia
617 1136 849 1169 dissimulare
865 1143 925 1169 aut
941 1136 1180 1180 equanimiter
1196 1136 1303 1176 ferre,
1322 1136 1545 1169 conscientia
1567 1137 1643 1181 ipsa
1665 1149 1702 1169 ac
1719 1138 1869 1170 veritate
1885 1145 2051 1183 cogente,

189 1216 254 1237 nec
276 1216 472 1250 possumus
494 1215 560 1236 nec
582 1203 762 1244 volumus,
786 1203 870 1235 inde
894 1203 930 1234 in
951 1214 1019 1235 nos
1040 1202 1236 1247 configitur
1256 1202 1321 1235 hec
1343 1202 1503 1247 culpa...

277 1271 434 1303 Proinde
455 1282 520 1303 vos
542 1269 790 1310 obsecramus,
814 1269 983 1314 princeps
1005 1268 1322 1310 christianissime,
1344 1275 1383 1301 ut
1403 1269 1445 1301 ad
1467 1269 1556 1302 hanc
1579 1270 1857 1303 sacratissimam
1881 1272 2050 1304 unionem

188 1344 247 1370 aut
274 1349 337 1383 per
358 1337 504 1370 alteram
532 1337 669 1369 viarum
693 1336 863 1380 superius
891 1347 1142 1380 expressarum
1175 1342 1234 1368 aut
1263 1335 1366 1368 aliam
1387 1335 1445 1368 vel
1472 1336 1559 1368 alias
1586 1337 1746 1381 ydoneas
1772 1349 1836 1382 per
1857 1338 2049 1371 consilium

188 1411 360 1444 vestrum,
379 1404 410 1436 si
431 1403 499 1436 iste
517 1403 636 1435 minus
653 1402 804 1435 forsitan
822 1402 1044 1443 suffecerint,
1063 1402 1288 1446 cogitandas,
1307 1402 1462 1435 sollicite
1479 1402 1664 1447 vigilando
1686 1404 1875 1436 intendere
1893 1411 1927 1437 et
1947 1417 2049 1449 quam

187 1477 323 1503 mature
352 1470 484 1503 velitis.
517 1469 761 1502 Obsecramus
797 1475 978 1513 preterea,
1008 1480 1152 1501 oramus
1185 1468 1479 1513 obtestamurque
1510 1469 1546 1501 in
1576 1470 1733 1502 caritatis
1771 1470 1907 1503 Christi
1935 1472 2050 1504 visce-

187 1537 288 1570 ribus
394 1548 438 1569 ne
465 1536 620 1568 animum
649 1535 828 1567 inducatis
855 1534 1137 1567 oblatratoribus
1163 1535 1243 1567 istis
1274 1535 1310 1567 in
1337 1542 1460 1568 nostre
1486 1536 1591 1576 fame,
1618 1536 1776 1569 nominis
1809 1544 1868 1569 aut
1899 1537 2050 1571 honoris

186 1603 457 1644 detrimentum,
480 1602 586 1634 nobis
608 1602 709 1647 prius
731 1613 803 1634 non
830 1602 974 1643 auditis,
997 1602 1033 1633 in
1057 1601 1177 1646 aliquo
1200 1602 1391 1642 assentire,
1413 1602 1470 1634 vel
1496 1602 1683 1634 sinistrum
1707 1603 1793 1647 quid
1815 1603 1858 1635 de
1881 1604 1986 1637 nobis
2009 1617 2049 1637 ex

186 1670 307 1703 talium
330 1669 507 1714 suspicari
528 1669 761 1701 fallacissimo
784 1668 910 1708 relatu,
936 1668 996 1712 qui
1022 1668 1156 1700 obinde
1185 1668 1309 1702 malam
1341 1669 1397 1700 sui
1430 1680 1649 1713 suarumque
1678 1669 1950 1703 oblocutionum
1974 1671 2050 1715 opi—

186 1737 330 1769 nionem
362 1737 549 1781 ingerunt,
577 1735 674 1780 quod
705 1747 887 1780 nunquam
917 1735 1029 1779 palam
1059 1741 1182 1767 contra
1211 1747 1277 1767 nos
1303 1741 1337 1767 ct
1364 1742 1499 1780 aperte,
1530 1736 1593 1768 sed
1625 1736 1661 1768 in
1693 1736 1837 1782 angulis
1865 1738 1983 1782 potius
2012 1751 2050 1770 ac

184 1803 332 1836 latebris
360 1802 650 1843 obmurmurant,
678 1801 755 1834 sola
787 1801 915 1834 confisi
950 1808 1068 1843 nocte,
1098 1813 1162 1834 nec
1188 1801 1377 1842 audentes,
1407 1802 1572 1846 exemplo
1604 1809 1748 1843 noctue,
1781 1803 1817 1835 in
1846 1803 1939 1836 clara
1970 1804 2049 1837 luce

184 1870 378 1902 versari...

274 1937 345 1968 Nec
377 1935 583 1980 suspicetur
610 1935 787 1979 quispiam
818 1946 884 1967 nos
917 1941 1062 1979 propter
1091 1934 1230 1979 regium
1258 1941 1416 1967 vestrum
1449 1935 1679 1967 001151111111118
1711 1935 1775 1968 1100
1804 1936 1936 1969 dicere.
1969 1939 2047 1970 Non

186 2003 346 2048 profecto
369 2014 432 2047 per
457 2001 525 2034 hoc
547 2002 665 2046 ipsum
688 2001 915 2045 aliquatenus
943 2001 1066 2033 ledere
1088 2008 1141 2033 est
1169 2001 1323 2040 animus,
1352 2001 1415 2033 sed
1446 2008 1595 2046 propter
1615 2002 1851 2046 particulares
1872 2004 2045 2047 quosdam

186 2069 364 2114 malignos
396 2068 562 2100 homines
598 2067 665 2100 1100
697 2067 863 2108 dicimus,
898 2067 958 2111 qui
992 2079 1074 2099 ceca
1108 2067 1304 2099 ambitione
1335 2074 1366 2099 ct
1402 2067 1519 2099 fallaci
1554 2067 1759 2100 adulatione
1795 2069 1903 2113 hujus
1934 2071 2045 2114 pestis

185 2136 387 2169 scismatice
415 2135 612 2167 nutritores
634 2146 713 2174 vos,
736 2134 904 2178 princeps
932 2134 1180 2174 serenissime,
1204 2133 1468 2178 consiliumque
1489 2141 1662 2175 vestrum,
1686 2135 1809 2179 utiquo
1838 2137 2046 2180 prudentis-

185 2203 328 2243 simum,
352 2202 529 2234 seducere
551 2207 585 2233 et
607 2200 750 2233 turbare
771 2200 1091 2233 vehementissime
1113 2200 1369 2232 nituntur¹⁹....

274 2269 344 2302 Sed
366 2269 448 2313 quia
469 2269 541 2312 jam
563 2267 649 2299 satis
672 2267 731 2299 diu
762 2278 828 2298 nos
855 2278 935 2298 cum
964 2266 1058 2298 Petri
1085 2266 1247 2299 navicula
1274 2267 1360 2299 satis
1389 2278 1571 2311 superque
1599 2267 1768 2300 fluctibus
1790 2275 1823 2300 et
1843 2269 2046 2301 sevissimis

187 2334 356 2380 procellis
376 2334 506 2379 agitata
534 2333 612 2366 vela
640 2339 762 2365 nostra
788 2332 985 2365 laborando
1015 2332 1224 2373 laxavimus,
1248 2332 1337 2365 libet
1358 2334 1429 2376 jam
1457 2340 1597 2377 portum
1625 2341 1760 2378 petere,
1785 2335 1844 2379 qui
1874 2341 1911 2367 ut
1940 2335 2045 2368 nobis

186 2401 335 2434 liberior
357 2401 540 2444 tutiorque
561 2406 731 2444 patescat,
755 2399 1001 2443 quiescentem
1021 2411 1114 2430 nunc
1137 2398 1328 2431 Dominum
1348 2399 1559 2440 excitemus,
1582 2399 1815 2433 obsecrantes
1838 2401 2044 2443 instantius,

187 2475 222 2501 ut
244 2474 446 2512 quassatam
469 2478 560 2512 pene
583 2466 690 2498 undis
714 2472 823 2498 ratem
853 2477 965 2506 suam,
990 2477 1055 2497 nec
1080 2466 1153 2509 jam
1186 2465 1264 2497 sine
1287 2477 1349 2497 sua
1372 2477 1439 2510 ope
1466 2465 1581 2498 obniti
1603 2466 1793 2508 valentem,
1818 2468 1959 2499 tandem
1982 2468 2044 2500 ali-

186 2534 328 2579 quando
350 2540 483 2573 servet,
501 2533 617 2566 ventis
640 2539 672 2564 et
695 2532 782 2564 mari
804 2532 999 2576 imperans,
1019 2538 1056 2563 ut
1076 2531 1205 2576 positis
1227 2531 1434 2563 turbinibus
1452 2532 1570 2564 sevire
1586 2533 1657 2576 jam
1682 2532 1834 2565 ulterius
1855 2534 2043 2575 desistant,

187 2613 257 2645 quo
279 2612 343 2645 per
364 2600 499 2645 placata
525 2611 658 2643 equora
681 2605 714 2631 et
737 2598 863 2630 dulces
885 2598 1066 2631 immissas
1092 2609 1196 2630 auras
1224 2609 1290 2629 nos
1316 2609 1395 2630 cum
1425 2610 1463 2630 ea
1490 2599 1587 2642 pacis
1613 2599 1714 2631 littus
1740 2600 1873 2632 tamdiu
1901 2601 2044 2633 deside-

187 2674 299 2699 ratum
322 2666 592 2711 quamproxime
613 2672 812 2698 teneamus.
836 2665 964 2696 Amen.

275 2734 362 2765 Data
392 2733 428 2765 in
456 2738 579 2764 nostra
612 2731 775 2776 generali
805 2731 1089 2776 congregatione
1117 2730 1211 2774 apud
1243 2731 1409 2763 Sanctum
1442 2731 1679 2765 Bernardum.
1713 2739 1750 2765 ut
1783 2734 1892 2765 moris
1922 2741 1975 2766 cst
2008 2735 2043 2766 in

187 2801 357 2839 arduis²⁰,
379 2798 558 2832 celebrata
580 2798 739 2830 unanimi
760 2798 966 2830 facultatum
990 2797 1214 2842 singularum
1233 2803 1265 2829 et
1288 2797 1471 2829 nationum
1494 2809 1676 2830 consensu
1698 2799 1775 2843 viij⁰
1795 2800 1875 2831 idus
1896 2801 2042 2838 Junii‘2',

188 2866 310 2912 vigilia
334 2865 503 2899 videlicet
531 2864 803 2902 Penthecostes,
831 2876 901 2909 quo
924 2864 981 2896 dic
1010 2864 1165 2908 Spiritus
1192 2864 1343 2896 Sanctus
1370 2863 1630 2908 discipulorum
1663 2865 1843 2897 mentibus
1873 2867 1907 2898 in
1935 2879 2042 2899 unum
