2488 3386
219 306 314 342 1385]
639 319 684 340 AB
719 319 823 340 ANNo
859 318 990 340 MCCCL
1025 319 1154 346 USQUE
1190 319 1238 339 AD
1275 319 1536 341 BENEDICTUM
1572 320 1661 341 xm.
2016 310 2078 342 401

216 392 273 426 vel
294 394 485 437 proposuit
505 399 675 432 statuere,
699 392 789 424 adeo
811 398 895 424 sunt
915 392 990 436 juri
1015 398 1049 424 et
1070 392 1205 424 racioni
1227 404 1385 424 consona
1410 399 1444 424 et
1470 393 1627 437 antiquis
1651 392 1852 437 privilegiis
1879 400 1911 425 et
1937 393 2078 426 statutis

217 466 284 492 tam
309 460 524 504 propinqua,
547 466 585 491 ut
606 459 721 504 magis
743 457 896 490 debeant
918 458 1039 490 vocari
1061 458 1345 498 declaraciones,
1368 470 1471 502 quam
1494 459 1780 491 constituciones
1802 460 1960 497 censcri;
1987 466 2019 491 et
2042 466 2080 492 ut

216 533 336 558 vestre
358 526 536 558 sanctitati
562 525 721 557 breviter
742 525 905 557 refferam
928 525 1014 569 quid
1041 525 1241 559 continent,
1264 531 1360 556 certe
1383 524 1493 556 nichil
1515 524 1611 557 aliud
1637 525 1707 556 nisi
1732 525 1841 557 studii
1862 525 2078 566 libertatem,

217 592 444 624 studeneium
469 591 671 631 utilitatem,
689 591 837 635 justicie
858 590 1082 624 honestatem
1102 597 1136 623 et
1157 590 1309 623 avaricie
1331 603 1369 623 ac
1390 591 1524 634 injuste
1541 591 1747 635 cupiditatis
1769 591 2078 635 dampnacionem.

218 660 411 703 Propterea
433 658 609 691 adversus
635 657 694 690 illa
721 664 957 697 murmurant,
985 657 1127 697 latrant,
1151 657 1343 690 detrahunt
1363 657 1471 697 avari,
1495 657 1619 701 injusti
1642 663 1675 689 et
1700 657 1927 701 cupidissimi
1956 670 2081 690 muue-

219 736 294 757 rum
331 731 529 757 exactores.
567 724 637 757 Sed
670 730 790 757 vestra
834 724 1016 763 sanctitas,
1049 723 1146 768 quod
1180 723 1336 768 improbi
1373 723 1580 767 dampnant,
1611 724 1708 767 juste
1747 729 1781 755 et
1814 723 2081 756 racionabiliter

218 791 442 836 approbabit.

308 858 462 902 Quintus
477 857 654 891 articulus
671 858 715 890 de
732 857 909 890 citacione
927 856 1167 898 fraudulenta,
1187 863 1254 889 etc.
1273 856 1302 889 O
1321 856 1454 889 utinam
1473 856 1533 900 qui
1551 856 1655 888 talem
1673 856 1834 888 fraudem
1852 856 2080 901 excogitavit,

218 925 352 957 utinam
375 924 436 968 qui
457 924 526 957 tale
547 936 741 969 gravamen
762 923 895 964 intulit,
924 923 1047 956 dolum
1070 935 1174 956 suum
1203 922 1272 955 sibi
1300 934 1432 955 nocere
1460 922 1597 955 senciat
1622 929 1656 954 et
1681 934 1723 954 ex
1749 934 1811 955 sua
1839 922 1963 954 fraude
1985 923 2082 955 dam-

218 1003 328 1036 pnum
352 991 449 1035 quod
470 998 630 1023 meretur
650 991 866 1024 incurratm.

308 1058 438 1091 Sextus
452 1058 631 1091 articulus
652 1064 707 1090 est
727 1058 771 1090 de
793 1058 1036 1102 usui-pacione
1057 1057 1251 1097 honorum,
1268 1063 1335 1089 etc.
1354 1056 1383 1090 Ο
1406 1056 1575 1101 superbia
1598 1062 1797 1088 monstrum
1815 1055 2002 1093 horribile,
2022 1057 2082 1100 qui

221 1124 282 1157 uni
302 1125 447 1169 corpori
469 1124 540 1157 duo
568 1131 689 1169 aptare
717 1125 831 1169 capita
862 1131 896 1157 et
926 1124 962 1156 in
989 1136 1111 1157 verum
1143 1123 1258 1168 capud
1290 1123 1489 1156 membrum
1522 1123 1714 1167 insurgere
1744 1123 1909 1155 suasisti!
1943 1123 1971 1155 O
2000 1135 2083 1155 vere

220 1191 435 1223 imitatorem
458 1191 627 1231 Luciferi,
651 1191 712 1236 qui
742 1191 860 1224 locum
883 1190 1116 1223 sublimitatis
1138 1197 1173 1223 et
1202 1190 1352 1222 honoris
1378 1189 1480 1222 alteri
1503 1189 1662 1222 debitum
1692 1189 1874 1234 usurpasti
1903 1196 1937 1221 et
1965 1189 2083 1222 altiori

220 1270 259 1290 ac
281 1258 462 1302 superiori
482 1265 544 1290 tuo
565 1258 822 1302 presumpsisti
845 1270 916 1290 non
939 1258 1054 1290 solum
1080 1264 1113 1290 te
1136 1257 1289 1290 similem
1312 1257 1446 1297 dicere,
1466 1256 1530 1288 sed
1552 1257 1725 1301 preferre.
1743 1257 1877 1289 Verum
1896 1257 1956 1300 qui
1978 1256 2084 1288 altius

220 1324 418 1357 ascendere
451 1324 582 1369 satagit
609 1336 712 1369 quam
745 1324 887 1365 debeat,
914 1325 1053 1369 justum
1085 1331 1140 1356 est
1171 1330 1206 1356 ut
1236 1323 1279 1356 ad
1306 1335 1384 1368 yma
1416 1323 1671 1367 precipitanter
1698 1323 1906 1363 descendat,
1943 1323 2084 1355 dicente

222 1390 367 1423 Christo
387 1402 394 1423 t
419 1391 491 1435 Qui
509 1402 544 1423 se
564 1391 699 1424 exaltat
722 1391 986 1424 humiliabitur.

310 1458 489 1501 Septimus
517 1457 694 1491 articulus
724 1465 779 1490 est
813 1458 910 1502 quod
945 1464 1020 1490 tres
1055 1457 1353 1490 reverendissimi
1389 1463 1508 1501 patres
1541 1457 1677 1488 domini
1710 1456 1912 1488 cardinales
1945 1457 2086 1489 Laudu-

222 1524 382 1565 nensis&
402 1524 548 1556 Scocie5
567 1530 602 1556 et
623 1524 666 1556 de
689 1524 974 1557 Lucenbourch⁶
993 1524 1204 1557 obtulerunt
1225 1536 1263 1556 se
1281 1524 1324 1556 ad
1341 1524 1562 1556 tractandum
1581 1523 1817 1555 amicabiliter
1833 1523 1877 1556 de
1894 1523 2086 1555 concordia

222 1591 316 1623 inter
337 1597 468 1635 partes,
495 1602 646 1635 quorum
671 1591 742 1623 duo
764 1598 913 1636 propter
933 1591 1001 1624 hoc
1022 1603 1065 1623 ex
1086 1603 1149 1623 sua
1177 1590 1377 1623 humilitate
1405 1590 1447 1622 ad
1476 1590 1803 1635 congregacionem
1834 1590 2087 1623 Universitatis

223 1657 463 1702 personaliter
484 1664 729 1690 accesserunt.
758 1658 861 1691 Unde
888 1665 1036 1702 propter
1057 1658 1217 1702 ipsorum
1241 1657 1485 1690 reverenciam
1508 1663 1542 1689 et
1567 1657 1610 1689 ad
1632 1669 1755 1689 eorum
1779 1663 1981 1701 requestam
2005 1657 2088 1689 Uni-

221 1724 374 1757 versitas
396 1724 554 1769 predicta
578 1736 701 1757 eorum
725 1725 951 1757 ordinacioni
973 1731 1084 1757 totum
1107 1725 1237 1757 factum
1259 1725 1295 1756 in
1316 1723 1569 1768 superioribus
1590 1723 1752 1756 articulis
1774 1735 1984 1768 expressum
2008 1722 2089 1755 sub-

223 1791 332 1824 misit.
358 1792 400 1823 Et
421 1790 506 1823 licet
526 1791 644 1823 dictus
662 1791 899 1824 cancellarius
921 1791 1003 1824 huic
1026 1792 1189 1824 tractatui
1211 1791 1321 1823 eciam
1340 1803 1378 1823 se
1398 1790 1610 1822 submiserit
1631 1790 1822 1835 ipsumque
1845 1790 2092 1834 procuraverit

224 1870 263 1890 ac
284 1869 363 1889 eum
387 1858 487 1902 prius
510 1858 697 1902 quesierit,
721 1864 838 1890 tamen
860 1858 1012 1891 durante
1041 1865 1203 1903 tempore
1225 1858 1309 1890 dicti
1340 1864 1510 1890 tractatus
1538 1857 1648 1889 multa
1674 1863 1797 1889 contra
1826 1857 2001 1901 premissa
2027 1868 2090 1889 sua

224 1925 485 1957 contumaciter
505 1925 738 1969 attemptavit,
767 1932 875 1969 prout
904 1937 946 1957 cx
974 1924 1189 1969 quibusdam
1222 1924 1379 1969 publicis
1409 1924 1662 1956 instrumentis
1690 1923 1770 1956 luce
1798 1923 1929 1955 clarius
1961 1923 2092 1967 poterit

225 2003 410 2035 apparere.
433 1992 475 2023 Et
496 1991 659 2035 quamvis
677 1991 770 2024 dicta
787 1992 1013 2024 Universitas
1031 1992 1267 2031 consentiret,
1287 1991 1383 2035 quod
1401 1991 1445 2023 de
1461 1990 1649 2030 abusibus,
1669 1989 1881 2022 excessibus
1899 1996 1933 2022 et
1948 1990 2091 2033 injuriis

225 2058 408 2102 preteritis
429 2070 468 2090 ac
490 2058 600 2090 eciam
629 2058 673 2090 de
701 2059 871 2103 expensis
902 2058 966 2090 hac
995 2059 1186 2091 occasione
1216 2058 1318 2090 sactis
1349 2058 1433 2090 dicti
1465 2057 1601 2089 domini
1633 2057 1830 2089 secundum
1860 2068 1982 2088 eorum
2006 2068 2091 2088 con-

225 2124 401 2156 sciencias
423 2124 646 2164 ordinarent,
670 2125 865 2157 dummodo
886 2125 990 2157 fieret
1010 2132 1105 2157 certa
1128 2125 1287 2169 provisio
1312 2136 1374 2169 per
1395 2136 1498 2169 quam
1522 2123 1710 2156 tolleretur
1731 2123 1767 2155 in
1793 2124 1950 2155 futurum
1972 2123 2089 2155 omnis

224 2190 400 2223 ahusuum
425 2191 629 2235 corruptela
656 2203 662 2223 :
693 2198 810 2224 tamen
836 2192 872 2223 in
898 2191 1027 2224 dictam
1050 2191 1295 2236 provisionem
1323 2191 1440 2223 dictus
1469 2190 1706 2223 cancellarius
1732 2189 1847 2222 noluit
1868 2189 2087 2229 consentire,

225 2257 289 2289 sed
318 2257 407 2289 dixit
432 2264 466 2289 et
496 2257 685 2301 respondit
712 2258 859 2290 domino
881 2257 1054 2290 cardinali
1083 2258 1181 2302 quod
1206 2257 1350 2290 volebat
1378 2257 1430 2289 ire
1456 2257 1499 2289 ad
1526 2257 1673 2297 curiam,
1697 2263 1731 2288 et
1753 2256 1924 2300 prosequi
1946 2267 2087 2288 causam

225 2335 323 2356 suam
347 2336 410 2368 per
426 2324 516 2356 viam
540 2324 659 2369 litigii,
679 2331 786 2369 prout
806 2325 924 2357 dictus
941 2325 1111 2357 dominus
1128 2324 1321 2357 cardinalis
1342 2324 1596 2356 Laudunensis
1618 2323 1796 2355 mandavit
1818 2329 1853 2355 ct
1873 2322 2090 2366 significavit.

226 2390 459 2423 Universitati
482 2391 657 2435 predicte.
680 2391 784 2424 Unde
806 2392 892 2424 satis
915 2398 1061 2436 apparet
1091 2391 1279 2423 manifeste
1306 2391 1403 2435 quod
1433 2390 1551 2423 dietus
1577 2389 1814 2422 cancellarius
1840 2401 1912 2421 non
1934 2388 2088 2433 simplici

225 2457 347 2497 corde,
378 2457 443 2489 sed
473 2457 600 2490 dolose
631 2470 753 2502 pacem
780 2457 966 2502 querebat,
990 2464 1028 2490 ut
1057 2458 1135 2502 ipse
1166 2458 1212 2490 sit
1242 2457 1285 2489 de
1316 2468 1466 2489 numero
1498 2456 1656 2497 illorum,
1684 2456 1727 2488 de
1756 2455 1887 2500 quibus
1916 2454 2089 2500 propheta

226 2523 367 2556 dicebat
403 2535 409 2555 t
448 2524 520 2568 Qui
547 2523 715 2557 seducunt
744 2524 913 2569 populum
944 2536 1054 2557 meum
1084 2530 1114 2557 et
1146 2523 1307 2557 mordent
1336 2523 1500 2556 dentibus
1527 2524 1615 2563 suis,
1646 2523 1700 2556 lzii
1730 2522 1921 2566 predicant
1956 2533 2086 2565 pacem.

228 2589 411 2630 Miche[as]
434 2591 509 2622 3....

315 2657 466 2690 Octavus
486 2657 663 2690 articulus
685 2665 740 2691 est
761 2659 857 2703 quod
880 2658 980 2690 finito
998 2665 1160 2702 tempore
1178 2657 1263 2689 dicti
1284 2663 1454 2689 tractatus
1471 2656 1629 2688 decanus
1647 2663 1681 2688 et
1702 2655 1864 2700 magistri
1884 2654 2088 2698 theologice

226 2722 404 2755 facultatis
425 2723 571 2756 fuerunt
591 2725 803 2769 congregati
830 2725 872 2757 ad
899 2724 1139 2757 ordinandum
1167 2723 1284 2768 aliqua
1311 2722 1404 2755 bona
1432 2729 1467 2755 et
1495 2722 1652 2755 salubria
1678 2722 1720 2754 ad
1746 2722 1919 2754 honorem
1943 2727 1977 2752 et
1997 2719 2088 2751 utili-

226 2796 331 2821 tatem
357 2789 468 2822 studii
490 2796 524 2822 et
545 2790 654 2822 eciam
674 2790 849 2823 catholice
868 2791 965 2832 fidei,
984 2798 1017 2823 et
1039 2790 1260 2835 generaliter
1277 2790 1392 2822 tocius
1415 2789 1569 2822 ecclesie
1592 2788 1669 2828 Dei,
1689 2800 1757 2832 que
1779 2788 1862 2819 licet
1883 2786 2088 2818 nullatenus

227 2862 351 2888 essent
371 2862 495 2888 contra
517 2868 709 2900 personam
730 2864 790 2890 aut
811 2858 965 2890 officium
985 2857 1070 2889 dicti
1092 2856 1309 2896 cancellarii,
1335 2862 1441 2900 prout
1461 2868 1525 2900 per
1546 2855 1697 2899 quedam
1721 2854 1958 2886 instrumenta
1979 2862 2090 2896 super

350 2917 399 2933 Η*
418 2914 512 2938 Chart.
535 2914 613 2938 Univ.
631 2915 726 2939 Paris.
747 2916 792 2938 ΙΙΙ.
1936 2910 1964 2933 52
