2488 3386
861 348 1050 370 ADDENDA
1085 348 1131 369 ET
1166 343 1446 370 CORRlGENDA.
2023 339 2085 371 661

310 421 431 447 marisco
441 423 469 448 et
479 422 620 447 Jacobum
630 422 665 448 de
674 422 811 455 Esquilla.
825 437 858 440 —
870 422 1017 448 Sententia
1032 423 1180 448 Guillelmi
1198 423 1378 456 inquisitoris
1390 425 1491 448 contra
1503 423 1687 456 Margaritam
1697 424 1798 449 Porete
1812 431 1860 448 an.
1878 423 1952 452 1310,
1966 423 2030 448 Maii
2041 423 2084 453 31,

309 471 373 503 post
388 478 478 503 quam
494 470 646 503 Margarita
661 471 812 496 combusta
825 472 876 499 est.
893 473 984 497 exstat
999 471 1078 505 apud
1094 472 1157 501 Lea.
1175 473 1195 497 A
1213 471 1324 504 History
1339 471 1374 504 os
1385 472 1428 497 the
1442 472 1600 505 Inqzzisition
1613 472 1648 505 os
1662 472 1706 497 the
1721 472 1820 497 middle
1834 480 1908 506 ages,
1926 472 1959 501 ΙΙ,
1975 472 2025 506 575
2042 480 2083 505 sq.

310 518 489 544 Sententiam
502 519 653 552 praecessit
667 519 842 545 consultatio
855 520 1022 552 regentium
1036 521 1065 545 in
1077 520 1198 546 decretis
1210 519 1321 545 Parisiis
1334 520 1397 553 (qui
1410 520 1531 545 suerunt
1542 520 1716 546 Guillelmus
1728 521 1822 546 dictus
1834 521 1940 549 Frater,
1954 520 2038 553 Hugo
2051 520 2086 546 de

309 568 452 597 Bisuncio,
469 568 615 594 Johannes
631 568 667 594 de
683 568 809 597 TollenZ,
831 569 971 594 Henrieus
983 569 1019 595 de
1034 569 1150 594 Bitunia
1165 570 1193 594 et
1208 569 1308 594 Petrus
1323 569 1358 594 de
1373 568 1522 602 Vallihus),
1537 576 1574 594 an
1588 570 1738 602 Margarita
1750 569 1907 602 judicanda
1923 569 1958 594 sit
1978 570 2086 602 relapsa

309 617 383 651 (Lea.
396 617 415 642 l.
430 625 466 646 c..
485 624 514 650 p.
537 617 608 651 577).
631 617 811 643 Consultatio
831 619 873 643 est
887 625 934 643 an.
957 617 1034 647 1310,
1053 627 1066 641 ιι
1083 617 1206 643 Sabbato
1222 619 1286 650 post
1299 617 1406 643 festum
1419 617 1447 643 h.
1465 617 1605 643 Johannis
1618 620 1685 644 ante
1701 618 1817 643 Portam
1831 618 1964 643 Latinam
1982 628 2006 647 »‚
2023 618 2041 643 i.
2059 626 2083 644 e.

306 666 370 691 Maii
384 674 399 700 9
415 668 578 699 (perperam
593 666 657 691 Maii
673 666 706 691 30
722 668 783 692 tam
795 666 875 700 apud
889 667 952 695 Lea.
970 675 1061 700 quam
1078 666 1210 699 Langlois
1224 666 1242 691 1.
1260 674 1283 692 c.
1299 674 1328 699 p.
1346 667 1419 700 295).

221 714 248 740 Ρ.
266 722 327 749 229,
344 716 408 748 post
424 720 481 740 num
500 714 550 749 778
569 715 741 741 inserendus
756 718 804 741 nus
820 715 889 750 778³
904 723 919 741 e
934 715 1008 741 libro
1022 717 1073 741 Les
1086 717 1173 750 gestes
1188 715 1234 741 des
1249 715 1313 741 dues
1327 715 1359 740 de
1374 715 1497 741 Brabanl
1509 723 1565 748 par
1584 717 1655 741 Jean
1674 715 1706 740 de
1727 715 1819 744 Klerlc,
1841 716 1885 741 ed.
1903 716 2042 744 Willems.
2063 717 2083 744 Ι,

234 1985 288 2011 ,51

308 763 355 798 761
374 771 428 796 sq.v
447 763 498 789 ubi
517 764 686 790 continetur
707 764 862 790 consilium
878 765 1078 797 quorumdam
1093 764 1302 797 magistrorum
1324 764 1434 790 Parisiis
1451 763 1622 797 degentium
1640 764 1676 789 ad
1691 764 1763 789 duas
1778 764 1959 797 quaestiones
1978 773 1993 790 a
2012 765 2085 791 duce

306 811 476 838 Brabantiae
490 812 660 846 propositas,
677 820 715 838 an
733 812 811 848 1319,
829 813 933 846 Aprilis
949 813 978 838 13
997 821 1004 838 :

379 871 392 884 ι(
408 860 461 886 Nos
489 861 574 894 Hugo
587 861 622 887 de
635 861 781 895 Bysontio,
797 863 898 888 cantor
914 862 1086 890 Parisiensis.
1099 861 1174 895 juris
1190 861 1344 895 utriusque
1360 862 1510 895 professor,
1527 861 1590 887 Odo
1607 861 1642 887 de
1658 861 1787 891 Senonis,
1806 862 2000 887 thesaurarius
2020 862 2083 887 Mel-

305 909 409 938 densis.
424 909 524 943 legum
539 911 692 943 professor,
708 911 855 937 Johannes
870 911 905 937 de
922 911 1086 940 Villa—rosa,
1104 910 1205 936 doctor
1218 910 1414 939 decretorum,
1431 911 1460 936 et
1476 910 1576 936 Petrus
1591 910 1626 936 de
1641 910 1842 940 Mortuomari,
1857 910 1957 943 legum
1972 910 2083 937 doctor.

304 958 460 984 canonicus
482 959 692 988 Ambianensis,
717 961 824 985 notum
846 959 968 985 facimus
990 959 1129 985 universis
1147 967 1200 984 nos
1222 958 1323 985 vidisse
1343 959 1505 992 quamdam
1522 959 1657 984 cedulam
1675 959 1829 991 signatam,
1852 960 1885 984 ut
1903 959 1998 992 prima
2015 959 2084 985 facie

304 1007 470 1040 apparebat,
494 1007 593 1040 sigillis
618 1008 738 1034 illustris
761 1008 900 1041 principis
928 1008 1009 1034 ducis
1030 1008 1182 1033 Brabantie
1210 1015 1242 1033 ac
1273 1008 1451 1033 honorabilis
1480 1007 1580 1040 oppidi
1611 1007 1812 1036 Bruxeliensis,
1836 1008 1866 1033 in
1889 1008 1994 1033 eflectu
2013 1007 2084 1033 duas

304 1056 469 1090 questiones
479 1064 537 1090 que
552 1059 718 1090 sequuntur
734 1057 855 1083 inferius
867 1057 1079 1085 continentem,
1091 1057 1127 1082 ad
1141 1064 1223 1090 quas,
1240 1058 1274 1082 ut
1291 1056 1322 1082 in
1335 1056 1466 1089 qualibet
1479 1064 1580 1082 earum
1596 1056 1739 1089 sequitur.
1753 1056 1893 1082 duximus
1908 1056 2081 1090 responden-

304 1105 387 1131 dum.
408 1105 505 1131 Primo
522 1106 558 1131 ad
576 1106 606 1131 id
620 1106 700 1139 quod
711 1106 846 1139 queritur
860 1114 897 1131 an
910 1106 1092 1140 (quaestiones
1103 1106 1263 1138 propositae
1276 1106 1385 1131 eaedem
1398 1106 1470 1134 sunl,
1487 1113 1519 1130 ac
1535 1105 1597 1130 illae
1608 1112 1661 1137 pro
1675 1105 1827 1139 theologis).

375 1163 389 1178 <t
405 1154 478 1180 Item
490 1154 526 1180 ad
539 1154 619 1180 aliud
633 1155 712 1188 quod
726 1154 853 1180 secundo
869 1155 1013 1188 queritur,
1028 1162 1065 1180 an
1070 1174 1124 1179 .....

377 1213 389 1225 ι(
406 1203 438 1228 111
449 1211 577 1236 quarum
593 1203 816 1237 responsionum
832 1204 1045 1232 testimonium,
1061 1211 1112 1229 nos
1127 1203 1230 1236 prefati
1246 1211 1297 1236 per
1309 1203 1443 1228 ordinem
1459 1203 1550 1235 sigilla
1566 1204 1663 1228 nostra
1675 1202 1814 1228 duximus
1825 1203 2007 1236 apponenda.

376 1262 388 1275 ιι
405 1251 458 1278 Nos
478 1252 564 1278 frater
580 1252 707 1278 Sihertus
722 1253 758 1278 de
776 1253 860 1282 Beka.
878 1253 946 1278 Ord.
966 1253 1046 1278 beate
1062 1252 1147 1278 Marie
1159 1252 1195 1278 de
1210 1252 1352 1281 Carmelo,
1367 1251 1550 1284 provincialis
1567 1251 1739 1279 Theutonie.
1758 1252 1886 1277 Renerus
1903 1252 2081 1277 Alemannus

304 1300 459 1326 canonicus
479 1301 673 1334 Trajectensis‚
690 1302 779 1327 frater
796 1301 943 1327 Johannes
957 1301 992 1327 de
1007 1301 1109 1329 Dunis.
1127 1301 1195 1326 Ord.
1217 1301 1345 1329 Cisterc.,
1362 1302 1391 1326 et
1401 1301 1488 1326 frater
1500 1300 1599 1325 Petrus
1614 1300 1734 1329 Aru-ioli,
1750 1299 1819 1325 Ord.
1839 1300 1903 1325 srat.
1919 1300 1999 1329 Min„
2016 1300 2081 1326 doc-

303 1350 379 1375 tores
394 1349 424 1374 in
439 1350 595 1383 theologia,
608 1352 675 1376 actu
689 1352 821 1383 regentes
836 1350 967 1379 Parisius,
986 1351 1091 1376 notum
1108 1349 1230 1375 facimus
1251 1349 1401 1378 universis,
1414 1356 1466 1374 nos
1483 1349 1582 1374 vidisse
1603 1349 1764 1382 quamdam
1780 1349 1914 1374 cedulam
1927 1349 2082 1381 signatam,

303 1399 337 1424 ut
360 1399 457 1431 prima
483 1399 552 1424 facie
567 1399 733 1432 apparebat,
759 1399 858 1432 sigillis
881 1399 1001 1437 illustris
1027 1398 1165 1432 principis
1185 1398 1266 1424 ducis
1281 1398 1444 1427 Brabantie,
1461 1406 1493 1423 ac
1510 1397 1688 1423 honorabilis
1710 1397 1810 1430 oppidi
1829 1398 2029 1427 Bruxellensis,
2050 1398 2081 1423 in

301 1448 406 1473 effectu
421 1447 492 1473 duas
507 1448 672 1481 questiones
684 1450 836 1481 sequentes
848 1448 1060 1476 continentem,
1073 1447 1109 1473 ad
1123 1455 1195 1480 quas
1210 1447 1248 1473 sic
1263 1447 1401 1472 duximus
1414 1446 1664 1479 respondendum.

374 1507 387 1519 «
405 1496 502 1522 Primo
517 1497 553 1522 ad
568 1496 598 1522 id
617 1497 698 1530 quod
713 1497 858 1530 queritur,
873 1505 909 1522 an
927 1504 995 1522 cum
1011 1496 1116 1529 aliquis
1139 1496 1227 1522 libere
1242 1496 1400 1521 confitetur
1415 1503 1512 1521 coram
1526 1495 1646 1520 scabinis
1659 1495 1782 1527 alicujus
1792 1495 1863 1520 certi
1878 1495 1932 1521 loci
1948 1503 1975 1521 se
1989 1495 2080 1521 teneri

299 1545 416 1571 cuidam
438 1545 591 1571 lombardo
606 1545 769 1575 mercatori,
787 1546 963 1578 plerumque
984 1553 1034 1571 seu
1054 1544 1253 1570 communiter
1268 1544 1352 1570 solito
1370 1545 1453 1570 senus
1476 1551 1622 1570 excercere
1639 1545 1667 1569 et
1682 1551 1768 1576 super
1786 1543 1841 1569 hoc
1864 1543 2023 1573 diffamato,
2049 1544 2079 1569 in

300 1596 420 1620 centum
439 1594 520 1620 libris
539 1594 582 1620 vel
600 1596 720 1620 centum
736 1594 840 1620 modiis
855 1594 1007 1623 frumenti,
1025 1594 1095 1620 dicti
1115 1593 1222 1619 scabini
1244 1601 1330 1626 super
1345 1593 1517 1626 hujusmodi
1536 1592 1734 1625 recognitione
1754 1593 1782 1618 et
1806 1592 1983 1618 confessione
2007 1593 2079 1618 dant

300 1643 409 1669 litteras
423 1643 630 1669 testimoniales
647 1643 745 1676 sigillis
761 1643 818 1668 suis
833 1643 977 1676 sigillatas.
994 1650 1031 1668 an
1048 1643 1178 1669 incidant
1197 1642 1227 1668 in
1246 1641 1556 1668 excommunicationis
1574 1641 1749 1667 sententiam
1768 1649 1819 1674 per
1839 1641 2079 1667 constitutionem

298 1693 344 1718 Ex
357 1691 437 1726 91·αυί
451 1692 494 1718 vel
507 1693 552 1717 Ex·
565 1691 665 1726 Grandi
679 1691 793 1717 domini
809 1691 966 1718 Clementis
980 1699 1053 1725 pape
1068 1691 1175 1724 quinti.
1193 1691 1223 1716 in
1239 1690 1360 1716 concilio
1376 1690 1531 1716 Viennensi
1545 1690 1677 1716 editum?
1691 1689 1836 1715 credimus
1841 1709 1894 1715 .....

371 1751 384 1764 ιι
401 1741 443 1766 Ad
465 1741 623 1767 secundam
638 1741 822 1774 questionem
837 1749 897 1774 qua
917 1741 1062 1773 queritur.
1088 1748 1125 1765 an
1145 1740 1267 1774 predicti
1287 1739 1395 1766 scabini
1412 1739 1641 1772 pronunciantes
1664 1739 1707 1764 vel
1726 1738 1890 1771 judicantes
1915 1738 2078 1764 secundum

299 1797 403 1816 eorum
422 1798 491 1815 usus
510 1791 538 1816 et
553 1789 787 1819 consuetudines,
805 1790 885 1823 quod
899 1789 1070 1822 hujusmodi
1086 1797 1292 1822 recognoscens
1309 1790 1425 1814 tenetur
1445 1797 1502 1822 que
1522 1788 1694 1821 promiserat
1713 1789 1741 1813 et
1762 1789 1967 1820 recognoverat
1984 1787 2079 1812 adim-

299 1839 377 1872 plere
390 1839 564 1864 sententiam
579 1838 889 1864 excommunicationis
905 1838 1075 1864 incurrant.³
1089 1838 1235 1864 credimus
1247 1838 1285 1863 sic
1301 1838 1538 1871 respondendum
1544 1856 1597 1865 .....

372 1897 385 1911 ιι
402 1888 510 1913 Datum
534 1887 655 1913 Parisius
676 1895 755 1913 anno
779 1887 898 1913 Domini
922 1887 1076 1913 millesimo
1105 1887 1305 1913 trecentesimo
1329 1886 1442 1912 decimo
1463 1894 1552 1915 nono,
1577 1892 1675 1911 mense
1695 1885 1798 1918 Aprilis
1824 1885 1870 1910 die
1886 1885 1994 1910 veneris
2013 1886 2078 1918 post

299 1936 539 1962 resurrectionem
553 1936 693 1969 ejusdem.
711 1945 724 1959 η

296 1994 319 2015 1,
336 1986 398 2011 1101.
413 1985 438 2010 3.
456 1985 569 2010 Evenus
584 1985 672 2010 Bohic
687 1992 783 2010 revera
799 1984 872 2010 alius
882 1986 923 2010 est
938 1986 1026 2017 atque
1042 1984 1182 2010 llenricus
1196 1984 1293 2009 Bohic.
1311 1984 1374 2009 Vid.
1389 1985 1461 2009 tom.
1479 1983 1525 2011 ΙΙΙ,
1540 1990 1569 2015 p.
1588 1982 1648 2016 439,
1667 1983 1727 2007 not.
1747 1991 1771 2007 2.

233 2054 238 2060 .
257 2034 317 2068 718,
334 2034 444 2059 additio
458 2034 495 2059 ad
510 2042 537 2066 p.
556 2034 616 2059 225.
634 2034 734 2059 Petrus
748 2033 859 2059 Aurioli
877 2044 889 2057 ιι
906 2033 984 2066 apud
1000 2033 1097 2059 sedem
1113 2034 1204 2065 apost.
1225 2033 1300 2058 viam
1319 2033 1413 2058 extitit
1434 2033 1565 2058 universe
1581 2031 1673 2057 carnis
1692 2031 1837 2064 ingressus
1854 2042 1878 2059 υ,
1893 2030 2074 2064 proindeque

298 2090 358 2108 non
374 2083 463 2116 Aquis
478 2082 632 2108 defunctus
646 2084 698 2108 est.

996 2161 1057 2192 AD
1088 2160 1201 2193 TOM.
1234 2161 1296 2191 ΙΙΙ.

209 2221 237 2246 Ρ.
253 2220 279 2250 8,
297 2222 358 2246 not.
376 2221 401 2249 Δ,
417 2221 475 2246 dele
492 2231 505 2244 «
521 2222 550 2246 et
568 2220 634 2246 1230
650 2230 674 2245 ».

208 2270 237 2295 P.
258 2278 299 2304 19,
316 2270 367 2295 1111.
383 2270 498 2299 ultima,
516 2270 565 2303 139,
583 2279 595 2292 κ
612 2269 784 2302 Estopafour
801 2279 824 2293 ».

208 2319 237 2344 P.
255 2318 298 2353 37,
316 2324 349 2344 11ο
371 2327 447 2352 1227,
464 2318 610 2344 Johannes
627 2318 726 2345 Peblis.
745 2318 835 2343 sactus
848 2319 888 2343 est
903 2318 987 2351 episc.
1006 2318 1216 2345 Dunkeldens„
1232 2318 1259 2342 et
1275 2324 1321 2341 an.
1343 2316 1418 2350 1379,
1436 2315 1537 2341 00101).
1559 2325 1599 2350 19,
1616 2315 1748 2348 promisit
1765 2323 1838 2340 cam.
1861 2316 1951 2348 apost.
1976 2315 2071 2348 (Arch.

295 2367 370 2397 Vat.v
388 2367 451 2393 Obl.
468 2367 554 2396 11043,
570 2368 588 2392 s.
606 2367 660 2400 60).

207 2417 237 2443 P.
252 2416 296 2446 lu,
311 2422 343 2442 n0
366 2416 442 2445 1230,
460 2418 521 2442 not.
540 2425 564 2441 2,
583 2416 631 2442 Ms.
651 2416 722 2441 Bibl.
739 2416 798 2441 Ars.
814 2416 885 2441 loco.
906 2426 918 2437 «
934 2415 1002 2441 alibi
1019 2426 1031 2439 υ
1048 2416 1131 2448 ponit
1149 2425 1161 2438 ιι
1178 2415 1238 2448 ipsa
1253 2424 1277 2444 ν),
1294 2414 1312 2439 i.
1330 2422 1353 2439 e.
1369 2425 1381 2436 ιι
1398 2414 1457 2446 ipsa
1469 2413 1537 2446 jura
1553 2413 1644 2438 civilia
1661 2423 1686 2442 »‚
1703 2413 1883 2446 proindeque
1901 2410 1990 2438 Peries
2012 2420 2071 2437 non

295 2465 429 2498 originali
442 2466 527 2491 Areh.
546 2467 617 2494 nat..
635 2467 668 2490 ut
683 2465 789 2493 asserit,
807 2465 854 2490 sed
870 2465 966 2490 codiee
983 2465 1124 2490 moderno
1140 2465 1212 2491 Ars..
1230 2471 1298 2488 usus
1314 2465 1365 2489 est.

207 2515 236 2540 P.
254 2515 297 2544 52,
314 2519 348 2540 n0
370 2514 447 2548 1237,
466 2516 527 2540 not.
549 2515 582 2540 In
602 2522 661 2539 una
682 2514 924 2539 membranarum
955 2514 1008 2539 hoc
1029 2521 1107 2538 anno
1131 2521 1146 2538 a
1167 2513 1239 2537 Bibl.
1262 2513 1321 2537 nat.
1350 2511 1435 2537 Paris.
1463 2512 1711 2544 comparatarum‚
1738 2510 1836 2535 Vitalis
1863 2510 1898 2535 (10
1919 2510 2069 2539 Prinhaco,

294 2565 395 2589 cantor
407 2563 474 2589 eccl.
493 2563 590 2592 Paris,
602 2571 649 2588 an.
668 2563 744 2589 1356.
759 2563 827 2588 Jun.
850 2563 889 2591 16,
905 2562 984 2587 (lom.
1001 2562 1159 2587 Guillelmo
1176 2560 1360 2589 Μαι-0501111111,
1374 2560 1478 2593 presb..
1493 2559 1615 2585 docendi
1629 2567 1734 2592 pueros
1753 2569 1765 2582 «
1781 2559 1811 2584 in
1824 2559 1904 2584 scolis
1921 2559 1956 2584 de
1972 2559 2068 2584 Truta-

294 2612 374 2638 naria
390 2622 403 2635 »
421 2612 488 2645 (vid.
503 2612 609 2641 Jaillot,
627 2611 802 2640 Reeherehes,
817 2613 870 2637 ete.
890 2620 896 2636 ι
912 2611 1039 2644 Quartier
1054 2611 1100 2636 cles
1113 2611 1215 2639 IIalles,
1230 2611 1263 2638 ΙΙ,
1276 2617 1304 2642 p.
1320 2609 1364 2643 36)
1377 2610 1549 2641 potestatem
1566 2608 1687 2634 confert.

206 2661 235 2686 P.
253 2661 296 2689 55.
314 2666 346 2686 n0
369 2661 463 2690 12382,
478 2661 529 2686 lin.
550 2670 572 2688 1.
590 2661 641 2695 189.
661 2671 673 2683 ιι
690 2660 816 2686 Johanni
829 2660 864 2685 de
879 2660 981 2686 Aciaeo
1000 2670 1023 2688 ».
1042 2667 1093 2692 pro
1111 2670 1124 2682 ιι
1141 2659 1284 2685 Grimerio
1298 2658 1436 2683 Bonisacii
1456 2668 1478 2681 η.

206 2710 235 2736 Ρ.
253 2709 296 2739 80,
313 2710 364 2735 1111.
382 2709 425 2738 28,
443 2710 493 2744 leq.
513 2720 525 2732 «
542 2709 701 2735 Wallerant
718 2720 742 2734 ».

206 2759 235 2784 P.
252 2767 295 2793 9ο,
312 2758 363 2784 lin.
377 2767 420 2788 2ο,
439 2759 488 2792 leq.
506 2768 519 2782 «
535 2758 645 2784 Avoisia
662 2770 686 2787 ι»,
703 2766 755 2792 pro
770 2768 783 2781 κ
797 2758 916 2784 Anorsia
934 2768 946 2781 »
964 2757 1029 2782 libri
1043 2756 1116 2782 ms²³.
1134 2756 1196 2781 vid.
1215 2764 1243 2789 p.
1259 2755 1319 2781 268.

206 2807 235 2832 P.
253 2815 296 2842 92,
313 2807 364 2832 1111.
382 2815 425 2836 22,
441 2809 492 2841 leq.
509 2807 595 2840 Eyke‚
613 2809 713 2832 contra
728 2807 802 2835 cod.;
819 2807 918 2836 lin.23‚
940 2807 990 2840 less.
1009 2805 1202 2833 Smontriem:
1220 2805 1270 2830 lin.
1289 2813 1331 2838 27.
1350 2804 1400 2838 199.
1419 2814 1432 2827 (ι
1449 2803 1626 2830 Gorinchem
1644 2810 1671 2830 »;
1689 2802 1740 2828 lin.
1757 2802 1788 2831 :5²4
1803 2811 1808 2827 z
1826 2802 1933 2830 Nellen.
1949 2802 2067 2827 Nellinc.

205 2856 235 2883 P.
253 2865 296 2891 97.
314 2857 377 2883 1101.
393 2855 476 2881 Liber
491 2856 572 2881 ms²¹¹⁵
585 2857 745 2882 conventus
761 2855 924 2881 Vindobon.
942 2856 974 2880 Ο.
994 2855 1023 2881 P.
1036 2862 1116 2880 nunc
1131 2854 1260 2886 signatus
1275 2855 1316 2879 est
1331 2858 1364 2878 110
1381 2852 1421 2879 13.
