2488 3386
185 323 280 360 1359]
598 335 645 356 AB
679 333 784 355 auno
818 333 949 355 mecon
983 332 1113 360 USQUE
1149 331 1196 352 Αι)
1232 332 1495 353 ΒεΝΕοιοτυΜ
1530 333 1619 354 Χιιι.
2004 325 2047 357 63

270 411 332 442 ΙΧ.
355 410 457 450 Item,
479 409 531 441 et¹
556 408 641 441 licet
660 407 754 440 idem
782 413 902 439 rector
927 406 974 439 sit
998 405 1044 438 ita
1072 411 1227 445 creatus,
1256 416 1328 436 non
1354 404 1400 437 ob
1422 404 1489 437 hoc
1510 412 1569 437 aut
1589 405 1676 437 alias
1698 406 1813 450 ipsius
1835 408 2044 452 suffragium

180 488 244 510 seu
265 488 334 509 vox
355 487 465 520 super
486 474 681 508 tractandis
706 480 741 506 et
762 472 1010 505 deliberandis
1038 471 1074 503 in
1102 471 1242 512 [artium
1270 471 1436 503 facultate
1465 477 1499 503 et
1525 472 1781 512 Universitate]
1803 474 2047 517 preponderat

180 549 240 575 aut
264 542 347 587 plus
372 542 513 574 confert
538 552 643 585 quam
672 538 890 584 quo[d]libet
916 538 1067 571 aliorum
1096 537 1352 581 magistrorum
1381 537 1592 581 suffragium
1619 537 1817 582 singulare,
1848 551 1911 571 seu
1941 552 2043 583 quam

180 615 260 641 ante
290 608 508 641 creationem
536 607 729 646 conferret,
753 605 915 650 quinimo
943 603 1050 637 habet
1075 603 1225 636 obedire
1253 607 1299 643 [et
1327 602 1455 643 subici]
1480 604 1705 647 procuratori
1733 616 1797 636 sue
1826 605 1982 637 nationis
2008 606 2044 638 in

180 675 325 707 natione
346 674 483 706 eadem.

267 741 311 773 X.
335 741 421 773 Item
445 746 480 772 et
501 739 644 784 quando
666 738 845 783 contingit
867 749 930 782 pro
952 737 1073 781 aliquo
1095 742 1194 769 certo
1216 735 1364 780 negotio
1381 735 1580 779 judicando
1601 736 1658 768 vel
1680 736 1882 769 ordinando
1904 737 2045 782 aliquos

179 807 374 852 magistros
409 805 615 838 facultatum
646 805 888 850 predictarum
923 803 1193 848 dep[utari2....]
1225 814 1305 835 cum
1336 808 1490 846 quatuor
1523 802 1821 846 procuratoribus
1854 804 2044 836 nacionum

181 873 274 906 dicte
301 872 480 905 facultatis
508 872 651 911 artium,
680 872 717 903 in
744 871 824 916 ipso
853 870 1001 915 negotio
1030 876 1167 914 prestat
1193 868 1310 901 solum
1332 869 1478 901 unicum
1501 869 1749 913 suffragium³,
1773 881 1838 901 nec
1860 869 1942 914 plus
1963 871 2045 903 facit

179 951 248 972 vox
279 943 355 980 [seu
387 939 611 983 suffragium]
639 938 801 982 ipsorum
832 937 1006 982 quinque,
1034 948 1139 981 quam
1168 935 1379 980 suffragium
1411 935 1529 967 solum
1551 935 1660 968 unius
1681 935 1845 980 magistri
1868 937 2046 969 medicine

179 1012 239 1038 aut
258 1005 486 1039 decretorum
509 1005 585 1038 sive
607 1004 791 1049 theologie
813 1004 850 1036 in
871 1004 950 1048 ipso
973 1003 1120 1048 negotio
1142 1002 1430 1047 deptttatortim'*.

223 1073 285 1105 XI.
310 1073 395 1104 Item
423 1078 459 1104 et
485 1071 595 1116 quod,
618 1071 762 1116 quando
789 1070 968 1114 contingit
992 1070 1111 1114 ipsum
1134 1075 1311 1101 rectorem
1333 1080 1412 1100 cum
1436 1074 1590 1112 quatuor
1612 1068 1909 1112 procuratoribus
1936 1069 2047 1102 iacul-

180 1139 261 1171 tatis
293 1139 422 1171 artium
454 1138 572 1182 aliqua
603 1137 783 1177 ordinare,
812 1149 881 1181 que
910 1136 1152 1169 communiter
1181 1141 1408 1167 concernunt
1437 1135 1516 1178 ejus
1547 1134 1716 1176 officium,
1750 1142 1784 1167 et
1814 1147 1896 1180 pars
1927 1135 2045 1180 aliqua

179 1205 222 1238 ab
262 1217 385 1237 eorum
415 1204 643 1237 ordinatione
679 1204 790 1236 sentit
819 1215 858 1236 se
889 1209 1084 1248 gravatam,
1110 1201 1154 1234 ab
1181 1201 1392 1246 hujusmodi
1428 1201 1657 1233 ordinatione
1689 1201 1733 1234 ad
1765 1202 2044 1235 Universitatem

179 1271 386 1304 recurrere⁵
408 1270 599 1303 consuevit
624 1277 659 1302 et
685 1282 749 1314 per
774 1270 887 1314 ipsam
911 1269 1204 1309 Universitatem,
1228 1268 1264 1300 in
1290 1280 1358 1312 qua
1381 1271 1489 1308 [sunt]
1511 1268 1675 1312 magistri
1696 1268 1916 1309 facultatum,
1940 1276 2046 1313 prout

179 1349 396 1382 unaqueque
418 1337 537 1382 potior
558 1343 613 1369 est
633 1336 700 1369 alia
721 1336 949 1381 prerogativa
976 1335 1107 1380 potiori
1129 1335 1262 1367 dicitur
1283 1341 1317 1366 et
1342 1333 1493 1374 honore,
1518 1341 1553 1366 ut
1581 1346 1689 1378 supra
1716 1341 1844 1367 tactum
1870 1342 1936 1376 est,
1962 1348 2048 1368 con-

179 1404 296 1437 suevit
318 1415 524 1448 gravamen,
547 1403 577 1436 si
599 1403 659 1443 sit,
682 1403 880 1447 repara¹·e⁶.

267 1471 347 1503 XII.
378 1471 464 1502 Item
494 1476 527 1502 et
556 1469 700 1514 quando
726 1469 906 1513 contingit
932 1469 1051 1513 ipsum
1080 1475 1255 1500 rectorem
1285 1468 1321 1500 in
1348 1479 1414 1500 suo
1442 1467 1559 1500 officio
1587 1467 1815 1512 delinquere,
1844 1468 1887 1500 de
1915 1469 2047 1501 delicto

179 1536 387 1582 hujusmodi
427 1536 616 1580 cognoscit
655 1536 731 1580 ipsa
772 1535 1012 1575 Universitas,
1050 1541 1085 1567 et
1119 1534 1148 1566 si
1180 1534 1337 1579 reperiat
1373 1534 1490 1578 ipsum
1532 1534 1726 1566 amotionis
1761 1541 1795 1567 et
1836 1535 2047 1579 privationis

181 1603 370 1648 [dign]um,
398 1609 539 1635 amovet
558 1609 664 1646 atque
690 1602 816 1646 privat.
844 1602 965 1646 Ipsum
989 1601 1094 1633 etiam
1117 1601 1268 1633 durante
1292 1607 1452 1644 tempore
1479 1612 1544 1632 sue
1573 1601 1740 1639 rectorie,
1764 1600 1846 1632 dum
1877 1613 1916 1633 sc
1942 1614 2047 1634 casus

180 1669 297 1710 offert,
321 1675 432 1702 mutat
453 1675 487 1701 et
513 1668 622 1701 alium
652 1667 827 1713 subrogat
847 1667 927 1700 loco
950 1668 1042 1711 ejus,
1067 1679 1210 1699 necnon
1231 1673 1264 1699 et
1285 1667 1329 1699 dc
1350 1666 1470 1699 causis
1491 1666 1624 1699 dictum
1649 1666 1804 1699 officium
1826 1679 2049 1700 concernen-

181 1735 291 1777 tibus,
321 1739 425 1776 [ante]
456 1735 574 1780 ipsum
602 1741 779 1767 rectorem
807 1734 926 1775 motis,
950 1734 1027 1778 ipsa
1056 1733 1284 1766 Universitas
1306 1739 1471 1777 tanquam
1496 1733 1664 1778 superior
1686 1740 1720 1766 et
1744 1734 1889 1766 (lomina
1910 1735 2046 1779 judicat

179 1810 214 1836 et
233 1802 435 1848 cognoscit.

268 1870 366 1902 XIII.
397 1870 484 1901 Item
511 1875 545 1901 et
571 1868 680 1913 quod,
713 1867 857 1912 quando
888 1879 953 1912 pro
979 1874 1078 1911 parte
1109 1867 1365 1900 Universitatis
1396 1879 1506 1912 super
1536 1868 1764 1911 promotione
1792 1869 2045 1913 magistrorum

180 1935 359 1980 ejusdem,
386 1935 532 1968 domino
559 1946 649 1979 pape
676 1946 739 1979 per
767 1933 919 1974 rotulos,
946 1940 984 1966 ut
1015 1933 1219 1974 consuevit,
1247 1933 1484 1978 supplicatur,
1507 1934 1543 1965 in
1565 1934 1695 1975 [dictis]
1723 1934 1852 1967 rotulis
1879 1942 1934 1968 est
1957 1936 2046 1968 ordo

180 2001 378 2047 prioritatis
395 2008 429 2034 et
450 2001 743 2046 posterioritatis,
768 2007 890 2045 utpote
911 2000 993 2045 quia
1015 2000 1051 2032 in
1073 1999 1191 2032 rotulo
1209 1999 1405 2044 cujuslibet
1421 2000 1599 2032 facultatis
1617 2000 1867 2034 inscribuntur
1884 2003 2046 2046 magistri

180 2068 380 2101 secundum
402 2067 663 2111 antiquitatem,
687 2071 731 2107 [et
753 2067 990 2111 antiquiores]
1014 2072 1285 2111 preponuntur,
1313 2078 1455 2098 necnon
1482 2073 1517 2099 et
1538 2067 1647 2099 rotuli
1668 2067 1762 2100 inter
1783 2079 1822 2100 se
1839 2069 1988 2112 gradum
2013 2076 2046 2101 ct

180 2134 345 2167 ordinem
375 2133 521 2174 habent,
550 2146 630 2166 nam
671 2133 899 2165 decretorum
931 2139 964 2165 et
994 2132 1217 2165 medicorum
1246 2144 1284 2165 ac
1320 2133 1523 2165 artistarum
1557 2133 1860 2178 supplicationum
1890 2135 2044 2177 [rotulis]

180 2200 364 2245 theologie
386 2200 527 2233 rotulus
548 2200 740 2244 prefertur.
763 2201 1046 2243 Verumptamen
1072 2199 1189 2243 ipsius
1215 2199 1367 2231 rectoris
1389 2199 1605 2244 supplicatio
1632 2212 1813 2245 nunquam
1841 2202 1934 2234 inter
1961 2214 2045 2246 sup-

179 2267 392 2312 plicationes
422 2266 629 2299 facultatum
662 2265 859 2310 theologie,
897 2265 1125 2297 decretorum
1163 2272 1197 2297 et
1224 2265 1459 2305 [medicorum
1491 2266 1714 2307 inscribitur]
1742 2274 1800 2300 aut
1833 2269 2046 2313 preponitur

180 2333 331 2374 eisdem,
353 2345 434 2378 ymo
456 2333 674 2377 quandoque
696 2333 790 2365 inter
811 2331 1097 2376 supplicationes
1126 2343 1190 2364 sue
1221 2331 1399 2364 facultatis
1425 2332 1553 2364 artium
1580 2333 1804 2372 inscribitur,
1828 2335 2045 2379 quandoque

179 2412 264 2433 vero
288 2399 407 2441 [habet
427 2399 729 2444 supplicationem
752 2398 959 2443 propriam}

268 2467 385 2498 XIIII.
405 2467 491 2498 Item
511 2472 545 2499 et
562 2466 672 2510 quod,
692 2465 836 2510 quando
854 2476 960 2497 casus
978 2464 1135 2497 occurrit
1152 2471 1301 2509 propter
1318 2476 1423 2509 quem
1442 2464 1535 2497 dicta
1553 2466 1779 2499 Universitas
1796 2468 1886 2500 adiri
1904 2469 2046 2501 ordinat

180 2533 364 2565 dominum
388 2545 525 2577 papam,
549 2533 733 2565 dominum
756 2544 878 2577 regem
902 2531 1050 2563 Francie
1071 2537 1131 2563 aut
1155 2534 1433 2575 quem[cumque
1463 2531 1675 2576 principem]
1702 2533 1809 2565 alium
1843 2546 1906 2566 scu
1930 2535 2045 2579 prela-

181 2606 267 2640 tum,
295 2599 382 2631 certi
412 2599 575 2643 magistri
602 2598 798 2643 cujuslibet
828 2597 1006 2630 facultatis
1032 2597 1197 2642 deputari
1227 2604 1496 2630 consueverunt
1524 2610 1588 2642 pro
1615 2600 1831 2643 exponendo
1853 2612 1936 2633 casu
1965 2614 2045 2645 pre—

180 2665 287 2698 dicto.
307 2666 442 2699 Verum
469 2672 524 2698 est
549 2672 680 2706 autem,
712 2665 809 2709 quod
838 2664 933 2697 idem
964 2664 1176 2708 [negotium]
1200 2675 1264 2696 seu
1286 2675 1392 2696 casus
1414 2676 1596 2708 nunquam
1619 2666 1810 2698 consuevit
1830 2667 1960 2710 exponi
1982 2680 2045 2711 per

180 2731 298 2776 ipsum
330 2738 520 2772 rectorem,
543 2731 629 2764 licet
655 2732 691 2763 in
714 2731 947 2776 deputatione
974 2730 1184 2774 hujusmodi
1206 2730 1361 2770 intersit,
1391 2742 1457 2762 nec
1486 2730 1570 2762 inde
1597 2743 1660 2775 per
1686 2731 1798 2775 ipsam
1828 2733 2044 2766 Universua-

181 2804 251 2830 tem
275 2798 432 2838 one[rari
455 2802 519 2839 ...],
543 2798 704 2842 quinimo
727 2810 791 2842 per
813 2797 1023 2842 magistrum
1051 2796 1276 2841 theologum,
1300 2797 1330 2829 si
1352 2796 1398 2829 sit
1423 2796 1472 2828 ibi
1495 2808 1660 2841 presens,
1684 2798 1893 2842 exponitur3
1917 2799 1990 2843 qui,
2014 2800 2043 2832 si

182 2876 254 2896 non
284 2871 382 2897 esset
410 2876 576 2909 presens,
607 2871 691 2897 tunc
717 2865 753 2896 in
784 2863 1011 2908 expositione
1050 2863 1259 2907 hujusmodi
1301 2863 1512 2895 succederet
1550 2863 1755 2904 decretista,
1792 2864 1851 2907 qui
1883 2871 1965 2896 tunc
1996 2866 2042 2905 [in
