2488 3386
436 356 501 388 348
1011 361 1328 384 CHARTULARIUM
1363 359 1553 381 emmens.
1589 358 1720 380 mnis.
2200 344 2299 380 [1385

523 438 627 465 Relatio
640 437 779 463 historiae.
796 437 850 462 An.
868 437 980 466 eodem,
994 437 1084 470 April.
1102 444 1145 466 20,
1162 435 1284 461 Jacobus
1300 434 1456 463 Preudoul,
1471 433 1612 462 notarius,
1628 433 1665 459 ad
1679 433 1845 465 requestam
1861 431 1937 457 Petri
1951 431 1987 457 de
2002 431 2112 464 Boyaco
2126 433 2155 457 et
2169 431 2299 458 Auffredi

437 487 522 520 Saisy‚
540 486 719 512 sindicorum
732 486 860 512 Univers.
878 486 976 515 Paris,
995 485 1109 511 accessit
1128 484 1164 510 ad
1182 484 1308 509 domum
1327 482 1469 509 Johannis
1488 481 1671 511 Blanchardi,
1695 481 1793 514 ipsum
1813 480 1904 506 citans
1922 480 1958 506 ad
1982 480 2048 506 Maii
2072 488 2113 505 12.
2129 480 2240 506 Deinde
2263 480 2299 506 ad

434 536 600 561 Johannem
615 535 650 561 de
665 535 753 564 Valle,
767 535 920 560 officialem
935 533 1106 563 cancellarii,
1124 535 1152 559 et
1168 533 1350 565 Stephanum
1366 532 1393 557 la
1408 531 1505 559 Caille.
1523 530 1674 556 notarium
1688 529 1827 558 officialis.
1844 530 1989 562 tanquam
2007 530 2209 562 procuratores
2228 536 2298 555 can-

435 584 550 613 cellarii,
567 584 619 617 qui
633 584 770 609 dixerunt
786 594 800 607 «
816 583 896 616 quod
912 590 971 608 non
986 584 1069 608 erant
1082 583 1283 614 procuratores
1298 588 1350 606 nec
1371 587 1398 605 se
1419 579 1658 605 intromittebant
1671 578 1707 605 de
1722 578 1848 611 negociis
1862 577 1920 603 suis
1934 579 2035 603 contra
2050 577 2210 610 predictam
2225 577 2298 603 Uni-

435 633 599 658 versitatem
613 642 638 657 n.
656 633 754 658 Postea
775 632 888 658 accessit
912 631 948 657 ad
970 632 1090 657 Petrum
1112 630 1203 658 Plaul.
1225 628 1496 658 subcancellarium‚
1518 628 1668 654 Nicolaum
1685 627 1721 653 de
1733 627 1946 656 Vaudemonte,
1963 626 2158 652 Guillelmum
2175 626 2298 656 Gorren,

436 681 600 707 Johannem
625 681 747 710 Hoklen,
764 682 951 713 temptatores
972 681 1000 705 et
1023 679 1233 705 examinatores
1255 685 1308 710 pro
1330 676 1510 703 cancellario.
1535 676 1601 702 Maii
1627 685 1656 701 12
1680 676 1910 709 comparuerunt
1931 675 2078 701 Johannes
2097 675 2253 701 Blanchart
2271 677 2300 701 et

436 730 535 755 Petrus
551 729 641 758 Plaul,
655 731 785 762 petentes
798 728 1034 754 distributionem
1049 727 1160 753 consilii
1173 729 1201 752 et
1216 728 1451 759 procuratorum,
1468 735 1480 749 «
1497 733 1567 751 cum
1582 725 1702 750 nullum
1716 724 1872 758 reperiant,
1886 724 1938 757 qui
1953 731 2057 750 eorum
2070 731 2187 750 causam
2201 725 2298 757 postu-

435 778 493 804 lare
508 779 536 804 et
555 777 691 811 prosequi
708 777 792 803 vellet
806 778 906 803 contra
921 776 1140 802 Universitatem
1160 775 1330 808 predictam,
1348 782 1381 800 eo
1396 774 1466 807 quia
1482 774 1518 799 de
1533 775 1713 799 sacramento
1741 772 1939 799 Universitatis
1954 780 1982 798 se
1996 772 2056 798 fore
2070 773 2203 798 asserunt
2216 779 2298 798 excu-

435 828 565 852 santes».
583 826 741 852 Cardinalis
754 825 904 858 assignavit
920 825 997 850 diem
1012 824 1078 850 Maii
1100 833 1130 858 17
1146 824 1264 856 utrique
1279 823 1364 856 parti,
1381 830 1530 848 assumens
1550 822 1602 848 sibi
1625 822 1657 848 in
1678 829 1846 848 assessorem
1868 821 2063 847 Guillelmum
2084 820 2120 847 de
2142 820 2298 848 Gandiaco.

434 875 534 907 legum
549 875 708 904 doctorem,
723 874 822 900 decan.
837 874 999 899 Ebroicens.

524 923 588 948 Maii
606 923 636 948 15
650 923 751 948 sindici
766 922 961 948 Universitatis
975 922 1193 954 proposuerunt
1208 928 1305 946 coram
1320 919 1527 949 commissario,
1545 927 1614 945 cum
1638 919 1776 953 magister
1797 918 1961 945 Bernardus
1982 918 2018 944 de
2042 918 2210 948 Boscarello,
2227 917 2296 944 Ord.

435 972 545 1000 Praed.,
558 979 634 1004 mag.
647 972 678 996 in
690 972 790 999 theol.,
805 971 841 996 ad
851 972 946 1003 partes
959 971 1084 996 remotas
1096 969 1227 995 recedere
1238 969 1350 998 debeat,
1362 968 1413 994 uhi
1424 976 1545 1002 guerrae
1558 968 1666 1001 vigent.
1680 978 1693 991 «
1708 968 1792 1001 cujus
1803 967 1972 994 testimonio
1979 967 2080 1000 juvare
2096 974 2124 993 se
2138 967 2300 993 intendunt

433 1021 464 1046 in
479 1021 686 1046 informatione
700 1028 751 1053 per
764 1020 843 1045 dom.
861 1019 1038 1045 cardinalem
1058 1018 1187 1044 facienda
1202 1028 1226 1047 »,
1244 1018 1427 1051 proindeque
1442 1017 1547 1044 citetur
1561 1017 1598 1043 ad
1617 1017 1751 1043 dandum
1770 1016 1974 1043 testimonium
1991 1015 2114 1042 veritati.
2130 1016 2238 1042 Eadem
2252 1015 2299 1042 die

433 1069 584 1094 cardinalis
599 1069 802 1095 tabellionibus
816 1068 937 1101 aliisque
951 1068 1091 1101 injungit.
1108 1069 1142 1092 ut
1157 1067 1339 1093 Bernardum
1354 1066 1445 1092 citent
1459 1066 1496 1092 ad
1510 1066 1588 1092 diem
1608 1066 1673 1092 Maii
1692 1066 1732 1096 16,
1750 1066 1819 1092 hora
1841 1067 1945 1099 quarta
1969 1066 2034 1098 post
2055 1064 2222 1094 meridiem;
2246 1065 2298 1098 qui

432 1119 532 1143 tamen
545 1117 598 1143 ista
613 1118 684 1142 hora
697 1124 863 1150 comparere
876 1125 935 1142 non
949 1116 1055 1150 potuit,
1070 1124 1123 1142 nec
1137 1117 1244 1149 postea.

521 1166 584 1191 Maii
603 1175 632 1200 ¹7
646 1165 798 1191 cardinalis
812 1165 963 1198 prohibuit
979 1173 1014 1191 ne
1034 1172 1093 1190 una
1107 1172 1173 1198 pars
1187 1164 1269 1190 alteri
1284 1164 1406 1198 injurias
1421 1163 1507 1190 verbo
1522 1163 1567 1190 vel
1581 1164 1656 1189 facto
1672 1163 1764 1189 facere
1778 1164 1954 1196 praesumat.
1971 1161 2146 1188 Universitas
2160 1161 2191 1187 in
2205 1162 2296 1188 advo-

431 1215 507 1240 catos
522 1215 550 1240 et
564 1214 738 1240 consiliarios
753 1222 830 1247 mag.
847 1214 965 1240 Petrum
977 1213 1093 1242 Forteti.
1108 1213 1253 1239 decanum
1265 1213 1443 1243 Nivernens..
1457 1214 1486 1238 et
1500 1220 1578 1245 mag.
1594 1211 1788 1238 Guillelmum
1803 1211 1840 1238 de
1853 1211 1979 1238 Marchia
1993 1219 2045 1245 per
2059 1210 2297 1238 distributionem

431 1263 546 1296 recepit,
561 1263 747 1289 cancellarius
761 1270 827 1288 vero
842 1263 994 1288 Odardum
1009 1262 1044 1288 de
1063 1262 1186 1291 Molinis.
1203 1262 1394 1295 Radulphum
1409 1261 1445 1288 de
1464 1261 1603 1287 Ulmonte
1621 1262 1650 1287 et
1669 1260 1797 1294 priorem
1815 1261 1983 1287 Carnotens.
1995 1259 2018 1290 ';
2035 1259 2143 1293 quibus
2157 1259 2297 1293 replican-

430 1311 507 1337 tibus
525 1311 600 1345 ipsos
618 1313 652 1337 ut
669 1312 781 1344 juratos
795 1311 992 1337 Universitatis
1011 1319 1072 1337 non
1088 1318 1168 1344 posse
1182 1319 1240 1337 esse
1256 1310 1408 1336 advocatos
1428 1309 1600 1339 cancellarii,
1617 1309 1770 1335 cardinalis
1787 1309 1918 1335 obtinuit
1932 1310 1967 1335 ut
1988 1316 2004 1335 a
2016 1309 2187 1342 juramento
2202 1308 2295 1335 solve-

431 1361 543 1386 rentur.

518 1409 582 1434 Maii
600 1409 631 1434 18
645 1410 739 1434 rector
754 1409 949 1434 Universitatis
970 1417 1039 1435 cum
1062 1409 1145 1434 certis
1168 1408 1322 1442 deputatis*
1333 1409 1362 1434 et
1380 1408 1441 1433 duo
1460 1407 1562 1434 sindici
1582 1417 1595 1431 «
1610 1407 1809 1434 exhibuerunt
1830 1407 2027 1433 commissario
2042 1406 2296 1440 extrajudicialiter

429 1457 588 1490 quemdam
610 1457 720 1482 librum
737 1458 933 1483 Universitatis
950 1458 1100 1491 copiarum
1120 1458 1319 1491 quarumdam
1337 1457 1489 1482 bullarum
1504 1458 1533 1483 et
1551 1456 1676 1482 aliarum
1697 1456 1863 1482 litterarum
1879 1456 2086 1485 Universitatis,
2109 1456 2140 1481 in
2160 1463 2221 1489 quo
2234 1454 2296 1481 erat

429 1505 504 1531 inter
518 1506 586 1531 alias
600 1506 694 1539 copias
708 1506 789 1539 copia
804 1506 955 1539 cujusdam
971 1506 1050 1532 bulle
1065 1507 1100 1532 fe.
1115 1514 1155 1532 re.
1173 1506 1304 1539 Gregorii
1318 1515 1331 1530 »
1348 1505 1465 1540 (Parens
1479 1505 1674 1540 scientiarum).

517 1554 582 1580 Maii
598 1563 629 1579 22
645 1555 790 1580 Ausi-edus
810 1555 886 1588 Saisy
908 1557 1079 1588 procurator
1092 1555 1290 1581 Universitatis
1309 1555 1484 1588 comparuit,
1502 1554 1632 1580 minime
1646 1555 1746 1580 tamen
1765 1553 1963 1583 cancellarius,
1979 1561 2033 1580 nec
2055 1553 2161 1587 aliquis
2181 1553 2218 1579 de
2237 1552 2296 1579 suis

429 1603 604 1629 consiliariis.

522 1691 598 1714 Arch.
612 1691 670 1714 vat.
689 1690 794 1715 Collect.
812 1695 841 1713 n⁰
855 1691 909 1721 440,
924 1691 969 1714 sol.
985 1691 1054 1714 8-21.

520 1774 544 1798 1.
559 1774 705 1798 Johannem
720 1775 751 1797 de
766 1775 919 1798 Burnasello
934 1783 980 1798 seu
996 1775 1139 1798 Bournazel
1158 1775 1219 1805 (vid.
1235 1783 1317 1806 supra
1334 1783 1360 1806 p.
1378 1776 1442 1805 206),
1459 1776 1504 1807 qui
1520 1776 1569 1799 fuit
1582 1776 1657 1807 prior
1669 1775 1803 1807 prioratus
1821 1776 1846 1798 S.
1865 1774 1971 1798 Martini
1986 1774 2012 1797 in
2027 1774 2109 1802 Valle,
2129 1774 2234 1797 Can-not.

432 1958 571 1996 1510.
596 1968 711 2004 Syndici
739 1969 936 1995 Universitatis
960 1969 1038 1995 card.
1058 1969 1243 1995 Laudunensi
1269 1969 1388 1995 tradunt
1410 1969 1549 1996 articulos
1572 1972 1672 1995 contra
1694 1968 1910 2003 cancellarium,
1935 1971 1963 1994 et
1984 1967 2177 1993 cancellarius
2200 1965 2291 1992 tradit

514 2017 765 2053 supplicationem.

1671 2068 1744 2097 1385,
1760 2067 1821 2093 Maii
1831 2067 1876 2096 25,
1893 2066 2006 2093 Parlslie.

515 2163 654 2197 Deinde
670 2175 756 2196 vero
776 2175 869 2195 anno
892 2175 962 2208 quo
985 2175 1106 2208 supra,
1126 2164 1182 2196 die
1203 2176 1271 2197 xxv
1288 2164 1374 2197 dicti
1395 2165 1533 2198 mensis
1554 2164 1650 2206 Maii,
1670 2164 1777 2197 dictis
1798 2163 1962 2209 partibus
1983 2163 2020 2195 in
2036 2162 2177 2207 judicio
2198 2173 2292 2195 com-

427 2229 650 2273 parentibus,
682 2229 813 2262 sindici
848 2230 1009 2274 predicte
1042 2230 1297 2263 Universitatis
1331 2230 1527 2264 sindicario
1560 2231 1707 2264 nomine
1741 2237 1776 2263 et
1808 2242 1874 2275 pro
1904 2236 2004 2275 parte
2034 2228 2290 2262 Universitatis

427 2294 588 2338 ejusdem
620 2302 876 2339 presentarunt
908 2303 943 2328 et
973 2296 1208 2341 assignarunt
1239 2297 1402 2341 predicto
1434 2297 1580 2330 domino
1613 2296 1788 2330 cardinali
1817 2295 2068 2329 commissario
2100 2293 2290 2339 recipienti

426 2361 596 2393 articulos
627 2373 726 2402 suos,
755 2373 847 2406 quos
873 2362 1031 2395 secunda
1061 2362 1119 2395 die
1151 2363 1319 2396 instantis
1349 2364 1486 2396 mensis
1514 2364 1612 2397 Junii
1643 2363 1825 2396 debebant
1855 2362 2012 2403 tradere,
2040 2360 2289 2406 preveniendo

427 2427 556 2459 dictam
578 2427 684 2459 diem.
711 2428 826 2472 Super
846 2428 978 2472 quibus
1000 2428 1161 2462 articulis
1182 2429 1353 2474 petebant
1372 2431 1568 2463 examinari
1589 2437 1704 2463 testes
1726 2441 1790 2475 per
1811 2441 1875 2462 eos
1896 2427 2167 2474 producendos.
2190 2427 2289 2470 Quo-

426 2504 505 2525 ruin
525 2492 758 2525 articulorum
779 2500 883 2526 tenor
903 2495 1055 2527 inferius
1072 2502 1128 2528 est
1148 2496 1322 2529 insertus.

515 2559 562 2591 Et
583 2558 699 2591 dictus
724 2560 960 2593 cancellarius
988 2561 1134 2593 tradidit
1154 2568 1189 2595 et
1208 2563 1429 2607 presentavit
1456 2563 1574 2596 eidem
1603 2563 1750 2596 domino
1777 2562 1954 2607 quandam
1977 2559 2286 2605 supplicacionem

427 2635 540 2665 suam,
563 2625 599 2656 in
626 2636 694 2669 qua
715 2625 856 2658 dicebat
881 2627 977 2670 quod
1004 2626 1083 2671 ipse
1104 2634 1240 2672 partem
1258 2629 1472 2662 intentionis
1493 2641 1558 2662 sue
1580 2629 1822 2674 [exponebat]‚
1844 2640 1925 2661 cum
1946 2627 2106 2660 nesciret
2126 2626 2178 2659 sic
2194 2625 2288 2659 bene

425 2690 537 2724 verbo
554 2691 769 2735 exprimere,
787 2698 822 2724 et
838 2692 1018 2725 dubitaret
1037 2693 1074 2725 in
1095 2693 1285 2738 loquendo>
1302 2695 1471 2728 deficere.
1488 2698 1539 2728 De
1556 2708 1624 2741 qua
1642 2696 1788 2742 quidem
1805 2694 2078 2740 supplicacione
2098 2693 2290 2738 pecierunt

425 2756 511 2789 dicti
531 2756 661 2789 sindici
679 2757 830 2801 copiam,
848 2765 1090 2802 protestantes
1108 2760 1151 2792 de
1168 2760 1323 2793 dicendo
1340 2769 1463 2794 contra
1481 2774 1570 2804 eain,
1590 2763 1621 2795 si
1637 2769 1672 2795 et
1688 2763 1724 2795 in
1742 2768 1914 2807 quantum
1934 2760 2043 2794 faciet
2061 2765 2186 2792 contra
2205 2769 2287 2804 pre-

425 2822 553 2855 dictam
576 2823 868 2857 Universitatem.
892 2825 1004 2869 Cujus
1026 2826 1308 2870 supplicacionis
1329 2834 1433 2860 tenor
1454 2829 1559 2862 etiam
1581 2829 1734 2862 inferius
1755 2835 1811 2862 est
1830 2828 2005 2861 insertus.

513 2888 653 2931 Quibus
679 2889 731 2922 sic
756 2890 896 2923 traditis
925 2891 1042 2924 dictus
1069 2892 1237 2925 dominus
1259 2894 1452 2927 cardinalis
1479 2895 1754 2928 commissarius
1780 2894 1980 2939 assignavit
2004 2893 2096 2938 ipsis
2122 2890 2285 2937 partibus
