2488 3386
458 365 521 396 642
1278 370 1496 393 ΑΡΡΕΝΜΧ.

456 447 598 473 facultatis
613 447 802 472 Decretorum
818 447 895 472 illesa
910 448 938 472 et
953 446 1054 473 illesas.
1071 445 1289 478 exibebuntque
1304 444 1507 473 reverentiam,
1524 444 1721 470 obedientiam
1737 446 1765 471 et
1781 445 1924 470 honorem
1940 443 2023 469 dictis
2037 443 2147 470 decano
2160 445 2189 470 et
2203 444 2323 478 collegio

454 504 486 522 ac
499 496 619 528 singulis
634 495 799 521 doctoribus
814 495 889 521 dicte
904 495 1048 520 facultatis
1061 496 1121 520 tam
1137 494 1319 527 presentibus
1334 501 1425 527 quam
1439 493 1556 522 futuris,
1567 493 1606 519 'ad
1618 501 1840 527 quemcumque
1856 494 1966 519 statum
1981 492 2161 519 devenerint.

542 544 582 578 (5)
595 545 668 570 Item
683 544 774 569 vocati
790 551 840 577 per
855 544 998 570 bidellum
1013 543 1056 569 vel
1072 543 1269 577 subbidellum
1290 542 1443 571 facultatis,
1460 542 1549 568 etiam
1564 549 1598 568 ex
1617 542 1677 568 solo
1692 542 1752 568 vive
1766 542 1840 568 vocis
1855 542 1982 570 oraculo,
1999 549 2097 567 coram
2117 541 2200 568 dictis
2214 542 2323 569 decano

454 595 479 618 01
496 593 616 625 collegio
631 593 797 626 responsuri
810 592 1024 626 comparebunt
1038 592 1227 625 personaliter
1242 593 1269 617 et
1283 591 1451 624 objiciendis
1464 598 1496 616 ac
1511 591 1642 624 petendis
1655 591 1885 624 respondebunt,
1899 590 1959 624 juri
1974 590 2087 616 stando.

542 641 580 675 (6)
596 641 686 667 Item3
702 649 760 666 non
776 641 897 667 audient
908 641 975 674 jura
991 641 1129 666 canonica
1144 641 1222 666 extra
1238 640 1335 665 vicum
1349 639 1438 665 clausi
1453 639 1594 669 Brunelli‚
1612 640 1666 665 nisi
1678 640 1763 673 juxta
1775 640 1996 673 dispositionem
2012 640 2164 665 facultatis.

542 690 580 724 (7)
596 691 668 716 Item
684 690 831 716 studentes
844 690 874 715 in
889 690 965 715 dicta
980 690 1116 716 facultate
1130 690 1329 718 Decretorum,
1346 688 1367 714 si
1382 696 1605 722 quamcumque
1620 690 1721 722 petant
1736 689 1860 722 gratiam
1873 696 1889 714 a
1904 688 2050 718 facultate,
2066 690 2227 722 antequam
2241 689 2323 714 illam

452 739 612 768 obtineant,
626 739 771 772 jurabunt
786 739 899 764 exibere
918 738 1123 767 obedientiam,
1141 737 1333 763 rex-erentiam
1353 738 1381 763 et
1400 737 1544 763 honorem
1566 737 1675 763 decano
1694 739 1723 764 et
1745 737 1865 770 collegio
1880 745 1912 763 ac
1931 737 2051 770 singulis
2066 737 2233 764 doctoribus
2247 737 2323 764 dicte

454 787 605 816 facultatis.
621 789 682 813 tam
698 788 880 820 presentibus
893 796 983 820 quam
1000 787 1115 812 futuris.

540 835 580 870 (8)
595 837 668 862 Item
684 836 783 861 nullus
798 835 948 861 invitabit⁴
964 843 1013 861 seu
1033 835 1184 861 advocabit
1203 835 1333 868 aliquem
1353 834 1493 861 scolarem
1508 836 1666 868 postquam
1682 835 1808 861 doctoris
1827 835 1915 861 scolas
1930 835 1974 861 vel
1997 835 2147 861 baccalarii
2171 835 2323 861 intraverit

452 885 506 911 sub
521 893 595 918 pena
611 885 791 911 resecationis
806 886 834 911 et
849 885 979 918 perjurii.

540 934 578 968 (9)
594 934 684 959 ltemti
699 934 779 966 quod
795 934 847 967 ipsi
863 933 988 959 habeant
1003 934 1118 966 portare
1131 933 1220 958 vestes
1234 933 1368 958 honestas
1379 933 1408 958 et
1417 932 1551 958 decentes
1565 933 1594 959 et
1609 932 1721 962 talares.
1740 940 1800 958 non
1816 932 1960 966 gorgiatas
1974 933 2031 959 sive
2045 934 2158 966 apertas
2173 934 2202 959 et
2214 940 2248 959 ex
2258 933 2320 959 toto

450 982 481 1008 in
496 984 578 1016 parte
592 982 728 1008 anteriori
747 983 831 1011 fissas,
848 989 944 1014 neque
959 982 1047 1007 etiam
1062 982 1092 1007 in
1106 981 1247 1014 superiori
1263 983 1344 1014 parte
1360 981 1438 1006 fissas
1451 981 1494 1007 vel
1509 981 1540 1007 in
1555 981 1654 1007 coletis
1666 982 1788 1015 apertas.
1806 981 1841 1007 Et
1855 981 1936 1015 quod
1950 989 2010 1007 non
2025 981 2167 1007 defferant
2181 981 2321 1008 sotulares

448 1033 585 1057 rostratos
597 1038 646 1057 seu
663 1032 839 1059 fenestratos,
857 1031 971 1063 calligas
986 1030 1090 1056 rubeas
1102 1030 1146 1056 vel
1160 1030 1288 1060 soleatas,
1306 1037 1402 1063 neque
1417 1030 1534 1063 caputia
1549 1030 1657 1056 nodata
1671 1031 1723 1055 aut
1735 1038 1804 1056 cum
1820 1030 1969 1056 borrelctis
1986 1030 2030 1056 vel
2042 1030 2183 1063 gippones
2197 1031 2249 1056 aut
2269 1030 2319 1056 in-

447 1079 589 1106 dumenta
600 1080 722 1113 gibbum
736 1087 822 1112 supra
837 1079 963 1112 spatulas
979 1079 1117 1105 habentes
1132 1079 1175 1105 vel
1189 1079 1336 1108 habentIa,
1349 1086 1397 1104 seu
1411 1080 1563 1112 pompetas
1578 1080 1629 1104 aut
1642 1079 1712 1104 alios
1727 1079 1845 1105 habitus
1859 1080 1911 1104 aut
1926 1079 2034 1105 colores
2047 1087 2216 1113 pannorum
2229 1087 2245 1105 a
2253 1079 2319 1113 jure

450 1129 621 1161 prohibitos.

536 1176 592 1211 (10)
608 1178 680 1202 Item
702 1177 782 1210 qnod
802 1177 925 1210 religiosi
947 1175 982 1202 8¹¹
1000 1177 1146 1202 Benedicti
1162 1176 1314 1202 habebunt
1329 1176 1441 1202 deferre
1456 1176 1566 1202 flocum
1582 1184 1651 1202 cum
1667 1176 1771 1202 cucula
1786 1176 1829 1202 vel
1849 1184 1951 1210 capam
1971 1176 2099 1202 clausam
2119 1184 2188 1203 cum
2203 1176 2317 1206 cucula,

448 1233 507 1251 non
522 1226 698 1251 mantellum
714 1233 762 1251 scu
778 1226 977 1254 rotondelum.
994 1226 1048 1251 nisi
1065 1226 1160 1251 forsan
1175 1226 1358 1259 contingeret
1371 1226 1446 1259 ipsos
1461 1227 1539 1252 extra
1555 1226 1653 1251 villam
1669 1225 1820 1258 proficisci.
1835 1225 1925 1251 Ceteri
1942 1233 2009 1251 vero
2023 1225 2147 1259 religiosi
2163 1227 2319 1252 teneantur

446 1275 556 1301 deferre
571 1282 672 1308 capam
688 1275 731 1300 vel
746 1275 873 1300 alterum
888 1274 1056 1308 religiosum
1073 1274 1209 1300 habitum
1225 1275 1389 1300 secundum
1405 1274 1632 1301 consuetudines
1647 1275 1690 1300 vel
1705 1275 1814 1300 statuta
1829 1282 1879 1301 sue
1891 1274 2038 1307 religionis
2052 1274 2307 1301 determinatums

533 1323 588 1357 (11)
604 1324 677 1349 Item
692 1323 714 1349 si
733 1323 799 1357 quis
820 1323 850 1348 in
867 1324 916 1349 tali
933 1324 1035 1349 habitu
1052 1323 1207 1352 indecenti.
1224 1325 1258 1349 ut
1270 1323 1384 1349 dictum
1400 1325 1452 1352 est.
1469 1323 1667 1357 deprehensus
1686 1323 1783 1352 fuerit,
1800 1325 1829 1349 et
1843 1331 1858 1349 a
1873 1323 1982 1349 decano
2004 1323 2159 1353 facultatis,
2175 1323 2212 1349 ad
2226 1331 2318 1357 quem

446 1372 582 1398 volumus
595 1372 684 1405 hujus
698 1372 738 1397 rei
757 1380 859 1398 curam
875 1372 1030 1405 pertinere,
1047 1372 1133 1398 tertio
1149 1372 1349 1398 commonitus
1364 1380 1424 1398 non
1440 1372 1603 1406 resipuerit,
1620 1372 1682 1406 ipso
1694 1372 1761 1406 jure
1778 1372 1814 1398 ab
1831 1372 1970 1398 omnihus
1985 1372 2129 1398 facultatis
2150 1372 2316 1406 privilegiis.

446 1421 606 1447 honoribus
619 1423 647 1447 et
662 1421 901 1447 immunitatibus
916 1423 1066 1447 censeatur
1081 1429 1140 1447 esse
1155 1421 1294 1454 privatus.

532 1469 589 1504 (12)
605 1471 677 1496 Item
693 1470 849 1495 statuimus
864 1472 892 1496 et
907 1469 1078 1496 ordinamus
1093 1477 1125 1496 ac
1140 1470 1194 1495 suh
1207 1478 1282 1504 pena
1296 1470 1417 1503 perjurii
1430 1471 1459 1496 et
1472 1469 1727 1496 resecationis....⁰.

533 1518 589 1552 (13)
604 1519 677 1544 Item
692 1519 811 1551 insuper
825 1519 997 1544 ordinamus
1014 1520 1042 1545 et
1061 1519 1228 1547 statuimus.
1253 1519 1491 1553 precipimusque
1503 1519 1558 1545 sub
1575 1519 1710 1553 prediCtis
1725 1519 1807 1553 penis
1824 1518 1956 1553 perjurii.
1972 1518 2155 1545 resecationis
2169 1519 2198 1545 et
2219 1518 2316 1552 priva-

444 1567 540 1597 tionis,
557 1567 638 1600 quod
654 1568 736 1600 pueri
751 1569 779 1593 et
792 1568 912 1601 juvenes
927 1568 957 1593 in
971 1568 1086 1593 sedibus
1100 1568 1246 1601 capiendis
1259 1568 1290 1593 in
1308 1568 1389 1594 scolis
1404 1568 1537 1594 deferant
1556 1568 1727 1602 maioribus,
1744 1568 1850 1594 scillcet
1871 1568 2026 1601 magistris,
2050 1567 2212 1598 licentiatis,
2229 1567 2316 1594 nobi-

443 1616 519 1641 libus
534 1616 696 1642 baccalariis
710 1618 738 1642 et
750 1616 981 1649 antiquioribus⁷
995 1618 1055 1642 tam
1072 1617 1101 1642 in
1115 1617 1238 1643 lectione
1252 1617 1398 1643 ordinaria
1414 1625 1504 1650 quam
1518 1617 1549 1643 in
1562 1617 1819 1651 disputationibus,
1832 1616 2064 1650 repetitionibus,
2078 1616 2195 1642 lecturis
2208 1616 2316 1642 solem-

445 1665 530 1690 nium
545 1665 750 1693 Decretalium,
767 1665 930 1698 propositis,
955 1666 1090 1698 harengis
1105 1667 1133 1691 et
1155 1666 1231 1691 festis
1252 1666 1420 1695 doctorum,
1441 1666 1481 1692 ita
1502 1666 1583 1700 quod
1598 1666 1729 1692 decetero
1749 1666 1879 1699 primam
1894 1667 1922 1691 et
1942 1665 2100 1692 secundam
2122 1665 2249 1691 banchas
2263 1672 2317 1699 pro

445 1714 616 1746 hujusmodi
638 1714 784 1746 graduatis
803 1716 831 1740 ct
855 1714 916 1739 aliis
940 1708 1027 1747 supra
1042 1715 1179 1748 expressis
1194 1714 1378 1741 dimitterent
1397 1715 1517 1741 scolares
1536 1715 1567 1740 in
1589 1715 1696 1741 talibus
1718 1714 1830 1741 actibus
1845 1722 1956 1743 vacuas,
1973 1715 2063 1748 prout
2077 1715 2119 1740 est
2133 1714 2164 1739 in
2180 1714 2317 1740 facultate

444 1762 588 1795 theologie
601 1763 661 1788 lieri
678 1764 862 1792 consuetum,
878 1763 946 1796 qnia
961 1763 1034 1789 ratio
1048 1763 1147 1793 dictat,
1165 1764 1245 1797 quod
1258 1764 1357 1790 ceteris
1369 1764 1488 1797 paribus
1503 1764 1601 1790 minor
1616 1764 1698 1790 cedat
1711 1763 1824 1797 majori.
1842 1763 1869 1789 Si
1885 1763 1951 1797 quis
2007 1762 2028 1788 8.

533 1811 588 1845 (14)
605 1812 678 1837 Item
699 1812 779 1844 quod
799 1819 859 1837 non
878 1811 1040 1844 impedient
1059 1812 1190 1838 doctores
1210 1813 1253 1838 vcl
1274 1813 1344 1838 alios
1367 1813 1494 1846 legentes
1516 1821 1565 1839 seu
1587 1814 1668 1839 actus
1687 1813 1848 1839 scolasticos
1867 1814 2031 1838 exercentes
2052 1811 2173 1838 bidellos
2188 1811 2232 1838 vel
2247 1811 2317 1838 alios

443 1859 594 1885 officiarios
606 1860 681 1886 dicte
696 1860 840 1885 facultatis
855 1861 1067 1886 sibilationibus
1080 1862 1122 1887 vel
1135 1861 1198 1887 aliis
1211 1862 1484 1894 perturbationibus
1496 1862 1746 1895 quibuscumque.

531 1907 588 1942 (15)
604 1909 677 1934 Item
692 1909 763 1934 hora
779 1916 836 1942 qua
852 1909 959 1942 legitur
974 1909 1140 1940 Decretum,
1158 1910 1318 1936 Dccretales
1335 1918 1387 1936 nec
1399 1912 1523 1944 possunt
1538 1918 1591 1937 nec
1603 1911 1711 1937 debent
1724 1910 1790 1943 legi.

530 1956 587 1991 (16)
603 1958 676 1983 Item
698 1958 835 1983 volumus
857 1958 937 1991 quod
955 1966 1024 1984 cum
1048 1959 1198 1985 auditione
1219 1967 1369 1985 canonum
1384 1960 1496 1985 auditio
1517 1960 1636 1985 alterius
1657 1958 1839 1986 scientie....⁰
1857 1966 1915 1992 que
1937 1958 2067 1992 legitima
2090 1959 2245 1992 reputetur
2264 1965 2316 1992 per

444 2006 611 2038 collegium⁴

532 2054 588 2088 (17)
603 2055 677 2080 Item
692 2055 819 2088 legentes
833 2056 868 2081 de
883 2063 970 2082 mane
986 2064 1039 2081 non
1055 2057 1143 2091 leyant
1164 2065 1223 2082 cum
1242 2057 1399 2087 candelam:
1417 2065 1470 2084 nec
1485 2057 1521 2083 ad
1534 2065 1654 2090 pennam
1669 2065 1719 2083 seu
1735 2057 1883 2083 calamum
1904 2056 1994 2082 modo
2010 2054 2314 2089 pronuntiantiumss.

444 2103 492 2129 sed
505 2103 667 2133 dumtaxat,
682 2103 704 2129 si
717 2104 753 2129 sit
767 2104 878 2137 aliquid
894 2105 1060 2130 notandum
1082 2107 1111 2131 et
1130 2106 1303 2138 repetitione
1321 2106 1458 2139 dignum,
1476 2114 1537 2132 non
1556 2106 1706 2139 proferant
1728 2113 1781 2140 pro
1796 2105 1988 2132 scribentibus
2007 2105 2062 2130 nisi
2078 2104 2121 2130 bis
2142 2104 2173 2130 in
2194 2104 2270 2138 plus,
2287 2105 2316 2130 et

445 2152 499 2177 hoc
514 2152 565 2177 fiat
577 2160 640 2178 raro
653 2154 682 2178 et
697 2160 747 2185 per
758 2153 975 2185 juramentum,
990 2154 1059 2187 quia
1074 2162 1125 2187 per
1139 2155 1194 2180 hoc
1208 2155 1370 2188 impeditur
1382 2163 1540 2188 processus.
1555 2155 1636 2189 quod
1649 2156 1691 2181 est
1710 2154 1917 2181 inconveniens
1931 2155 1959 2180 et
1977 2154 2060 2179 nullo
2075 2153 2163 2179 modo
2176 2153 2316 2179 tolleran-

444 2200 527 2226 dum.
545 2201 629 2233 Quod
645 2203 789 2227 statutum
804 2202 935 2235 quolibet
950 2211 1028 2229 anno
1043 2203 1210 2236 publicetur
1223 2204 1254 2229 in
1269 2204 1360 2230 scolis.

531 2249 586 2283 (18)
602 2251 675 2276 Item
696 2251 768 2276 circa
783 2251 987 2277 testimonium
1002 2253 1171 2278 scolaritatis
1190 2253 1408 2286 perhibendum
1429 2261 1477 2279 seu
1499 2253 1703 2287 repetitionem
1723 2252 1885 2278 faciendam
1900 2252 1922 2277 si
1937 2251 2002 2285 quis
2024 2250 2137 2277 scolaris
2158 2250 2194 2276 ab
2215 2250 2314 2284 aliquo

446 2298 560 2323 officiali
575 2306 625 2323 seu
638 2298 736 2331 judice
751 2300 937 2326 ecclesiastico
955 2308 1005 2326 seu
1022 2301 1102 2334 layco
1118 2303 1218 2334 captus
1240 2302 1329 2327 suerit
1343 2310 1393 2327 seu
1408 2302 1555 2331 detentus,
1572 2301 1729 2327 statuimus
1750 2302 1778 2327 et
1792 2301 1977 2327 decernimus
1991 2299 2073 2333 quod
2086 2299 2122 2325 de
2143 2299 2313 2332 frequenta-

446 2346 524 2372 tione
540 2347 669 2373 lectionis
684 2349 864 2374 matutinalis
884 2357 934 2382 per
951 2350 1089 2375 scolarem
1107 2350 1145 2376 sle
1164 2350 1319 2376 detentum
1340 2352 1392 2376 aut
1413 2351 1449 2376 ad
1465 2350 1689 2376 baccalariatum
1709 2350 1863 2376 ascendere
1878 2357 1927 2375 seu
1942 2349 2071 2374 litteram
2086 2348 2314 2374 testimonialem

447 2395 563 2420 rectoris
578 2396 682 2421 habere
698 2397 843 2423 volentem
859 2405 909 2431 per
926 2398 1060 2424 cedulam
1077 2399 1198 2431 legentis
1212 2400 1248 2425 de
1268 2407 1355 2425 mane
1374 2400 1418 2425 vel
1439 2400 1507 2425 alias
1529 2399 1658 2432 legitime
1674 2407 1726 2424 suo
1741 2398 1862 2427 doctori,
1879 2406 1930 2431 per
1946 2397 2080 2423 cedulam
2100 2404 2167 2422 vero
2188 2396 2315 2422 doctoris

447 2451 534 2476 super
546 2444 704 2470 scolaritate
718 2445 887 2478 hujusmodi
904 2447 1032 2473 facultati
1047 2448 1089 2473 vel
1104 2448 1213 2474 decano
1227 2450 1279 2474 aut
1293 2448 1362 2474 alias
1377 2448 1559 2482 ubicumque
1574 2455 1648 2481 opus
1661 2448 1748 2474 fuerit
1762 2447 1834 2473 fides
1847 2448 1876 2473 et
1890 2446 2095 2472 testimonium
2114 2445 2312 2479 perhibeatur.

448 2492 482 2518 Et
496 2500 547 2525 per
559 2492 655 2525 ipsum
671 2493 819 2519 doctorem
834 2495 988 2521 dumtaxat
999 2497 1113 2522 scolaris
1127 2497 1238 2523 detenti
1250 2497 1384 2530 repetitio
1397 2498 1457 2523 fiat.

535 2540 592 2575 (19)
607 2541 680 2566 Item
696 2549 797 2567 omnes
812 2543 959 2569 baccalarii
973 2545 1066 2577 legere
1079 2546 1206 2571 volentes
1218 2546 1248 2571 in
1261 2546 1329 2579 jure
1343 2545 1558 2572 canonico....⁴²
1572 2545 1703 2571 facultati
1718 2544 1860 2578 expedire.

533 2588 588 2623 (20)
601 2590 674 2615 Item
689 2597 790 2616 omnes
801 2591 949 2617 baccalarii
960 2595 1136 2626 respondere
1150 2595 1278 2620 volentes
1291 2602 1356 2620 suas
1368 2595 1567 2621 conclusiones
1579 2594 1702 2620 afferant
1717 2592 1857 2622 facultati,
1873 2594 1902 2618 et
1917 2592 2038 2618 facultas
2050 2592 2089 2618 eis
2102 2591 2264 2625 providebit
2277 2591 2314 2617 de

446 2637 572 2663 doctore.

538 2734 607 2758 Bibl.
624 2736 713 2760 Arsen.
737 2736 820 2759 Paris.
841 2745 888 2759 ms.
914 2738 982 2766 1'1‘21,
998 2743 1073 2769 parte
1087 2740 1131 2766 111.
1151 2749 1176 2771 p.
1195 2741 1218 2772 1,
1236 2748 1249 2764 e
1264 2741 1326 2763 msh‘
1345 2740 1527 2764 Cheltenham.
1541 2740 1603 2762 2863
1623 2740 1701 2769 (saec.
1719 2738 1772 2770 xv),
1792 2730 1869 2771 ibid„
1886 2739 1905 2762 f.
1924 2738 1944 2766 Ῑ,
1965 2737 2015 2760 sub
2032 2736 2140 2760 rubrica
2158 2735 2311 2759 communi:

445 2786 455 2800 α
474 2778 602 2801 Secuntur
623 2780 709 2810 primo
730 2783 827 2803 statuta
850 2783 1031 2806 concernentia
1053 2784 1236 2815 principaliter
1256 2786 1372 2809 scolares
1395 2784 1514 2808 Parisius
1538 2783 1674 2807 audientes
1693 2783 1720 2806 in
1737 2783 1797 2814 jure
1811 2791 1870 2806 can.
1889 2790 1912 2811 »;
1929 2782 2023 2806 deinde
2042 2781 2150 2805 rubrica
2170 2783 2200 2804 ut
2220 2788 2310 2812 supra.

444 2822 548 2846 Numeri
563 2826 621 2846 ante
634 2825 819 2855 paragraphus
835 2825 929 2849 desunt
943 2826 969 2849 in
985 2827 1034 2850 isto
1049 2831 1156 2853 statuto.

536 2920 558 2943 1.
575 2921 603 2943 In
618 2921 723 2945 statutis
739 2922 873 2945 Guillelmi
889 2923 1032 2947 cardinalis
1047 2925 1079 2954 de
1094 2925 1267 2955 Estouteville
1282 2934 1325 2950 an.
1344 2927 1404 2950 1452
1419 2926 1468 2949 hoe
1483 2928 1612 2949 statutum
1622 2934 1638 2948 <x
1653 2927 1728 2948 vetus
1744 2932 1756 2947 »
1769 2924 1935 2948 nominatur.
1948 2937 1979 2942 ο-
2000 2925 2024 2948 2.
2041 2924 2099 2948 Vid.
2116 2924 2257 2952 Ghartul„
2278 2923 2312 2952 11,

556 2966 595 2989 81.
