2488 3386
457 335 521 367 410
1040 340 1354 364 cuAR'rULAiuuM
1390 338 1577 361 Ule'Ens.
1614 338 1742 360 PARtS.
2217 324 2316 362 [1385

457 418 555 450 omni
582 417 760 450 beneficio
790 416 913 449 habito
944 415 1153 461 privanduS,
1184 421 1219 447 et
1249 420 1301 446 est
1331 413 1457 458 quinto
1487 412 1530 445 ad
1559 411 1804 456 quodcunque
1831 410 2050 444 beneficium
2077 410 2315 444 obtinendum

456 484 739 517 inhabilitandus
762 498 791 523 n,
814 496 856 516 ex
876 483 943 516 hoc
964 482 1201 523 concludens,
1223 480 1319 525 quod
1341 479 1510 512 dominus
1531 490 1634 511 meus
1655 478 1906 519 cancellarius,
1929 490 1972 510 eo
1994 478 2091 523 quod
2107 478 2229 523 jussui
2250 490 2315 512 seu

457 551 622 584 mandato
643 551 780 584 domini
801 550 952 583 rectoris
979 549 1084 582 modo
1107 555 1264 593 pretacto
1289 559 1361 579 non
1383 546 1512 591 paruit,
1535 552 1610 578 erat
1635 545 1818 578 hereticus
1839 545 2047 578 censendus
2068 557 2133 578 seu
2155 557 2315 590 pronun-

458 618 621 659 ciandus,
643 618 912 663 decapitandus,
931 629 948 649 a
969 616 1160 649 consorcio
1182 615 1239 648 cui
1260 614 1430 647 dominus
1451 619 1581 654 rector,
1601 619 1638 646 ut
1659 613 1828 654 asseruit,
1847 618 1982 657 preest,
2003 612 2144 645 scilicet
2163 612 2206 646 ab
2228 613 2316 647 Uni-

457 685 626 718 versitate
647 691 759 717 matre
780 691 916 725 nostra,
937 683 1046 717 velud
1067 682 1145 715 ovis
1166 680 1342 721 morbida,
1365 692 1411 712 ne
1432 686 1590 713 ceterum
1616 692 1766 725 gregem
1788 679 1935 721 inficiat,
1958 680 2194 721 resecandus,
2217 680 2315 713 omni

457 751 634 784 beneficio
655 751 776 784 habito
794 750 1002 796 privandus,
1022 756 1056 782 et
1072 749 1211 794 quinto,
1230 747 1327 792 quod
1343 754 1419 780 erat
1434 747 1477 779 ad
1498 747 1595 780 aliud
1613 747 1856 792 quodcunque
1873 746 2091 780 beneficium
2108 746 2314 780 habendum

458 830 522 851 seu
543 818 778 851 obtinendum
800 816 1095 850 inhabilitandus.

543 896 654 917 xxxv.
679 886 765 917 Item
789 884 884 928 quod
906 890 987 928 post
1007 882 1267 928 premissorum
1290 881 1379 914 tales
1401 880 1526 926 quales
1546 881 1801 914 fundacionem
1824 887 1858 914 et
1878 880 2152 914 conclusionem
2174 882 2314 922 [Petrus

455 951 618 992 Bidaudi]
640 964 657 984 a
678 958 817 984 rectore
839 957 873 983 et
901 950 1065 983 facultate
1095 949 1223 982 artium
1245 955 1280 981 et
1304 960 1322 981 a
1343 947 1641 993 procuratoribus
1662 948 1743 993 iiij⁰r
1763 948 1955 981 nacionum
1977 948 2141 993 ejusdem
2169 948 2206 980 in
2232 960 2314 993 pre-

454 1019 575 1051 missis
604 1025 638 1050 et
663 1024 734 1050 tota
757 1017 1009 1062 proposicione
1037 1028 1100 1049 sua
1127 1016 1236 1060 peciit
1261 1015 1420 1056 advoari,
1447 1026 1554 1059 quem
1582 1014 1619 1047 in
1649 1015 1869 1059 prenarratis
1895 1014 2065 1048 omnibus
2086 1015 2165 1060 ipse
2194 1021 2314 1048 rector

453 1085 723 1130 prenominatus
755 1084 888 1116 ibidem
920 1095 1072 1128 presens
1098 1083 1175 1127 (qui
1207 1082 1301 1114 dicto
1330 1082 1503 1127 magistro
1532 1083 1638 1114 Petro
1666 1082 1843 1127 premissa
1872 1082 2071 1126 proferenti
2100 1082 2137 1114 in
2163 1081 2313 1115 auribus

451 1152 587 1196 sepius,
611 1151 713 1195 quasi
737 1150 846 1183 vellet
871 1150 967 1195 quod
994 1150 1061 1182 ista
1081 1149 1138 1183 vel
1165 1150 1286 1194 pejora
1313 1149 1462 1190 diceret,
1485 1148 1698 1191 susuravit),
1726 1148 1796 1193 ipsi
1824 1148 1935 1181 eciam
1957 1148 2038 1193 iiijor
2057 1155 2312 1193 procuratores

448 1218 530 1262 iiijor
549 1218 739 1250 nacionum
761 1217 877 1250 tocius
903 1217 1082 1250 facultatis
1104 1216 1249 1249 nomine
1274 1216 1473 1249 advoarunt
1493 1227 1573 1248 cum
1597 1215 1754 1248 clamore
1774 1215 1894 1249 valido
1922 1227 2051 1260 magne
2076 1215 2176 1249 illius
2198 1215 2310 1249 facul-

449 1285 530 1318 tatis
550 1284 793 1317 multitudinis
814 1284 1031 1317 assistentis.

535 1353 661 1394 xxxvj.
687 1352 775 1384 Item
797 1351 893 1395 quod
914 1350 984 1383 hiis
1006 1349 1176 1383 omnibus
1202 1361 1274 1382 non
1296 1348 1540 1390 obstantibus,
1563 1361 1633 1394 que
1655 1361 1698 1382 ex
1722 1355 1849 1382 natura
1870 1360 1935 1382 sua
1955 1355 1991 1382 et
2009 1349 2204 1395 fragilitate
2224 1362 2310 1383 con-

447 1418 602 1451 dicionis
629 1418 782 1450 humane
811 1418 995 1450 dominum
1025 1429 1142 1450 meum
1168 1406 1423 1450 cancellarium
1451 1416 1580 1449 merito
1603 1415 1785 1449 debebant
1805 1416 2005 1458 offendere,
2027 1416 2099 1450 nisi
2126 1417 2310 1462 paciencie

446 1485 576 1530 clipeo,
600 1497 664 1518 sue
684 1485 898 1517 innocencie
924 1484 1045 1529 gladio
1074 1484 1131 1518 vel
1152 1484 1253 1529 galea
1279 1483 1409 1528 suique
1431 1490 1545 1516 status
1572 1483 1704 1516 fuisset
1729 1483 1939 1517 reverencia
1960 1484 2203 1529 premunitus,
2230 1484 2309 1530 ipse

446 1552 614 1585 dominus
634 1563 736 1584 meus
757 1551 993 1584 cancellarius
1015 1551 1118 1596 quasi
1138 1562 1244 1584 aures
1272 1550 1410 1583 habens
1432 1550 1543 1583 nichil
1569 1550 1697 1583 horum
1724 1550 1938 1592 audivisset,
1964 1557 2030 1584 tam
2052 1551 2097 1584 de
2122 1551 2308 1596 prioritate

445 1619 544 1652 sedis
565 1631 670 1663 quam
692 1619 736 1651 de
757 1630 829 1651 non
850 1618 1116 1663 comparicione
1142 1618 1178 1650 in
1204 1617 1495 1663 congregacione
1517 1624 1640 1650 contra
1669 1629 1750 1650 eum
1781 1617 1963 1663 pretensis
1990 1624 2026 1651 et
2051 1617 2217 1663 allegatis
2237 1625 2307 1652 tam

443 1685 640 1726 humiliter,
662 1692 730 1718 tam
752 1691 971 1727 reverenter,
993 1692 1062 1718 tam
1084 1684 1354 1718 racionabiliter
1375 1691 1409 1718 et
1434 1691 1508 1718 tam.
1524 1691 1739 1730 apparenter
1760 1696 1922 1718 consone
1943 1685 2085 1718 notorie
2104 1685 2248 1719 veritati
2268 1697 2307 1719 se

443 1752 638 1794 excusavit,
665 1752 762 1797 quod
781 1752 951 1786 veritates
981 1764 1045 1797 per
1070 1764 1151 1785 eum
1179 1752 1336 1797 prolatas
1367 1752 1468 1797 prius
1498 1752 1749 1798 ignorancium
1778 1759 1813 1785 et
1839 1752 1883 1785 ad
1910 1752 2057 1786 easdem
2084 1759 2191 1798 atque
2219 1764 2307 1786 suos

444 1819 569 1852 dulces
594 1826 630 1852 et
653 1814 859 1852 amicabiles
881 1826 1020 1864 gestus,
1044 1831 1164 1852 mores
1190 1826 1225 1852 et
1250 1831 1360 1853 voces
1388 1819 1658 1852 advertencium
1690 1820 1779 1852 iram
1810 1826 2020 1865 conceptam
2043 1820 2244 1865 placavit²³,
2272 1827 2308 1854 et

443 1886 729 1919 obmutescere*
757 1886 842 1919 fecit
871 1898 932 1919 ora
962 1886 1243 1931 obloquencium
1274 1887 1409 1931 iniqua,
1437 1893 1515 1920 esto
1545 1887 1644 1932 quod
1674 1886 1918 1920 multitudinis
1943 1888 2119 1932 juvenum
2149 1887 2306 1933 impetus

441 1952 665 1986 clamorosus
686 1949 876 1998 prevalens
897 1953 934 1985 in
954 1952 1019 1986 hac
1041 1960 1139 1998 parte
1161 1965 1242 1986 eum
1263 1953 1396 1986 habere
1418 1953 1535 1986 noluit
1556 1961 1777 1987 excusatum.

529 2022 670 2062 xxxvij.
695 2021 782 2052 Item
804 2020 901 2064 quod
931 2019 975 2052 de
1005 2019 1076 2052 hiis
1104 2020 1273 2053 omnibus
1301 2020 1338 2053 in
1365 2020 1507 2054 civitate
1539 2027 1574 2053 et
1603 2021 1724 2054 studio
1755 2021 1952 2054 Parisiensi
1979 2027 2035 2055 est
2067 2020 2210 2066 publica
2237 2033 2306 2055 vox

443 2093 478 2120 et
496 2087 598 2119 fama.

528 2219 782 2262 Quamobrem,
804 2219 1109 2252 reverendissime
1136 2227 1235 2265 pater
1260 2227 1295 2253 et
1324 2221 1470 2254 domine
1499 2221 1813 2264 metuendissime,
1840 2222 2002 2255 dimissis
2029 2221 2196 2266 pluribus
2223 2221 2303 2255 aliis

439 2285 663 2327 excessibus,
690 2285 882 2318 anormalis
910 2286 1179 2330 gravaminibus
1206 2294 1241 2320 et
1270 2288 1504 2332 processibus
1535 2289 1797 2333 premissorum
1825 2289 2017 2322 occasione
2039 2295 2162 2322 contra
2187 2288 2303 2322 domi-

440 2364 525 2385 num
546 2364 663 2385 meum
684 2352 934 2385 cancellarium
957 2365 1021 2397 per
1040 2354 1216 2398 prefatum
1238 2361 1416 2387 rectorem
1438 2361 1473 2388 et
1494 2367 1730 2389 successores
1751 2356 1830 2400 ejus
1856 2367 1921 2401 per
1940 2355 2144 2388 facultatem
2167 2356 2301 2389 arcium

440 2418 697 2463 principaliter,
719 2426 754 2451 et
774 2419 884 2451 eciam
912 2426 1031 2464 partes
1052 2427 1190 2453 ceteras
1216 2422 1290 2454 ac25
1318 2422 1493 2455 nonnulla
1513 2422 1606 2455 alme
1632 2422 1756 2455 matris
1782 2429 1906 2456 nostre
1932 2422 2189 2456 Universitatis
2216 2434 2302 2468 sup-

440 2485 555 2530 posita
575 2485 645 2517 hiis
666 2485 908 2529 pendentibus
937 2493 1071 2519 temere
1091 2489 1321 2532 attemptatis,
1345 2489 1390 2521 de
1410 2489 1544 2533 quibus
1571 2490 1650 2534 ipse
1677 2489 1723 2522 ob
1749 2489 1997 2523 reverenciam
2024 2489 2148 2522 matris
2170 2501 2235 2523 sue
2254 2491 2303 2534 (et

440 2563 485 2584 ne
514 2551 607 2583 sicut
636 2563 743 2595 supra
772 2551 809 2583 in
836 2553 914 2596 xxxj
937 2553 1087 2586 articulo
1118 2561 1298 2587 narratum
1327 2562 1394 2597 est,
1424 2567 1566 2589 causam
1595 2556 1755 2589 accionis
1784 2556 2012 2601 injuriarum,
2042 2568 2147 2601 quam
2177 2563 2301 2590 contra

439 2618 542 2663 plura
571 2617 824 2650 Universitatis
857 2620 1043 2663 supposita
1072 2620 1178 2653 habet
1210 2633 1329 2654 coram
1360 2623 1669 2656 reverendissimo
1703 2623 1741 2655 in
1772 2622 1919 2656 Christo
1950 2629 2050 2668 patre
2082 2630 2118 2656 et
2152 2623 2299 2657 domino

440 2684 586 2717 domino
608 2683 781 2716 cardinali
800 2685 1012 2718 Vivariense
1029 2687 1260 2730 pendentem,
1277 2688 1334 2721 hic
1350 2688 1444 2736 velle
1465 2701 1653 2722 resumere
1674 2689 1850 2733 videatur)
1872 2701 1937 2735 pro
1959 2701 2055 2722 nunc
2077 2690 2297 2735 supersedit,

437 2757 557 2785 vestre
578 2750 881 2783 reverendissime
904 2753 1106 2796 paternitati
1127 2753 1312 2787 humiliter
1333 2755 1557 2800 supplicans,
1582 2763 1760 2801 quatenus
1788 2768 1899 2801 super
1919 2757 2111 2801 premissis
2135 2757 2298 2790 articulis

439 2816 607 2850 omnibus
629 2823 664 2848 et
683 2816 839 2861 singulis
860 2829 898 2849 ac
915 2830 1039 2851 eorum
1061 2819 1224 2863 quolibet
1243 2828 1303 2853 aut
1323 2821 1435 2854 altero
1457 2822 1656 2867 sigillatim,
1680 2829 1788 2868 prout
1807 2823 1955 2856 testium
1977 2823 2295 2868 producendorum

435 2895 545 2929 super
566 2882 703 2915 eisdem
731 2883 861 2916 noticia
889 2895 928 2916 se
955 2886 1134 2927 extendet,
1160 2888 1362 2921 examinare
1383 2888 1503 2922 velitis
1528 2889 1585 2923 vel
1614 2890 1733 2922 facere
1759 2890 1955 2922 examinari
1982 2896 2095 2923 testes
2124 2902 2189 2935 per
2214 2902 2294 2923 eum

547 2941 586 2964 52.
