2488 3386
1031 327 1155 349 INDEX

269 408 369 433 centius
389 407 427 432 V1
449 406 539 431 scribit
560 408 589 430 ut
610 405 641 429 ad
661 404 836 429 obedientiam
860 404 1018 435 Stephanum
1042 401 1155 426 Marcelli

268 448 392 473 reducant
406 449 433 471 et
447 446 539 478 legatis
554 444 701 477 apostolicis
720 444 751 468 ad
770 443 933 468 tractandum
958 443 990 467 de
1008 450 1067 474 pace
1088 442 1156 465 inter

267 490 357 513 ducem
376 486 548 512 Normanniae
565 487 592 510 et
613 484 700 509 villam
721 484 892 508 Parisiensem
907 483 1043 511 assistant,
1060 481 1104 510 55;
1124 480 1156 504 ad

268 529 398 552 statutum
426 525 587 551 condendum
612 526 664 548 tres
688 523 898 555 congregationes
922 522 1060 554 requisitae
1083 522 1154 546 sunt.

268 568 323 598 429,
338 567 383 591 431
399 575 424 591 n.
437 567 461 596 8,
475 565 535 595 513,
551 564 674 589 Urbanus
692 563 714 587 V
733 563 834 587 duobus
854 562 1029 587 cardinalibus
1043 561 1156 592 injungit

267 609 297 632 ut
304 606 504 631 Universitatem
514 605 539 629 in
551 604 604 628 suis
613 603 720 628 statutis
730 605 757 627 et
767 602 995 626 observationibus
1006 601 1154 630 reforment,

267 647 328 679 quia
352 647 378 670 in
399 645 486 670 studio
514 644 632 668 nonnulli
653 644 714 667 sunt
735 643 859 669 defectus.
886 643 943 672 142,
968 642 1085 666 Clemens
1107 641 1155 664 VII

266 686 379 719 inquirit
398 685 428 709 de
452 684 598 708 virtutibus
620 685 646 707 et
669 682 803 707 miraculis
828 683 898 706 Petri
920 682 951 706 dc
972 682 1156 712 Luxeiubourg

267 726 347 756 card.,
360 725 393 750 ad
408 725 562 749 instantiam
573 723 648 748 Univ.
666 724 735 752 Par„
752 723 777 747 in
792 731 844 755 qua
859 723 952 747 Petrus
967 722 1027 746 olim
1043 722 1155 751 studuit,

266 767 326 796 481,
346 766 378 790 lis
392 764 580 790 Universitatis
595 765 684 787 contra
701 763 842 787 Johannem
864 762 1010 793 Blanchart,
1032 761 1156 786 cancella-

267 806 335 830 rium
355 805 448 833 Paris„
468 803 582 833 340-420,
600 811 625 827 v.
643 803 832 828 cancellarius
847 802 951 832 Paris,
968 802 1033 826 actio
1048 801 1156 826 Univer-

266 846 353 870 sitatis
375 846 464 869 contra
483 843 676 868 Praedicatores
694 845 800 875 propter
821 843 963 867 doctrinam
986 842 1110 866 Johannis
1124 841 1155 865 de

266 887 426 916 Montesono,
436 885 550 915 486-533,
559 893 583 909 υ.
595 883 817 914 Praedicator-es,
830 883 909 909 Univ.
920 884 979 908 Par.
991 891 996 908 :
1008 884 1154 907 FACULTAS

258 932 440 951 *THEOLOGME
460 926 603 953 :Ei-rores3
626 924 703 949 Univ.
723 924 824 956 judicat
843 924 913 948 inter
930 923 1019 947 facult.
1040 923 1153 946 decreto-

263 974 322 991 rum
337 968 365 991 et
386 966 514 990 doctorem
529 965 554 989 in
572 964 689 994 decretis,
708 964 767 994 431,
785 964 816 988 lis
833 964 901 988 inter
920 963 1025 995 capitul.
1046 965 1072 987 et
1092 963 1155 987 Uni-

265 1006 354 1030 versit.
372 1006 397 1030 in
417 1005 490 1029 curia
505 1004 665 1028 Parlamenti
680 1004 705 1027 in
725 1004 833 1028 favorem
850 1003 980 1027 facultatis
996 1002 1154 1026 decretorum

263 1045 406 1077 judicatur,
423 1044 540 1073 326-329,
555 1044 688 1075 episcopus
702 1044 774 1074 jurat
789 1050 891 1066 servare
905 1045 930 1065 et
946 1041 1077 1065 custodire
1092 1041 1154 1065 Uni-

266 1086 415 1110 versitatem
431 1085 457 1108 in
470 1083 553 1116 capite
565 1085 591 1107 et
605 1083 630 1107 in
648 1082 781 1112 membris,
796 1084 822 1106 et
837 1082 913 1105 etiam
930 1082 1044 1106 officialis
1059 1082 1114 1113 ejus
1129 1083 1155 1105 et

267 1129 434 1158 promotoreS,
459 1124 488 1154 6;
506 1124 647 1155 Gregorius
672 1123 708 1146 XI
733 1123 837 1146 Ferrico
863 1121 999 1146 Cassiuelli
1023 1121 1155 1152 permittit

266 1165 376 1190 Parisiis
398 1165 424 1188 in
446 1164 526 1188 theol.
554 1166 580 1187 et
602 1163 694 1187 decret.
721 1170 814 1194 regere,
840 1162 960 1194 quamvis
982 1161 1102 1193 magistri
1128 1162 1154 1185 et

265 1205 381 1230 doctores
396 1205 479 1228 Paris.
491 1203 678 1232 contradicant,
693 1203 738 1227 201
755 1208 784 1226 110
798 1202 871 1232 1375;
888 1210 933 1233 pro
944 1202 1010 1225 facto
1023 1202 1153 1226 communi

264 1245 463 1273 Universitatis,
484 1254 497 1266 «ι
519 1244 637 1268 videlicet
660 1243 792 1273 advocato,
816 1244 983 1274 procuratore
1004 1244 1029 1266 et
1051 1241 1108 1266 aliis
1126 1242 1153 1265 in

264 1285 336 1309 curia
347 1294 371 1313 n,
389 1283 519 1316 quaelibet
540 1283 611 1307 natio
624 1283 709 1306 decem
728 1282 828 1306 francos
845 1281 898 1310 dat,
919 1281 965 1305 232
986 1286 1014 1304 11⁰
1035 1281 1107 1310 1413;
1128 1288 1152 1305 υ.

222 1339 225 1342 -
264 1324 382 1350 Ordines
396 1332 441 1356 pro
457 1322 632 1355 singularibus
651 1322 758 1346 statutis
773 1321 936 1346 studentium
952 1323 998 1345 aut
1013 1321 1154 1352 magistro-

266 1373 323 1389 rum
338 1366 364 1389 in
381 1364 559 1388 conventibus.

231 1418 293 1423 ——
309 1405 505 1429 Baccalareati
525 1408 550 1428 et
569 1403 722 1427 Licentiati
740 1410 749 1426 .-
771 1401 902 1434 Depositio
922 1401 1109 1433 magistrorum
1128 1403 1154 1426 et

262 1444 391 1469 ordinatio
403 1444 436 1468 de
451 1443 616 1471 baccalareis,
633 1442 679 1466 341.
695 1442 808 1471 1101504;
820 1442 999 1474 juramentum
1013 1442 1080 1473 quod
1095 1442 1153 1466 bac-

262 1484 357 1509 calarei
371 1485 503 1516 praestare
515 1482 620 1512 debent,
636 1482 681 1506 341
698 1487 726 1505 n⁰
740 1481 813 1511 l50·1;
827 1481 990 1505 baccalareus
1000 1483 1109 1505 notatus
1123 1482 1153 1506 de

262 1523 425 1548 adhaerendo
448 1523 644 1548 Bai-tholomaeo
667 1522 815 1554 antipapae,
838 1521 897 1551 3583
916 1521 1063 1545 licentiandi
1083 1521 1153 1545 intra

263 1567 421 1596 temptamen
436 1563 532 1587 Beatae
545 1562 640 1586 Mariae
652 1564 715 1586 eunt
724 1562 756 1585 ad
768 1563 890 1585 Sanctam
905 1562 1070 1591 Genovefam,
1091 1561 1149 1591 362;

261 1606 376 1636 quatuor
391 1604 454 1627 sunt
465 1602 613 1627 auditiones
625 1610 639 1626 a
655 1601 806 1625 cancellario
818 1601 962 1629 ordinatae,
976 1601 1036 1631 352,
1050 1601 1150 1624 cancel-

261 1644 343 1668 larius
355 1644 387 1667 N.
400 1643 428 1667 D.
440 1642 557 1667 licentiat
568 1642 726 1666 baccalareos
738 1641 765 1665 in
776 1643 888 1673 quatuor
903 1641 1070 1665 facultatibus
1084 1641 1151 1665 Uni-

263 1684 404 1713 versitatis,
427 1683 539 1715 exceptis
560 1682 713 1706 baccalareis
735 1682 780 1713 qui
801 1681 969 1705 licentiantur
988 1681 1014 1704 in
1037 1681 1152 1705 examine

261 1724 371 1748 Sanctae
399 1722 553 1751 Genovefae,
576 1722 636 1751 3503
663 1721 693 1745 de
725 1720 879 1745 baccalareis
906 1721 1083 1750 licentiandis,
1105 1720 1152 1744 292

261 1769 289 1788 11⁰
314 1764 409 1792 1450*;
435 1763 504 1787 bace.
526 1762 659 1786 licentiam
682 1762 811 1793 recipiunt
834 1762 887 1785 sine
911 1761 1006 1785 decano
1031 1761 1151 1784 ecclcsiae

260 1804 354 1834 Paris.,
367 1803 414 1828 326
425 1808 454 1827 n⁰
464 1803 539 1833 l487;
555 1810 602 1834 pro
615 1802 756 1826 tribuenda
768 1801 872 1826 licentia
887 1801 1056 1826 cancellarius
1070 1802 1149 1826 infor-

259 1846 348 1869 matur
362 1851 407 1876 per
417 1851 505 1868 omnes
522 1842 663 1874 magistros
675 1842 764 1867 facult.
778 1842 888 1865 Parisiis
897 1844 1056 1873 praesentes,
1068 1842 1150 1874 spatio

259 1886 344 1910 trium
367 1885 506 1915 mensium,
522 1884 582 1915 4033
603 1884 726 1916 magistri
741 1891 820 1916 super
840 1883 1002 1907 licentiandis
1017 1884 1150 1916 deponunt

260 1926 399 1958 separatim
418 1926 444 1949 et
463 1926 568 1954 secrete,
591 1924 647 1954 341,
673 1924 734 1954 376;
761 1924 887 1955 magister
907 1924 1016 1955 inquirit
1035 1924 1067 1948 de
1086 1925 1148 1954 vita,

259 1966 375 1990 moribus
391 1968 417 1990 et
436 1964 557 1989 facundia
577 1964 802 1994 licentiandorum‚
827 1964 886 1993 385;
910 1963 1067 1995 licentiandi,
1088 1964 1149 1988 defi-

259 2005 390 2030 cientibus
403 2005 548 2036 magistris,
562 2006 674 2037 possunt
685 2004 780 2035 eligere
792 2011 868 2035 quem
886 2003 975 2028 volunt
991 2004 1021 2027 de
1037 2005 1149 2035 regenti-

259 2046 316 2075 bus,
332 2045 394 2076 3763
416 2044 635 2069 subcancellarius
654 2052 761 2068 munera
773 2043 855 2074 exigit
869 2051 883 2067 a
899 2043 1053 2068 baccalareis
1069 2044 1149 2068 licen-

260 2086 366 2114 tiandis,
381 2085 437 2114 352,
451 2084 505 2114 361,
522 2084 578 2114 362,
596 2084 651 2114 363,
672 2084 731 2114 3683
752 2084 861 2115 pecunia
881 2083 960 2107 datur
980 2084 1148 2109 familiaribus

258 2125 402 2150 cancellarii
415 2124 442 2148 in
452 2124 523 2148 exitu
536 2132 651 2148 camerae
664 2125 766 2155 propter
776 2122 876 2152 herbas,
888 2123 946 2152 3783
958 2123 1032 2153 dona,
1042 2132 1148 2149 munera

259 2168 285 2190 et
299 2165 485 2197 corruptiones,
499 2163 623 2193 351-352,
635 2163 741 2195 quidam
756 2163 906 2186 licentiandi
921 2166 1022 2195 propter
1036 2171 1146 2196 pauper-

259 2208 340 2230 tatem
364 2204 515 2229 cancellario
536 2203 600 2228 nihil
622 2204 760 2232 miserunt,
777 2206 804 2227 et
823 2205 909 2227 tamen
931 2203 1053 2228 licentiati
1074 2208 1145 2234 sunt,

258 2246 312 2274 413,
333 2245 401 2269 inter
422 2252 486 2277 quos
507 2246 563 2268 erat
587 2243 814 2273 subcancellarius,
831 2244 892 2274 413,
912 2244 1061 2268 licentiandi
1085 2246 1147 2269 nulli

258 2285 395 2318 pecuniam
411 2285 563 2317 promittere
579 2283 681 2314 debent,
698 2284 758 2314 3413
779 2284 894 2309 Clemens
913 2284 962 2308 V11
981 2285 1100 2316 prohibet
1114 2294 1146 2309 ne

258 2326 318 2357 quis
332 2325 401 2350 bace.
424 2325 596 2349 licentiandus
615 2325 708 2354 Paris,
723 2325 828 2356 quando
845 2325 935 2357 recipit
949 2326 1088 2357 signetum,
1101 2327 1146 2350 ali-

257 2366 320 2398 quid
342 2365 478 2398 promittat
498 2365 649 2389 cancellario
675 2366 768 2394 Paris,
792 2366 850 2395 4843
872 2366 1048 2396 juramentum
1070 2367 1146 2391 licen-

257 2405 341 2430 tiandi
363 2408 507 2437 praestant,
530 2405 575 2429 331
596 2410 624 2428 n⁰
649 2405 718 2435 1491,
748 2406 807 2435 413,
829 2406 998 2430 cancellarius
1016 2407 1099 2430 Paris.
1121 2409 1146 2431 et

258 2446 479 2470 subcancellarius
504 2446 631 2470 omittunt
652 2446 799 2477 juramenta
824 2446 923 2477 exigere
948 2454 964 2470 a
992 2446 1145 2472 baccalarcis

257 2486 429 2515 licentiandis,
447 2486 507 2517 364,
531 2488 588 2518 post
612 2486 740 2510 licentiam
760 2486 928 2517 magistrandi
951 2486 1042 2511 debent
1063 2488 1145 2512 facere

258 2527 386 2558 vesperias
407 2528 434 2550 et
456 2527 606 2558 assignatur
625 2526 662 2550 eis
681 2525 737 2550 dies
760 2533 805 2557 per
824 2526 1004 2550 cancellarium
1019 2528 1045 2550 et
1063 2528 1145 2559 magi-

257 2570 340 2591 strum
363 2574 440 2590 suum
462 2567 603 2591 secundum
623 2567 736 2590 ordinem
760 2567 883 2593 licentiae.
904 2567 962 2596 376,
979 2567 1144 2592 cancellarius

257 2614 307 2630 non
323 2608 408 2638 potest
420 2607 545 2638 impedire
559 2607 738 2638 magisterium
756 2609 813 2638 post
833 2606 969 2636 licentiam,
984 2607 1034 2630 nisi
1047 2607 1142 2638 justam

259 2654 363 2670 causam
382 2647 511 2677 ostendat,
523 2647 578 2676 376,
598 2655 622 2672 υ.
640 2646 829 2672 Cancellarius
850 2646 874 2671 S.
892 2646 1055 2677 Genovefae,
1077 2646 1144 2671 Can-

256 2687 390 2712 cellarius
405 2687 580 2717 Parmensis,
599 2688 679 2712 Univ.
696 2686 782 2712 Paris.
798 2695 803 2710 :
820 2687 1010 2711 Meum-mm.

225 2741 286 2745 —-
302 2727 344 2751 De
367 2727 525 2752 Schismate
543 2735 552 2751 .·
567 2727 734 2751 Uuiversitas
756 2727 840 2751 Paris.
856 2727 881 2750 in
904 2727 1051 2755 schismate,
1068 2726 1143 2756 236*‚

256 2768 302 2792 457
310 2771 331 2796 ·,
343 2774 365 2792 v.
379 2768 525 2798 Tabulam,
536 2776 560 2800 p.
571 2768 617 2792 688
628 2775 698 2800 sqq.;
709 2768 873 2799 congregatio
885 2776 967 2791 coram
982 2768 1075 2800 populo
1089 2767 1144 2791 uni-

256 2815 329 2832 verso
343 2808 369 2832 in
384 2808 490 2832 ecclesia
502 2807 650 2835 Parisiensi,
672 2808 703 2831 de
722 2808 869 2837 schismate,
884 2808 943 2838 249,
963 2808 1046 2831 nuntii
1062 2807 1142 2839 aliqui

256 2847 377 2872 Univers.
402 2847 434 2871 ad
462 2847 598 2872 Urbanum
634 2847 671 2871 VI
699 2847 775 2872 missi
811 2850 897 2880 partes
925 2847 1066 2871 Clementis
1095 2847 1142 2870 VII

256 2891 409 2920 sequuntur.
426 2888 472 2912 248
486 2893 514 2912 n⁰
532 2889 626 2919 1430*;
640 2889 725 2913 nuntii
739 2889 922 2913 Universitatis
944 2889 968 2912 in
994 2888 1141 2912 Flandriam

1189 326 1338 349 RERUM.
2060 311 2123 344 767

1242 400 1316 424 missi
1333 399 1364 423 ad
1381 398 1536 423 sedationem
1551 398 1706 427 schismatis,
1718 398 1776 427 100,
1793 396 1897 429 plurimi
1910 404 1938 420 ex
1950 398 2003 419 nat.
2017 394 2130 426 Anglic.,

1242 442 1268 464 et
1289 439 1396 472 quidem
1420 439 1564 468 Alemanni,
1589 438 1695 462 minime
1720 440 1804 469 partes
1827 436 1964 461 Clementis
1986 435 2034 459 VII
2057 435 2129 466 sequi

1242 482 1390 509 voluerunt,
1410 480 1491 510 269*;
1512 479 1680 504 cancellarius
1704 478 1805 502 nullum
1831 479 1977 509 suspectum
1993 476 2022 500 de
2037 475 2130 500 adhae-

1242 522 1322 547 rendo
1336 521 1441 545 Urbano
1452 520 1487 543 VI
1501 520 1532 544 ad
1549 519 1678 544 licentiam
1693 519 1830 544 admittere
1846 518 1929 547 debet,
1941 518 1984 542 301
1999 522 2028 540 nn
2039 516 2097 541 1461
2106 518 2129 547 *,

1241 562 1304 592 3713
1317 560 1492 585 controversia
1507 561 1537 583 fit
1552 559 1583 583 de
1595 559 1749 591 quibusdam
1766 558 1902 582 licentiatis
1917 558 1962 589 qui
1977 557 2130 581 dicebantur

1243 600 1412 629 schismatici,
1425 600 1479 630 413,
1492 600 1572 629 420*;
1586 599 1734 623 Bonifacius
1744 599 1781 622 lx
1794 598 1922 630 permittit
1936 598 1970 627 (in
1982 597 2128 627 schismate)

1243 642 1372 666 scholares
1388 640 1595 664 ultramontanos
1611 639 1720 662 Parisiis
1731 638 1834 662 studere
1849 639 1874 662 et
1896 637 1991 669 gradus
2006 637 2126 668 recipere,

1242 689 1292 706 non
1309 683 1396 705 tamen
1412 688 1426 704 a
1441 679 1593 704 cancellario
1609 678 1704 707 Paris„
1719 678 1759 701 601
1778 682 1807 700 110
1822 677 1894 706 1672:
1910 685 1934 701 υ.
1955 675 2130 701 Universita-

1241 724 1286 747 tes
1301 721 1534 751 Ileidezberyens.,
1550 719 1686 749 Pragyens.

1210 803 1386 829 Universitas
1402 803 1489 828 Paris.
1507 803 1582 831 (Res)
1600 811 1606 827 :

1210 859 1271 862 ———
1289 847 1374 871 Arca,
1393 844 1494 868 fortiter
1513 843 1641 871 obserata,
1659 842 1685 865 in
1703 841 1815 865 claustro
1832 841 1858 864 S.
1870 840 1992 864 Maturini
2008 840 2127 871 reposita,

1241 885 1287 909 604
1303 890 1331 908 11⁰
1346 884 1418 914 1678,
1441 884 1467 907 in
1483 891 1542 907 arca
1561 882 1691 907 communi
1714 882 1896 906 custodiuntur
1911 888 2042 904 commune
2057 881 2128 912 sigil-

1241 926 1294 950 lum
1318 924 1505 949 Universitatis
1523 926 1549 948 et
1571 925 1682 955 quatuor
1696 922 1778 947 claves
1799 924 1826 946 et
1846 921 1994 946 clavaturae-
2014 923 2129 953 quatuor

1240 964 1400 993 facultatum,
1413 963 1453 986 66.

1210 1019 1271 1022 —
1287 1003 1446 1029 Aristotelis
1461 1002 1623 1035 philosophia
1644 1001 1769 1026 naturalis
1783 1003 1810 1025 et
1828 1001 1942 1030 moralis,
1957 1001 2043 1025 20011ο
2059 1001 2128 1026 1371.

1208 1060 1270 1062 -—
1286 1043 1478 1075 Astroloyiam
1494 1043 1581 1074 legens
1591 1051 1604 1066 e
1616 1046 1748 1074 praecepto
1761 1042 1837 1072 regis,
1849 1042 1910 1066 Jou.
1922 1041 2060 1071 Dumnm,
2072 1042 2128 1066 265.

1208 1100 1269 1102 —
1286 1085 1460 1112 Auditiones‚
1476 1083 1531 1107 361.
1722 1078 1727 1081 '

1208 1140 1270 1143 —
1286 1126 1378 1149 Aulus
1391 1125 1479 1148 tenent
1492 1122 1644 1151 cancellarii,
1661 1122 1714 1146 414.

1209 1180 1270 1183 —
1287 1165 1429 1196 Beneficia
1445 1172 1454 1188 :
1469 1164 1555 1187 Pauca
1567 1162 1687 1186 beneficia
1701 1162 1830 1194 pertinent
1846 1161 1878 1185 ad
1892 1162 2052 1186 collationem
2065 1162 2127 1186 Uni-

1240 1205 1385 1233 versitatis,
1401 1204 1432 1228 78
1445 1209 1473 1227 n⁰
1489 1203 1562 1233 1261,
1579 1203 1664 1227 nullus
1679 1202 1711 1226 ad
1732 1203 1786 1234 ejus
1808 1202 1968 1226 collationem
1989 1202 2128 1234 impetrare

1239 1247 1333 1277 potest,
1350 1245 1380 1269 78
1395 1250 1424 1268 n⁰
1440 1245 1512 1274 1261,
1528 1252 1553 1269 υ.
1570 1244 1734 1274 Prz'vz'leyia.

1209 1299 1269 1303 -—
1288 1285 1440 1314 Birrezum‚
1459 1284 1513 1314 414,
1530 1283 1589 1313 417,
1612 1283 1709 1307 dabant
1725 1282 1863 1306 licentiatis
1883 1281 2009 1306 birretum
2029 1281 2126 1306 cancel-

1238 1325 1305 1354 larii,
1322 1325 1376 1348 414.

1207 1379 1270 1383 —-
1286 1366 1368 1388 Bona
1382 1372 1391 1388 :
1407 1364 1535 1388 Johanncs
1550 1372 1592 1388 rex
1606 1363 1727 1391 declarat,
1743 1362 1872 1386 occasione
1887 1361 2019 1393 cujusdam
2036 1361 2126 1391 duelli,

1239 1406 1349 1429 Pratum
1369 1405 1518 1429 clericorum
1542 1404 1572 1428 ad
1593 1403 1795 1428 Universitatem
1820 1402 1902 1427 Paris.
1927 1401 2064 1433 pertinere,
2081 1402 2123 1432 10,

1239 1445 1418 1476 praesentibus
1432 1446 1529 1469 rectore
1545 1443 1686 1475 multisque
1705 1442 1848 1474 magistris,
1862 1442 1990 1474 quoddam
2007 1441 2121 1472 bladum,

1239 1485 1395 1509 seminatum
1411 1485 1437 1508 in
1454 1485 1530 1508 Prato
1545 1483 1694 1507 clericorum
1714 1491 1728 1506 a
1747 1482 1858 1514 quodam
1883 1482 1955 1509 laico,
1971 1482 2123 1513 extirpatur,

1239 1524 1297 1555 135;
1310 1525 1474 1550 Universitas
1487 1525 1529 1556 jus
1542 1525 1695 1555 patronatus
1707 1522 1784 1546 habet
1799 1522 1824 1545 in
1839 1522 1898 1546 eccl.
1910 1522 2012 1554 paroch.
2024 1522 2051 1546 S.
2063 1522 2125 1546 Ger-

1238 1565 1307 1589 mani
1323 1565 1353 1589 de
1369 1565 1457 1589 Pratis
1472 1572 1517 1596 pro
1532 1562 1693 1587 demolienda
1708 1562 1803 1594 capella
1816 1565 1842 1586 et
1865 1562 1922 1586 aliis
1944 1562 2017 1586 bonis
2033 1563 2125 1586 immo-

1239 1603 1332 1628 bilibus
1348 1611 1414 1635 quae
1434 1603 1466 1627 ad
1487 1603 1687 1628 Universitatem
1703 1602 1877 1634 pertinebant,
1901 1602 2019 1631 176-179,
2040 1601 2125 1626 Urba-

1237 1651 1287 1667 nus
1301 1643 1323 1666 V
1336 1643 1366 1667 ad
1381 1643 1510 1668 officialem
1524 1643 1607 1667 Paris.
1620 1645 1649 1666 ut
1661 1643 1776 1674 inquirat
1788 1642 1913 1674 quidquid
1927 1644 2029 1674 pactum
2044 1642 2125 1667 fuerit

1237 1683 1438 1707 Universitatem
1454 1683 1522 1707 inter
1535 1684 1560 1707 et
1574 1682 1692 1706 abbatem
1708 1683 1734 1706 S.
1746 1682 1866 1706 Germani
1881 1681 1912 1706 dc
1927 1682 2021 1711 Pratis,
2036 1682 2089 1706 179.

1205 1737 1267 1740 —-
1285 1725 1402 1748 camera
1414 1723 1549 1753 examinis,
1563 1723 1618 1753 371,
1634 1722 1689 1746 378.

1205 1776 1267 1780 ———
1286 1764 1401 1787 collatio
1416 1763 1521 1787 rectoris
1535 1762 1567 1786 ad
1582 1762 1687 1790 clerum,
1703 1762 1747 1786 331
1764 1767 1793 1785 n⁰
1806 1761 1874 1786 1491.

1204 1818 1266 1822 —
1285 1804 1406 1834 Colleqia
1425 1803 1624 1834 reliyiosorum
1638 1811 1646 1826 :
1662 1802 1793 1834 Supplicat
1812 1802 1974 1825 Universitas
1992 1809 2072 1833 papae
2091 1803 2122 1825 ut

1238 1843 1299 1867 libri
1315 1843 1491 1867 decedentium
1507 1843 1617 1866 fratrum
1634 1842 1782 1874 pertineant
1796 1842 1827 1865 ad
1843 1841 1955 1873 collegia,
1972 1841 2026 1865 245.

1204 1897 1266 1901 -—
1285 1884 1405 1914 Colleyia
1421 1884 1502 1913 reliq.
1518 1887 1544 1906 et
1562 1882 1719 1906 saecularia
1733 1890 1741 1906 .·
1756 1882 1785 1905 In
1801 1881 1874 1904 domo
1893 1881 2025 1912 cujusdam
2040 1882 2123 1913 magi-

1235 1923 1284 1946 stri
1300 1923 1372 1954 parvi
1389 1923 1516 1946 scholares
1531 1922 1596 1945 circa
1608 1921 1638 1945 50
1652 1923 1772 1952 tanquam
1789 1921 1815 1944 in
1831 1920 1932 1952 collegio
1947 1921 2061 1951 aluntur,
2077 1920 2123 1944 548

1234 1968 1263 1987 n0
1284 1963 1357 1993 1599,
1374 1962 1506 1994 collegium
1520 1964 1576 1986 octo
1592 1961 1753 1991 scholarium,
1772 1961 1824 1984 156.
1838 1975 1869 1978 —-
1884 1961 1979 1992 Colleg.
1996 1960 2122 1985 Becodia—

1234 2012 1304 2034 num,
1316 2004 1371 2034 237,
1381 2004 1440 2034 242,
1457 2004 1483 2027 in
1494 2004 1588 2035 capella
1599 2004 1686 2028 divina
1699 2005 1808 2035 possunt
1819 2002 1949 2032 celebrari,
1960 2002 2018 2032 242,
2030 2002 2122 2026 domus

1233 2047 1332 2069 rector:
1345 2045 1407 2068 Jon.
1416 2045 1593 2068 BARDOL’L.—
1601 2044 1693 2076 Colleg.
1703 2046 1727 2069 S.
1736 2044 1868 2073 Bernardi,
1878 2051 1901 2068 υ.
1911 2043 2119 2068 cistercienses.

1233 2099 1264 2102 —
1283 2085 1350 2108 Boni
1367 2085 1448 2116 pueri,
1467 2085 1540 2108 194&
1561 2098 1592 2102 —
1606 2084 1669 2108 Coll.
1685 2084 1715 2108 de
1730 2083 1869 2113 Boissiaco,
1885 2083 1939 2112 242,
1954 2083 2014 2112 252,
2031 2082 2121 2106 funda-

1233 2127 1290 2148 tum
1310 2132 1356 2156 per
1376 2124 1547 2148 Godefridum
1569 2126 1596 2148 et
1617 2125 1673 2155 ejus
1692 2127 1808 2155 nepotem
1827 2124 1985 2155 Stephanum
2000 2122 2029 2146 de
2044 2123 2120 2146 Bois-

1234 2165 1312 2194 siaco,
1334 2164 1393 2193 252,
1415 2164 1578 2188 Universitas
1601 2172 1680 2195 papae
1703 2163 1830 2195 supplicat
1850 2167 1880 2186 ut
1894 2163 1980 2187 divina
1999 2162 2079 2186 officia
2093 2163 2120 2186 in

1233 2204 1328 2236 capella
1343 2204 1441 2235 collegii
1456 2204 1579 2228 celebrari
1593 2205 1702 2236 possint,
1716 2203 1942 2233 242,252.-0011.
1955 2203 2121 2235 Burgundiae

1234 2245 1342 2269 Parisiis
1356 2245 1503 2274 fundatum,
1517 2246 1571 2274 250,
1588 2246 1647 2275 253,
1657 2246 1779 2277 magister
1792 2254 1797 2269 z
1809 2253 1832 2269 v.
1845 2246 1986 2269 Jonaxxsss
2000 2246 2074 2269 Gouz
2085 2252 2119 2269 nr:

1232 2287 1420 2310 POLYGNJACO.
1435 2300 1466 2304 —
1487 2285 1550 2310 Coll.
1570 2286 1749 2309 Cameracense
1768 2285 1913 2315 fundatum,
1926 2286 1979 2316 180,
1995 2286 2050 2316 244,
2063 2286 2118 2311 245.

1232 2327 1292 2357 252,
1302 2326 1422 2350 Univers.
1437 2326 1564 2357 supplicat
1577 2329 1606 2350 ut
1616 2326 1701 2350 divina
1714 2326 1792 2349 officia
1807 2326 1834 2350 in
1849 2326 1943 2358 capella
1956 2327 2043 2358 colleg.
2057 2326 2120 2350 cele-

1231 2367 1300 2391 brari
1320 2367 1429 2398 possint,
1450 2366 1505 2395 245,
1528 2366 1582 2390 252.
1603 2380 1633 2383 ——
1653 2366 1715 2390 Coll.
1736 2366 1898 2398 Campaniae,
1915 2366 1980 2390 454*
2001 2369 2033 2395 (v.
2056 2367 2118 2391 Coll.

1230 2407 1379 2436 Navarrae).
1389 2406 1489 2430 —Coll.
1502 2405 1532 2429 dc
1544 2406 1655 2430 Choletis
1667 2414 1673 2429 :
1686 2405 1772 2429 vinum
1785 2408 1943 2430 arrestatum
1955 2414 2000 2438 per
2010 2415 2116 2438 praepo-

1230 2447 1309 2470 situm
1325 2448 1506 2474 mercatorum,
1521 2446 1565 2469 158
1580 2451 1607 2470 n⁰
1624 2446 1691 2470 1330.
1705 2460 1736 2464 --
1750 2446 1812 2470 Coll.
1830 2446 2004 2477 Cluniacense,
2020 2447 2078 2477 314,
2092 2447 2118 2471 in

1230 2487 1335 2518 collegio
1348 2488 1412 2511 sunt
1426 2487 1543 2511 nonnulli
1556 2487 1669 2518 religiosi
1685 2487 1853 2516 indoctibiles,
1869 2495 1893 2511 υ.
1910 2487 2116 2512 Cluniacenses.

1228 2541 1259 2545 -
1273 2529 1306 2552 B.
1320 2527 1449 2557 Dionysii
1463 2528 1493 2551 in
1507 2528 1632 2551 Francia
1647 2528 1794 2551 monasterii
1809 2527 1947 2559 collegium
1961 2528 2115 2551 scholarium

1230 2568 1326 2597 Paris,
1342 2568 1401 2597 4483
1422 2571 1505 2591 rector
1521 2576 1526 2591 :
1544 2576 1567 2592 v.
1589 2569 1679 2592 FULco
1695 2576 1729 2592 nn
1745 2569 1906 2593 Bmxnnx-o.
1924 2583 1951 2586 —
1968 2569 2029 2593 Coll.
2045 2570 2115 2593 Har—

1229 2607 1376 2637 curianum,
1394 2607 1448 2637 218,
1465 2608 1527 2638 389,
1542 2608 1684 2639 provisores
1700 2617 1706 2632 :
1723 2617 1746 2633 υ.
1763 2610 1905 2633 JOIIANNES
1920 2609 2044 2639 Rom-m,
2066 2609 2116 2633 Ri-

1229 2655 1358 2672 CHARDUS
1374 2648 1481 2672 BARBE.
1494 2662 1523 2665 —
1535 2649 1597 2672 Coll.
1609 2649 1738 2679 Justiciae,
1749 2650 1804 2672 5363.
1819 2663 1850 2666 —
1862 2649 2039 2678 Laudunense,
2061 2649 2113 2680 106,

1231 2687 1284 2711 153.
1301 2687 1354 2716 156,
1371 2687 1430 2717 248,
1448 2687 1527 2711 situm
1545 2688 1570 2711 in
1589 2689 1628 2711 via
1643 2689 1670 2711 S.
1686 2688 1834 2717 Genovefue,
1855 2693 1882 2711 11¹·
1903 2688 1975 2718 1283,
1998 2689 2113 2720 postulat

1229 2729 1319 2751 eontra
1331 2728 1463 2750 carnifices
1475 2727 1522 2750 vici
1539 2728 1564 2751 S.
1581 2728 1733 2757 Genovefae,
1745 2733 1773 2751 η’)
1786 2728 1858 2757 1283,
1874 2735 1931 2751 cum
1944 2728 2000 2752 aliis
2013 2727 2115 2752 obtinet

1230 2771 1259 2791 ut
1272 2767 1405 2791 carnifices
1419 2775 1434 2790 a
1450 2767 1613 2792 Parlamento
1635 2767 1846 2798 condemnentur,
1871 2768 1989 2798 1521-155,
2005 2768 2035 2791 de
2050 2776 2113 2799 qua-

1228 2809 1287 2830 tuor
1301 2806 1385 2830 bursis
1399 2806 1538 2830 fundandis
1553 2807 1577 2830 in
1595 2815 1622 2830 eo
1642 2807 1754 2838 collegio,
1777 2807 1834 2837 156,
1848 2807 1975 2837 magister
1990 2816 1995 2831 ε
2011 2815 2033 2831 υ.
2047 2809 2111 2831 STE-

1229 2853 1340 2870 PHANUS
1354 2846 1527 2870 Escnrmm
1543 2854 1576 2870 niz
1592 2847 1774 2870 CHALENDRY.
1784 2847 1913 2871 —Domus
1923 2847 2111 2872 Maeloviensis:

1230 2887 1260 2911 de
1275 2888 1388 2919 quatuor
1407 2886 1493 2910 bursis
1513 2886 1652 2911 fundandis
1667 2887 1692 2910 in
1711 2887 1795 2917 domo,
1817 2887 1868 2911 156.
1885 2902 1914 2904 -
1934 2887 1996 2912 Coll.
2015 2888 2111 2912 cardin.
