2488 3386
389 322 453 355 768
1179 331 1305 353 mnax
1334 332 1482 353 annum.

417 405 544 433 Monachi,
556 404 631 434 239*,
644 405 703 435 260,
714 405 796 437 prior:
810 412 833 429 υ.
845 406 906 430 Jon.
918 404 1145 429 massa—0011.
1158 405 1301 434 Navarrae,

417 446 498 469 situm
514 446 540 468 in
554 445 593 468 via
608 445 634 468 S.
648 445 797 474 Genovefae,
817 445 861 469 106
873 450 902 469 n⁰
916 445 984 475 1283,
1000 445 1053 474 153,
1067 444 1143 474 241*,
1157 444 1213 475 253,
1225 444 1301 474 2592

417 485 471 514 442,
492 485 566 514 454”,
589 485 668 514 505*;
689 484 796 516 grandis
820 487 859 509 est
876 484 948 509 valde
969 484 1130 509 studentium
1150 484 1301 515 multitudo,

420 524 475 554 189,
489 524 606 556 postulat
615 526 704 548 contra
716 525 848 548 carnifices
859 525 885 549 S.
896 524 1047 553 Genovefae,
1063 524 1106 548 106
1117 529 1145 547 n⁰
1159 524 1227 555 1283,
1243 525 1303 549 153-

419 564 476 594 155,
496 564 590 596 capella
607 564 725 588 solemnis
740 565 850 595 collegii,
867 565 938 589 locus
958 565 1111 596 aptissimus
1125 564 1157 589 ad
1174 573 1304 590 sermones

417 602 555 633 faciendos,
570 603 679 627 fundata
697 604 852 636 praesertim
869 604 895 628 in
911 605 1031 628 honorem
1046 604 1071 628 S.
1085 604 1209 628 Ludovici
1225 605 1301 636 regis,

417 643 473 672 189,
490 643 651 668 Universitas
666 644 760 668 statuit
769 652 913 668 sermonem
933 645 959 668 in
974 645 1041 669 festo
1055 645 1081 668 S.
1097 645 1219 669 Ludovici
1234 646 1304 670 intra

415 684 505 715 colleg.
520 685 648 709 Navarrae
662 685 807 709 habendum
821 693 884 715 esse,
898 685 956 715 189;
973 685 1095 716 magistri
1109 694 1115 709 :
1127 693 1153 710 υ.
1166 686 1303 710 AEGmms

416 731 450 748 nn
467 725 584 754 Cmrxs,
600 725 743 749 JOHANNES
759 725 916 749 LAURENTH
929 732 963 749 nn
978 727 1159 756 CHARENGIIS,
1175 726 1304 750 LAUREN-

416 771 477 789 r1us
491 764 621 794 Qummr,
637 765 766 789 Mmmm.
778 773 811 790 nr:
827 766 968 796 CRENEYO,
986 767 1097 790 Parcus
1110 773 1144 790 nn
1157 769 1302 798 A1LL1aco,

417 806 528 829 Perkos
548 812 582 829 ns
603 805 776 836 Pinnocmi,
801 807 911 830 Parnes
936 807 1061 831 PIALLEY
1085 814 1120 831 Dr,
1145 807 1301 838 DIERREYO,

416 847 504 870 Smox
519 847 644 871 FRERON.
658 861 690 864 —
708 846 771 870 Coll.
790 847 816 870 S.
834 847 930 871 Nicolai
952 847 983 871 de
1005 847 1118 879 Lupara,
1136 848 1195 877 254,
1212 855 1304 879 quam·

419 888 505 920 plures
517 887 643 912 scholares
657 887 711 919 ejus
720 889 808 919 captos
818 895 832 911 a
843 888 986 920 praeposito
1001 889 1086 913 Paris.
1097 896 1140 913 rex
1149 888 1222 921 jubet
1237 889 1301 913 libe-

418 930 480 959 rari,
503 929 547 959 32,
567 930 653 953 rector
675 937 680 952 :
701 937 725 953 v.
750 929 861 953 Pmnus
879 930 1045 954 HEMONNETI
1060 937 1094 954 m:
1115 931 1257 955 CLARsYo.
1273 945 1304 949 —

418 969 480 993 Coll.
503 969 537 992 du
561 968 665 997 Plessis,
680 969 754 992 540*.
770 982 802 987 —
821 969 949 993 Sorbonae
963 969 1109 1001 collegium,
1125 970 1180 1000 388,
1201 970 1261 1001 417,
1277 978 1301 995 υ.

418 1009 557 1034 sorbonae
573 1008 683 1033 Domus.
702 1023 728 1027 —
746 1009 844 1033 Domus
859 1010 976 1040 Suesiae,
993 1010 1051 1041 153,
1069 1011 1169 1035 obtinet
1182 1013 1212 1035 ut
1223 1011 1305 1035 carni-

1360 419 1422 422 ——
1439 405 1582 431 Lectiones
1597 405 1782 438 magistrorum
1805 408 1831 431 et
1852 406 2065 438 baccalareorum,
2086 407 2131 432 331
2156 413 2185 433 n⁰
2205 408 2278 439 1491,

1389 444 1510 469 lectiones
1525 445 1552 469 in
1568 446 1594 471 S.
1608 446 1723 476 Victore,
1736 446 1783 471 215
1797 451 1826 471 n⁰
1842 447 1911 472 1391.

1358 500 1420 503 —-—
1436 487 1544 517 Ludus,
1566 494 1614 510 seu
1636 486 1719 511 festus
1731 487 1883 518 stultorum,
1902 488 1979 518 175*,
1996 488 2073 513 ludus
2087 489 2238 522 episcopalis
2253 490 2279 514 in

1389 525 1480 557 vigilia
1494 526 1521 550 S.
1533 526 1640 557 Nicolai,
1657 526 1720 556 166,
1731 527 1808 557 175*;
1825 528 1957 552 occasione
1971 527 2025 552 ludi
2041 528 2192 561 episcopalis
2206 531 2280 554 nocte

1390 566 1417 590 S.
1432 566 1538 597 Nicolai,
1552 567 1690 591 conflictus
1705 569 1830 592 cruentus
1844 567 1914 592 inter
1935 567 2064 592 scholares
2085 569 2169 594 Paris.
2184 571 2211 594 et
2225 576 2280 594 ser-

1390 607 1489 631 vientes
1504 607 1654 639 militesque
1675 608 1746 639 gueti
1768 608 1894 632 subm-tun
1908 610 1949 633 est
1964 618 1970 634 ε
1986 616 2065 634 eausa.
2083 617 2168 634 coram
2189 609 2280 634 Parla-

1390 649 1477 671 mento
1491 647 1585 678 delata,
1599 648 1741 672 servientes
1754 648 1909 680 puniuntur,
1924 649 2040 673 166-175.

1358 702 1420 706 —
1437 688 1526 712 Missa
1542 688 1567 712 in
1583 688 1609 712 S.
1625 688 1753 713 Germano
1768 688 1799 713 de
1814 689 1912 719 Pratis,
1929 689 1972 719 65,
1988 690 2015 714 in
2029 690 2134 714 ecclesia
2148 690 2174 714 S.
2189 690 2278 715 Matu-

1390 727 1451 758 rini,
1467 728 1505 758 65,
1521 727 1589 760 apud
1601 729 1688 753 F'ratr.
1702 728 1827 759 Minores,
1843 729 1882 754 67.

1359 783 1420 786 -OE
1439 769 1630 793 ordinarium
1647 776 1789 800 :magnum
1804 769 1972 800 ordinarium,
1985 769 2032 794 332
2047 775 2077 794 n0
2092 770 2166 801 1492,
2182 770 2279 803 princi-

1391 809 1463 841 pium
1479 808 1568 840 magni
1583 808 1719 839 ordinarii,
1732 809 1780 834 332
1793 814 1822 833 n⁰
1836 809 1904 834 1492.

1359 863 1420 867 --—-
1437 850 1549 873 Parvae
1563 849 1684 877 scholae,
1697 857 1721 873 υ.
1736 849 1907 875 Parisiorum
1923 849 2024 876 civitas
2038 859 2044 875 ι
2059 850 2172 876 Scholae.

1358 904 1421 907 —
1437 889 1595 919 Principia.
1610 889 1729 920 passim,
1744 889 1789 914 331
1803 894 1832 913 n0
1843 890 1913 914 1491.

1359 944 1422 947 —
1437 929 1597 960 Privileqia
1615 928 1822 959 Universstafis,
1838 929 1862 958 5,
1878 928 1924 953 548
1939 929 1974 952 11¹·
1989 929 2059 959 1598,
2074 929 2143 960 1601,
2155 931 2265 960 passim
2271 936 2280 959 ,·

1391 968 1458 1000 priv.
1472 976 1591 992 concessa
1606 967 1775 993 Universitati
1791 968 1875 992 multo
1889 967 2039 1000 antiquiora
2054 972 2117 993 sunt
2130 976 2210 1001 quam
2225 969 2282 1002 pri-

1390 1008 1486 1040 vilegia
1507 1008 1620 1032 ducatus
1637 1008 1817 1038 Normanniae,
1832 1008 1891 1038 190¹,
1911 1016 1934 1032 v.
1950 1008 2031 1034 Univ.
2049 1008 2158 1035 Parim:
2173 1010 2281 1034 FACUL-

419 1050 477 1074 fices
492 1050 517 1072 S.
537 1049 678 1073 Genovefae
698 1057 712 1072 a
732 1049 896 1074 Parlamento
916 1050 1124 1080 condemnentur,
1142 1051 1259 1075 153-155.
1274 1065 1305 1069 -

419 1089 481 1113 0011.
495 1088 660 1118 Tornacense,
679 1088 724 1112 571
732 1090 754 1113 *.
768 1103 799 1107 —
813 1089 875 1114 Coll.
892 1091 1052 1120 Turonense,
1067 1091 1123 1121 245,
1139 1091 1219 1121 540*;
1237 1091 1305 1115 Uni-

421 1130 531 1154 versitas
547 1128 611 1160 petit
627 1137 640 1152 a
660 1137 764 1153 summo
784 1131 903 1161 pontifice
922 1132 953 1154 ut
970 1130 1058 1155 divina
1072 1131 1154 1156 officia
1169 1132 1195 1156 in
1210 1131 1304 1164 capella

419 1170 510 1194 domus
528 1169 650 1193 celebrari
668 1170 776 1201 possint,
797 1170 851 1194 245.
868 1185 898 1189 —-
912 1171 976 1196 Coll.
993 1179 1038 1203 pro
1057 1171 1182 1203 religiosis
1198 1173 1305 1204 Majoris

421 1209 569 1234 Monasterii
588 1209 733 1240 fundatum,
749 1210 829 1240 540*;
849 1219 873 1235 υ.
892 1211 1054 1237 Turonense
1071 1212 1157 1244 Majus
1171 1213 1304 1238 Monaste-

421 1250 499 1274 rium.
516 1263 546 1267 —
561 1249 623 1273 Coll.
637 1249 837 1280 VVinvillaeum,
853 1251 919 1275 260*
934 1259 960 1275 n.
975 1252 1014 1276 47.

388 1304 449 1309 -—
467 1290 699 1320 eonqreyationes
718 1298 727 1314 .·
751 1290 923 1322 Congregatio
945 1299 989 1323 per
1010 1293 1113 1317 cedulas
1128 1294 1226 1322 vocata,
1243 1292 1302 1322 566,

419 1337 540 1361 congreg.
561 1329 691 1361 generalis
709 1330 739 1353 fit
758 1330 908 1363 plerumque
928 1334 986 1363 post
1005 1333 1119 1362 missam,
1135 1333 1174 1356 67.
1195 1347 1225 1351 -
1240 1333 1305 1357 Con-

418 1370 599 1401 gregationes:
616 1370 678 1393 hora
698 1370 865 1402 completorii,
878 1371 906 1400 4,
923 1371 986 1396 hora
997 1372 1086 1401 tertia,
1104 1373 1161 1403 190,
1178 1374 1241 1397 hora
1256 1375 1305 1397 ter-

419 1411 524 1439 tiarum,
544 1410 599 1439 567,
619 1410 678 1440 568,
699 1411 762 1434 hora
784 1411 880 1443 primae
897 1412 971 1436 Beati
990 1412 1086 1441 Jacobi.
1107 1413 1147 1443 30,
1166 1414 1225 1443 479,
1243 1414 1305 1438 hora

418 1450 515 1482 primae
531 1450 639 1474 Nostrae
655 1450 778 1475 Dominae
788 1458 833 1475 seu
847 1452 942 1476 Beatae
954 1453 1060 1481 Mariae,
1071 1453 1110 1482 28,
1123 1454 1163 1483 30,
1179 1453 1233 1483 499,
1249 1454 1304 1483 525.

417 1491 472 1519 572,
492 1490 547 1514 606.
567 1504 598 1508 ——
613 1490 786 1520 Universitas,
808 1493 962 1524 praesertim
982 1493 1081 1517 artium
1106 1493 1223 1523 facultas,
1246 1501 1306 1518 suas

418 1531 551 1555 consuevit
565 1531 646 1555 facere
661 1539 780 1563 congreg.
797 1532 823 1556 in
839 1534 995 1557 monasterio
1015 1535 1146 1566 prioratus
1167 1535 1194 1559 S.
1208 1535 1306 1559 Juliani

419 1571 555 1603 Pauperis,
571 1572 600 1595 O.
617 1571 701 1601 Clun.,
721 1572 780 1602 246,
796 1580 917 1604 congreg.
935 1575 1060 1604 generalis
1075 1574 1101 1598 in
1117 1576 1141 1600 S.
1156 1574 1304 1604 BenedictO,

419 1611 477 1641 591,
490 1612 700 1642 congregationes
710 1612 841 1643 generales
852 1620 897 1644 pro
907 1614 1053 1645 juramento
1068 1615 1207 1647 praepositi
1221 1615 1305 1639 Paris.

421 1651 488 1683 apud
508 1652 535 1676 S.
551 1651 719 1681 Bernardum,
739 1652 792 1681 163,
812 1652 871 1682 299,
894 1655 1057 1685 congregatio
1078 1655 1217 1686 generalis,
1240 1655 1306 1687 apud

422 1691 448 1715 S.
466 1690 629 1715 Bernardum
646 1696 678 1716 ut
693 1693 779 1717 moris
798 1697 837 1717 est
852 1693 882 1717 in
903 1695 1013 1723 arduis,
1034 1694 1089 1725 605,
1105 1695 1164 1726 623,
1186 1703 1306 1727 congreg.

421 1732 488 1763 apud
502 1732 527 1756 S.
544 1731 714 1761 Bernardum,
732 1732 757 1755 in
768 1739 819 1764 qua
830 1732 888 1763 plus
904 1741 980 1765 quam
991 1734 1038 1758 300
1052 1735 1172 1767 magistri
1184 1736 1308 1760 interfue-

422 1773 495 1800 runt,
515 1772 562 1795 595
578 1776 606 1795 n⁰
623 1771 695 1802 1661,
712 1780 830 1804 congreg.
845 1773 1031 1799 Universitatis
1044 1776 1111 1806 apud
1126 1776 1306 1805 Bernardinos,

421 1811 460 1839 31,
478 1811 531 1841 140,
549 1812 602 1843 163,
615 1812 670 1840 299,
686 1812 741 1841 415,
757 1813 812 1842 436,
827 1813 882 1842 431,
898 1814 954 1844 560,
970 1814 1025 1845 566,
1041 1816 1096 1845 567,
1112 1816 1167 1845 568,
1180 1817 1235 1846 572,
1251 1816 1308 1846 576,

423 1851 478 1880 582,
491 1852 546 1880 605,
560 1851 619 1882 607,
635 1859 756 1883 congreg.
773 1852 957 1884 deputatorum
969 1854 1002 1878 ab
1015 1855 1191 1880 Universitate
1205 1857 1231 1880 in
1244 1855 1310 1888 capi-

422 1887 478 1911 tulo
489 1887 586 1919 collegii
598 1887 710 1912 fratrum
725 1888 902 1913 Eremitarum
915 1890 940 1913 S.
953 1890 1107 1922 Augustini,
1118 1892 1178 1922 574,
1189 1899 1306 1924 congreg.

420 1926 487 1958 apud
503 1927 595 1952 fratres
610 1928 732 1957 Minores,
747 1929 775 1958 5,
789 1937 909 1961 congreg.
924 1931 1110 1961 magistrorum
1126 1932 1151 1956 in
1164 1932 1261 1956 scholis
1277 1933 1307 1956 fr.

422 1966 635 1991 Praedicatorum
658 1968 742 1992 Paris.
758 1968 790 1992 ad
805 1968 974 2001 disputandas
989 1972 1154 2002 quaestiones
1175 1972 1309 1996 facultatis

421 2006 542 2038 theologa,
560 2007 613 2037 114,
632 2008 683 2036 116,
706 2009 763 2039 119,
783 2009 811 2033 in
829 2009 942 2041 capitulo
959 2011 1069 2035 fratrum
1089 2012 1307 2042 Praedicatorum,

391 2073 395 2076 ,
422 2049 452 2073 74
467 2054 496 2073 n⁰
513 2050 581 2078 1255,
597 2050 637 2076 76.
652 2050 713 2080 590,
731 2053 790 2083 post
805 2059 960 2080 sermonem,
976 2053 1020 2083 74,
1037 2054 1069 2078 ad
1085 2054 1210 2079 Sanctum
1226 2056 1309 2080 Matu-

422 2089 517 2118 rinum‚
534 2091 557 2118 4,
573 2090 612 2120 28,
629 2090 668 2121 30,
682 2091 722 2121 56,
735 2091 774 2119 73,
791 2091 830 2120 75,
844 2092 897 2122 121,
911 2093 1031 2124 135,150,
1047 2094 1100 2125 161,
1116 2095 1169 2122 173,
1184 2095 1238 2124 175,
1256 2096 1308 2125 190,

422 2129 475 2158 192,
487 2129 540 2159 203,
557 2130 612 2160 205,
625 2130 680 2159 237,
694 2131 749 2162 331,
763 2131 818 2160 341,
834 2132 889 2162 344,
903 2133 958 2163 369,
972 2134 1026 2162 390,
1041 2134 1096 2164 440,
1111 2135 1166 2165 445,
1183 2135 1237 2166 479,
1253 2136 1308 2165 499,

421 2169 474 2198 513,
487 2170 540 2198 524,
553 2170 607 2200 525,
624 2171 678 2201 566,
691 2171 746 2199 569,
760 2172 815 2201 573,
827 2173 881 2202 574,
895 2172 950 2203 591,
960 2173 1016 2205 592,
1030 2174 1089 2205 606,
1101 2183 1125 2200 υ.
1136 2176 1217 2200 etiam
1229 2176 1308 2202 Univ.

423 2209 527 2235 Paris.:
544 2211 727 2235 FACULTATES
744 2214 769 2236 et
784 2212 935 2237 NATIONES.

391 2263 452 2267 —
469 2250 612 2275 Examina
627 2259 636 2275 .·
650 2251 686 2275 De
708 2251 874 2277 libertatibus
893 2256 1119 2285 praesentatorum
1143 2256 1175 2280 de
1198 2258 1310 2289 quatuor

423 2290 563 2314 Ordinibus
575 2291 778 2315 Mendicantium
789 2294 816 2316 et
825 2292 925 2324 collegii
939 2294 965 2318 S.
975 2294 1110 2326 Bernardi,
1120 2296 1165 2320 341
1176 2301 1205 2320 n⁰
1214 2297 1274 2321 1504
1282 2299 1308 2328 *3

423 2337 526 2353 examen
539 2331 564 2354 in
577 2331 665 2356 eccles.
677 2332 769 2362 Paris.,
784 2333 839 2363 307,
852 2335 971 2358 vocatum
987 2345 1000 2357 a
1016 2343 1120 2359 examen
1135 2339 1161 2360 et
1175 2338 1309 2362 tentamen

394 2396 396 2398 .
423 2369 567 2393 cancellarii
583 2371 667 2395 Paris.
680 2381 703 2400 π,
715 2371 769 2402 341,
783 2375 831 2396 aut
846 2383 858 2394 «
872 2381 976 2398 examen
991 2374 1071 2399 Beate
1086 2376 1166 2400 Marie
1179 2387 1201 2407 »,
1213 2376 1268 2401 363.
1279 2391 1311 2395 —

424 2407 536 2431 Examen
558 2410 663 2433 Sanctae
687 2411 838 2442 Genovefae,
854 2412 909 2442 350,
927 2413 987 2443 363,
1008 2414 1176 2439 cancellarius
1195 2416 1309 2447 ejusdem

425 2449 585 2479 monasterii,
615 2450 669 2478 350,
699 2458 724 2475 v.
746 2451 935 2478 Cancellarius
962 2453 986 2478 S.
1013 2454 1181 2487 Genovefae,
1203 2457 1310 2489 quidam

396 2515 398 2518 .
425 2487 545 2518 magistri
559 2488 691 2513 nationum
709 2490 818 2521 Anglic.,
834 2493 1043 2518 Normannorum
1055 2496 1081 2519 et
1096 2496 1198 2521 Picard.
1213 2497 1311 2529 injuste

425 2535 453 2551 se
465 2529 559 2559 gerunt
572 2530 759 2554 examinatores
772 2539 817 2562 pro
833 2533 950 2557 examine
970 2535 996 2557 S.
1014 2534 1166 2565 Genovefae,
1184 2537 1222 2561 illi
1236 2538 1309 2562 dam-

424 2570 526 2597 nantur,
538 2568 598 2598 306,
610 2570 713 2593 nomina
728 2571 943 2603 examinatorum,
955 2573 1047 2598 308.-
1055 2575 1253 2602 Examinatores
1264 2580 1311 2602 aut

424 2610 609 2639 teinptatores:
628 2612 768 2641 temptator
785 2619 830 2642 pro
846 2612 926 2636 officio
946 2621 992 2637 suo
1008 2616 1141 2645 pecuniam
1152 2616 1230 2641 solvit
1239 2626 1311 2650 prae-

424 2649 549 2673 decessori
565 2657 613 2673 suo
633 2651 659 2674 et
671 2650 818 2675 cancellario
838 2652 932 2683 Paris.,
946 2654 1005 2684 388,
1022 2655 1126 2686 quidam
1141 2658 1283 2689 temptator
1296 2667 1310 2682 a

424 2690 547 2721 magistro
572 2690 708 2722 pecuniam
731 2691 828 2722 accepit
850 2695 879 2716 ut
900 2694 922 2717 ei
942 2694 1088 2720 dimitteret
1102 2697 1210 2722 officium
1232 2706 1310 2723 suum

424 2730 608 2761 temptaminis,
631 2731 690 2761 382,
720 2739 744 2756 υ.
772 2733 833 2756 Jon.
855 2740 889 2757 nn
919 2735 1018 2766 Arois,
1044 2737 1104 2760 Jon.
1130 2737 1308 2770 BLANCHART,

424 2769 604 2794 GUILLELMUS
634 2772 763 2801 Gonnus,
786 2780 810 2796 v.
836 2773 1012 2800 Universitas
1038 2777 1206 2804 Parisiensis
1227 2789 1232 2804 ι
1258 2781 1310 2805 FA-

423 2817 569 2834 CULTATES.

393 2864 453 2867 —
470 2851 572 2875 Habita
588 2859 597 2875 .·
610 2852 735 2876 Authent.
752 2853 854 2877 Habita
867 2854 891 2877 in
908 2854 973 2879 actis
988 2856 1066 2880 Univ.
1081 2857 1198 2888 affertur,
1212 2858 1267 2883 321.

392 2903 452 2906 ——
469 2891 622 2919 Jubilcceus,
636 2892 690 2922 377,
706 2892 760 2922 384,
777 2893 831 2923 385,
848 2894 902 2924 387,
918 2895 973 2924 388,
989 2896 1043 2920 389.

1390 1055 1487 1073 τΑτΕε.
1502 1063 1533 1067 -
1550 1049 1707 1079 Privileyia
1727 1049 1883 1079 apostolica
1900 1057 1906 1073 :
1922 1049 2010 1075 Privil.
2031 1057 2046 1073 a
2063 1049 2121 1074 sede
2140 1053 2222 1082 apost.
2244 1050 2282 1074 in-

1390 1088 1472 1118 dulta,
1483 1088 1539 1118 230,
1550 1088 1609 1118 245,
1623 1088 1707 1120 privil.
1719 1088 1787 1113 sedis
1798 1088 1953 1120 apostolicae
1965 1091 1991 1113 et
2003 1089 2147 1121 legatorum
2156 1089 2280 1122 ejusdem,

1390 1129 1449 1159 349,
1465 1128 1496 1152 de
1511 1129 1675 1161 pecuniarum
1688 1128 1851 1160 corruptelis,
1864 1129 1909 1153 331
1923 1133 1952 1152 n⁰
1966 1129 2035 1160 1491,
2049 1129 2106 1160 349,
2121 1130 2182 1160 350,
2195 1129 2280 1162 privil.

1391 1169 1491 1193 Urbani
1507 1169 1530 1193 V
1546 1169 1578 1192 de
1591 1169 1764 1199 examinibus,
1777 1169 1836 1199 381,
1855 1168 1943 1193 nullus
1959 1170 2083 1200 magister
2097 1172 2145 1195 aut
2158 1169 2282 1195 scholaris

1392 1217 1438 1241 pro
1454 1216 1615 1241 quacumque
1630 1209 1779 1241 suspicione
1797 1209 1863 1241 capi,
1884 1217 1929 1233 nec
1944 1209 1970 1233 in
1985 1218 2087 1235 carcere
2102 1210 2219 1241 retineri,
2236 1210 2280 1235 sed

1391 1249 1511 1274 cautione
1533 1249 1623 1274 idonea
1645 1249 1749 1273 restitui
1771 1249 1855 1279 debet,
1877 1250 1909 1274 77
1931 1254 1960 1274 n⁰
1987 1250 2060 1281 1261,
2082 1250 2125 1275 cui
2149 1250 2282 1283 privilegio

1391 1291 1517 1315 contraire
1529 1291 1651 1315 officiales
1663 1291 1748 1315 Paris.
1762 1299 1813 1315 non
1828 1293 1959 1322 verentur,
1974 1292 2019 1322 77,
2035 1299 2154 1316 summus
2169 1292 2282 1324 pontifex

1391 1339 1470 1364 super
1479 1331 1525 1355 hoc
1539 1330 1623 1363 privil.
1634 1333 1840 1356 conservatorem
1853 1332 1979 1362 concedit,
1990 1332 2021 1356 ’78
2034 1337 2063 1356 n⁰
2074 1332 2147 1363 1261,
2160 1332 2282 1364 magistri

1391 1372 1578 1402 cujuscumque
1598 1371 1730 1396 facultatis
1750 1371 1856 1396 Parisiis
1870 1371 2019 1403 magistrati
2034 1372 2186 1404 ubicumque
2201 1374 2283 1397 terra-

1392 1419 1451 1436 rum
1465 1411 1558 1443 legere,
1582 1419 1678 1443 regere,
1692 1419 1870 1443 quoscumque
1890 1414 1965 1436 actus
1977 1412 2145 1436 scholasticos
2166 1419 2283 1437 exercere

1392 1452 1510 1483 possunt,
1523 1451 1554 1475 78
1570 1455 1598 1474 ιιο
1614 1450 1687 1481 1261,
1714 1451 1800 1482 privil.
1818 1451 2011 1483 quinquennale
2033 1459 2081 1483 pro
2100 1451 2236 1484 magistris
2255 1453 2283 1476 et

1392 1490 1561 1515 studentibus
1576 1490 1672 1520 Paris.,
1685 1490 1724 1521 73,
1742 1490 1796 1521 146,
1807 1491 1863 1521 364,
1879 1491 1939 1522 383,
1952 1493 2054 1516 statuta
2066 1491 2098 1516 de
2108 1491 2206 1522 eodem,
2223 1486 2280 1522 146,

1394 1531 1481 1563 privil.
1498 1531 1654 1563 septennale,
1673 1531 1726 1561 146,
1742 1532 1798 1562 243,
1809 1531 1869 1564 311,
1884 1534 1985 1556 statuta
1998 1532 2029 1557 :le
2041 1532 2138 1562 eodem,
2153 1532 2207 1562 146,
2222 1532 2280 1563 147,

1393 1571 1424 1595 de
1438 1571 1574 1604 privilegio
1589 1571 1743 1603 septennali,
1758 1572 1818 1602 243,
1835 1572 1922 1604 privil.
1939 1572 2085 1605 septennale
2099 1574 2253 1597 renovatum
2267 1580 2283 1597 a

1394 1611 1524 1636 Clemente
1542 1612 1599 1642 VII,
1615 1612 1660 1636 311
1683 1617 1712 1636 n⁰
1736 1612 1810 1643 1471,
1830 1613 1971 1644 Gregorius
1990 1613 2026 1637 XI
2041 1613 2209 1645 privilegium
2223 1620 2283 1645 sep-

1394 1652 1495 1676 tennale
1517 1653 1622 1676 renovat
1644 1660 1659 1676 a
1683 1652 1814 1676 Clemente
1842 1653 1878 1677 VI
1908 1653 2042 1684 magistris
2067 1655 2093 1677 et
2123 1652 2284 1678 scholaribus

1394 1692 1478 1717 Paris.
1494 1699 1642 1716 concessum
1661 1699 1744 1724 usque
1763 1691 1795 1716 ad
1818 1691 1983 1724 septennium
2004 1691 2162 1724 percipiendi
2182 1692 2283 1717 fructus

1395 1733 1578 1758 beneficiorum
1601 1741 1718 1764 suorum,
1741 1734 1860 1766 quamvis
1883 1741 1933 1758 non
1960 1733 2088 1758 resideant
2111 1733 2138 1757 in
2159 1731 2283 1763 ecclesiis,

1394 1773 1440 1797 223
1454 1778 1483 1797 n⁰
1497 1773 1570 1803 1401,
1584 1776 1775 1798 conservatores
1791 1774 1872 1805 hujus
1887 1773 2017 1805 privilegii
2031 1773 2210 1797 instituuntur
2228 1773 2283 1798 tres

1394 1813 1506 1844 episcopi
1527 1812 1640 1843 Belvac.,
1661 1812 1796 1843 Meldens.,
1816 1814 1842 1836 et
1863 1813 2014 1843 Silvanect.,
2038 1812 2084 1836 211
2102 1812 2135 1836 uf·
2157 1812 2237 1837 1471*
2257 1814 2284 1838 et

1396 1852 1469 1883 1472,
1494 1860 1519 1877 v.
1544 1852 1764 1878 Silvanectensis
1789 1852 1946 1885 episcopus.
1967 1866 1999 1870 —
2020 1853 2175 1884 Privileqia
2194 1853 2283 1884 νερία,

1396 1892 1450 1923 197,
1466 1892 1521 1923 299,
1535 1894 1659 1924 passim;
1674 1893 1806 1917 Johannes
1829 1901 1873 1917 rex
1892 1894 1999 1917 renovat
2013 1892 2179 1925 privilegium
2197 1899 2283 1918 exem-

1395 1932 1490 1964 ptionis
1501 1933 1666 1957 studentium
1682 1941 1697 1957 a
1711 1933 1838 1958 subsidiis
1851 1935 1878 1957 et
1892 1933 2111 1965 impositionibus,
2122 1933 2153 1957 72
2165 1937 2194 1957 n⁰
2209 1932 2283 1963 1251,

1396 1972 1505 1997 Carolus
1527 1973 1550 1996 V
1565 1973 1707 2004 scholares,
1725 1973 1846 2004 bedellos,
1863 1973 1993 2003 librarios,
2009 1972 2212 2003 illuminatores,
2228 1979 2286 2005 per-

1396 2013 1567 2044 gamenarios,
1584 2015 1643 2044 etc.,
1663 2013 1696 2038 ab
1712 2013 1924 2046 impositionibus
1939 2013 2038 2043 eximit,
2058 2012 2116 2043 188,
2133 2012 2242 2037 Carolus
2260 2011 2284 2036 V

1397 2053 1516 2084 prohibet
1530 2061 1561 2077 ne
1572 2055 1687 2085 receptor
1698 2054 1819 2078 Ambian.
1832 2053 1992 2077 frumentum
2004 2052 2072 2084 quod
2087 2053 2143 2077 veri
2157 2052 2286 2077 scholares

1397 2093 1482 2117 Paris.
1493 2093 1623 2125 recipiunt
1638 2102 1669 2118 ex
1683 2101 1772 2118 eorum
1786 2093 1918 2118 beneficiis
1932 2093 1972 2117 vel
1986 2092 2151 2124 patrimonio,
2163 2092 2194 2117 ad
2210 2099 2285 2117 usum

1397 2134 1602 2164 sustentationis,
1628 2134 1750 2164 retineat,
1772 2134 1820 2158 202
1841 2138 1870 2157 n⁰
1894 2133 1967 2163 1376,
1988 2133 2126 2163 scholares,
2148 2132 2240 2157 bedelli
2259 2134 2286 2157 et

1397 2173 1533 2205 supposita
1542 2174 1619 2199 Univ.
1630 2174 1759 2198 immunes
1775 2175 1838 2198 sunt
1850 2172 2062 2206 impositionibus
2075 2179 2122 2205 pro
2137 2172 2212 2203 vinis,
2224 2171 2284 2202 207,

1398 2213 1488 2237 vinum
1510 2216 1659 2238 arrestatur
1670 2214 1697 2238 in
1713 2214 1832 2246 Sequana
1854 2222 1898 2246 per
1912 2213 2088 2246 praepositum
2101 2214 2284 2242 mercatorum,

1399 2260 1548 2285 quanquam
1564 2254 1628 2278 illud
1643 2254 1732 2278 vinum
1746 2254 1895 2287 pertinebat
1910 2253 1942 2277 ad
1957 2252 2094 2284 collegium
2113 2252 2145 2276 de
2159 2251 2284 2282 Choletis,

1397 2294 1442 2318 158
1459 2299 1488 2317 ῑι0
1508 2294 1582 2325 1330,
1599 2295 1752 2319 franchisiae
1769 2296 1795 2319 et
1816 2294 1949 2318 libertates
1964 2300 2097 2318 concessae
2115 2291 2285 2316 Universitati

1396 2333 1428 2358 de
1441 2334 1509 2358 vinis
1521 2335 1709 2366 frumentisque
1727 2334 1888 2359 scholaribus
1905 2334 2065 2363 necessariis,
2081 2332 2141 2363 318,
2157 2331 2187 2356 de
2201 2332 2284 2365 impo-

1397 2376 1538 2401 sitionibus
1563 2377 1691 2407 vinorum,
1718 2378 1779 2401 ante
1810 2376 1975 2409 privilegium
2000 2383 2015 2399 a
2039 2382 2098 2406 rege
2120 2381 2279 2403 concessum,

1397 2417 1495 2441 multae
1507 2418 1655 2442 vexationes
1666 2417 1839 2442 Universitati
1849 2416 1955 2446 fiebant,
1972 2415 2018 2440 139
2027 2419 2055 2438 n‘·
2066 2414 2139 2444 1316,
2152 2421 2196 2438 rex
2211 2421 2287 2446 prae-

1397 2457 1461 2489 cipit
1478 2460 1509 2481 ut
1524 2457 1659 2482 studentes
1673 2458 1794 2482 Univers.
1814 2457 1896 2481 Paris.
1909 2456 1953 2487 qui
1967 2455 2064 2480 habent
2078 2455 2210 2486 signetum
2226 2461 2286 2478 rec-

1397 2497 1469 2528 toris,
1484 2497 1551 2521 nihil
1567 2497 1668 2522 solvant
1678 2506 1724 2530 pro
1735 2498 1804 2527 vino,
1820 2498 1951 2521 frumento
1962 2495 2073 2527 aliisque
2083 2494 2161 2518 rebus
2170 2493 2203 2518 ad
2216 2493 2287 2526 ipsos

1398 2538 1562 2562 venientibus
1576 2546 1607 2562 ex
1622 2546 1709 2562 eorum
1725 2538 1862 2567 beneficiis,
1878 2536 1923 2561 198
1935 2541 1963 2559 11⁰
1979 2535 2052 2566 1367,
2070 2543 2113 2559 rex
2127 2534 2244 2559 concedit
2256 2535 2288 2558 ut

1398 2578 1531 2609 signetum
1547 2579 1664 2608 rectoris,
1682 2579 1737 2602 sine
1759 2578 1863 2609 signeto
1884 2575 2039 2606 cancellarii,
2055 2575 2164 2599 sufficiat.
2178 2574 2211 2598 ad
2225 2573 2287 2599 deli-

1398 2617 1540 2642 berandum
1557 2619 1648 2643 vinum
1667 2618 1778 2642 missum
1792 2616 1963 2645 scholaribus,
1981 2615 2025 2639 139
2040 2619 2068 2639 n⁰
2083 2615 2157 2645 1316,
2173 2613 2287 2639 bedellus

1398 2658 1445 2682 fac.
1459 2658 1557 2683 decret.
1573 2666 1620 2691 pro
1632 2658 1702 2691 pecia
1722 2658 1775 2682 vini
1790 2659 1879 2689 petens
1892 2657 2036 2688 aequitum,
2053 2654 2192 2679 secundum
2208 2653 2288 2686 privi-

1397 2698 1472 2730 legia,
1495 2698 1620 2731 injuriose
1644 2698 1790 2731 percutitur
1809 2705 1824 2721 a
1843 2696 1960 2720 firmario
1974 2695 2090 2727 piscidis,
2106 2694 2151 2726 qui
2165 2702 2180 2718 a
2194 2693 2286 2718 Parla-

1399 2740 1487 2762 mento
1501 2738 1533 2763 ad
1553 2738 1684 2763 emendam
1701 2737 1874 2762 honorabilem
1889 2736 2038 2766 damnatur,
2051 2735 2111 2765 207,
2128 2734 2235 2758 Carolus
2247 2734 2284 2759 VI

1395 2779 1470 2810 jubet
1480 2779 1627 2810 magistros,
1639 2778 1767 2803 scholares
1775 2780 1801 2802 et
1811 2777 1943 2802 officiarios
1955 2775 2144 2801 Universitatis
2156 2775 2287 2800 immunes

1397 2819 1451 2843 fore
1475 2818 1586 2843 subsidii
1604 2818 1642 2843 vel
1663 2818 1824 2842 semidecimi
1842 2816 1911 2849 quod
1925 2825 1940 2841 a
1955 2815 2080 2848 gentibus
2094 2814 2285 2844 ecclesiasticis,

1396 2860 1526 2883 annuente
1543 2867 1617 2891 papa,
1639 2859 1740 2889 exigere
1760 2866 1803 2882 rex
1822 2859 1934 2890 poterat,
1950 2857 2009 2887 423,
2025 2855 2189 2881 Universitas
2203 2862 2288 2879 exem-

1397 2900 1535 2931 ptionema
1549 2899 1630 2923 talliis
1645 2902 1672 2923 et
1684 2899 1792 2923 decimis
1803 2898 1913 2928 obtinet,
1927 2897 1982 2927 549,
1997 2896 2043 2921 581
2058 2899 2087 2920 n⁰
2102 2895 2196 2924 1635*;
2206 2893 2288 2926 magi-
