2488 3386
191 338 286 375 1366]
607 351 653 372 AB
687 350 793 372 ,111Νο
824 349 954 372 110001,
988 350 1119 377 USQUE
1154 351 1201 371 An
1238 351 1500 373 BENEDICTUM
1534 353 1625 374 Xltt.
1987 346 2049 377 145

278 426 365 457 Item
389 424 485 469 quod
507 424 592 457 dicti
619 423 778 457 scolares
804 423 994 456 audientes
1020 435 1104 456 suas
1132 423 1308 456 lectiones
1334 425 1369 456 in
1396 425 1488 457 (110111
1516 426 1681 458 facultate
1712 427 1859 459 sedeant
1891 428 1925 459 in
1958 434 2047 461 terra

187 503 307 524 coram
337 491 566 536 inagistris'*'',
599 502 671 523 non
700 491 736 523 in
762 490 944 535 seampnis
971 489 1028 523 vel
1059 489 1209 522 sedibus
1235 490 1361 523 levatis
1389 503 1406 523 a
1435 498 1541 531 terra,
1566 492 1656 524 510111
1685 492 1857 525 hactenus
1889 501 2048 538 tempore

188 570 259 602 quo
282 558 376 590 dicte
404 557 582 590 facultatis
609 557 767 590 studium
798 557 914 601 magis
942 556 1107 598 florebat,
1134 556 1358 598 servabatur,
1381 564 1419 589 ut
1444 558 1585 590 occasio
1614 558 1784 603 superbie
1810 572 1827 591 a
1851 560 2048 603 juvenibus

188 624 406 657 secludatur.

279 692 366 723 Item
394 691 584 724 statuimus
614 690 825 723 auctoritate
856 690 1016 734 predicta
1046 690 1143 734 quod
1175 690 1334 722 scolares
1365 697 1552 734 antequam
1589 691 1632 723 ad
1668 692 1979 725 determinandum
2012 694 2047 725 in

187 757 326 791 artibus
347 757 591 798 admittantur,
614 769 776 802 congrue
797 757 870 789 sint
890 757 927 789 in
947 757 1141 801 gramatica
1163 757 1295 797 edocti,
1314 763 1347 789 61
1371 757 1577 790 1)0011·1111116
1599 764 1631 790 61
1654 758 1880 791 Grecismum
1903 760 2048 792 audive-

188 825 275 866 rint;
299 824 495 857 dummodo
517 824 553 856 in
574 824 705 857 studiis
725 830 786 857 aut
805 823 885 856 aliis
906 823 1010 864 locis,
1034 823 1096 856 ubi
1117 823 1398 869 grammaticalia
1420 824 1625 870 didicerint,
1650 825 1734 857 dicti
1760 824 1843 857 libri
1869 825 2046 870 legantur.

276 892 364 923 Item
387 890 484 935 quod
505 891 711 924 audiverint
730 897 889 924 veterem
910 897 1022 923 artem
1042 897 1165 932 totam,
1183 890 1314 923 librum
1337 889 1594 935 Thopicorum,
1614 891 1803 935 potissime
1825 892 1942 936 quoad
1964 904 2049 936 qua-

188 964 269 991 tuor
301 957 429 998 libros,
461 964 496 990 61
524 957 639 990 libros
668 957 925 998 Elenchorum,
956 957 1121 990 Priorum
1149 964 1184 990 et
1213 957 1458 990 Posteriorum
1486 957 1681 1002 complete;
1714 958 1819 990 etiam
1845 958 1975 991 librum
2006 960 2050 992 de

188 1024 316 1057 Anima
336 1024 373 1056 in
395 1030 469 1057 toto
490 1024 547 1057 vel
564 1024 601 1056 in
622 1030 734 1069 parte.

276 1092 364 1124 Item
386 1091 483 1136 quod
505 1091 628 1124 nullus
648 1091 855 1124 admittatur
876 1091 920 1124 ad
937 1091 1250 1124 determinandum
1269 1091 1305 1123 in
1322 1090 1473 1132 artibus,
1492 1091 1562 1123 nisi
1579 1091 1621 1123 ad
1640 1091 1759 1124 minus
1776 1092 1883 1124 suerit
1900 1092 2051 1125 studens

187 1158 347 1190 Parisius
369 1170 434 1202 per
455 1158 547 1191 duos
567 1169 695 1199 annos,
719 1158 817 1191 omni
839 1157 1112 1203 dispensatione
1133 1157 1336 1190 interdicta.

275 1225 364 1257 Item
395 1224 493 1269 quod
522 1224 645 1258 nullus
672 1224 879 1257 admittatur
905 1224 949 1257 ad
979 1224 1159 1257 licentiam
1191 1225 1227 1256 in
1257 1224 1350 1257 dicta
1377 1224 1557 1265 facultate,
1588 1237 1653 1257 nec
1684 1225 1719 1257 111
1748 1226 1910 1258 examine
1943 1227 2051 1258 Beate

187 1291 312 1330 Marie,
334 1302 400 1324 nec
420 1291 455 1323 in
478 1291 640 1324 examine
663 1292 790 1324 Sancte
811 1291 1012 1330 Genovese,
1034 1291 1105 1324 nisi
1132 1291 1223 1324 ultra
1255 1291 1438 1336 predictos
1468 1291 1582 1323 libros
1610 1292 1788 1324 audiverit
1814 1293 1974 1325 Parisius
1995 1293 2051 1326 vel

187 1358 223 1390 in
247 1357 317 1390 alio
343 1358 464 1390 studio
495 1358 658 1402 generali
687 1358 819 1390 librum
850 1358 1100 1403 Physicorum,
1124 1358 1168 1390 de
1199 1358 1444 1391 Generatione
1472 1365 1507 1390 et
1537 1358 1792 1402 Corruptione,
1825 1359 1868 1391 de
1899 1359 1987 1392 Celo
2018 1366 2049 1392 et

187 1424 338 1466 Mundo,
365 1425 475 1458 Parva
497 1424 682 1466 naturalia,
705 1425 877 1458 videlicet.
897 1425 1011 1457 libros
1038 1425 1082 1457 de
1113 1425 1229 1457 Sensu
1261 1432 1296 1457 et
1324 1425 1490 1465 sensato,
1520 1425 1563 1457 de
1591 1426 1749 1469 Sompno
1772 1432 1806 1457 et
1836 1425 1980 1470 Vigilia,
2007 1427 2051 1458 de

187 1491 361 1524 Memoria
382 1498 417 1524 et
439 1491 734 1533 Reminiscentia,
757 1492 801 1524 de
823 1492 1068 1537 Longitudine
1091 1498 1125 1524 61
1147 1492 1326 1524 Β16ν111110
1348 1492 1432 1532 vite,
1452 1491 1582 1524 librum
1606 1491 1855 1536 Metaphisice‚
1877 1492 1934 1524 vel
1956 1493 2052 1536 quod

187 1564 266 1590 actu
287 1558 408 1590 audiat
428 1558 599 1599 eundem,
621 1565 656 1591 et
676 1558 773 1603 quod
794 1558 936 1603 aliquos
957 1558 1072 1591 libros
1092 1558 1364 1591 mathematicos
1381 1558 1570 1591 audiverit.

276 1625 363 1657 Item
386 1625 483 1669 quod
505 1624 628 1658 nullus
650 1625 819 1658 decetero
843 1625 1050 1658 admittatur
1071 1626 1114 1658 ad
1138 1625 1386 1670 magisterimn
1410 1625 1445 1657 in
1467 1624 1618 1666 artibus,
1642 1625 1711 1657 11151
1733 1625 1916 1669 predictos
1937 1625 2052 1658 libros

186 1691 377 1732 audiverit,
394 1703 460 1724 nec
477 1703 550 1724 non
570 1691 685 1725 libros
706 1692 874 1733 morales,
898 1692 1105 1737 specialiter
1126 1692 1257 1725 librum
1281 1692 1490 1725 Ethicorum
1514 1704 1576 1737 pro
1596 1692 1720 1736 majori
1739 1699 1849 1736 parte,
1869 1699 1903 1725 et
1919 1693 2050 1725 librum

186 1757 470 1799 Metheororum,
493 1758 619 1791 saltem
641 1765 714 1791 tres
736 1759 873 1804 primos
892 1759 1018 1800 libros,
1042 1759 1139 1792 omni
1161 1759 1434 1804 dispensatione
1456 1759 1658 1791 interdicta.

271 1826 359 1857 Item
381 1825 479 1870 quod
500 1825 623 1858 nullus
651 1825 695 1858 ad
720 1825 907 1859 licenciam
930 1826 966 1858 in
995 1826 1116 1870 aliquo
1139 1826 1301 1859 examine
1323 1826 1417 1858 dicte
1445 1826 1623 1858 facultatis
1649 1826 1868 1867 admittatur,
1891 1827 1961 1859 nisi
1982 1828 2053 1858 sre-

186 1892 414 1936 quentaverit
443 1892 710 1936 disputationes
748 1893 1003 1938 magistrorum
1039 1893 1204 1937 ejusdem
1237 1893 1417 1925 facultatis
1446 1905 1509 1938 per
1539 1905 1671 1925 annum
1700 1893 1757 1926 vel
1789 1905 1851 1938 per
1882 1895 2051 1937 majorem

188 1965 323 2003 partem
345 1959 453 1992 unius
474 1960 558 1992 anni
588 1966 749 2004 tempore
771 1959 955 1993 Ordinarii
981 1960 1114 2005 magni,
1139 1966 1172 1992 et
1199 1959 1325 1992 saltem
1354 1960 1583 2004 responderit
1613 1960 1649 1992 in
1676 1959 1816 1992 duabus
1845 1960 2052 2004 disputatio-

187 2024 308 2066 nibus,
331 2025 565 2070 presentibus
592 2026 778 2071 aliquibus
804 2027 1001 2071 magistris,
1025 2027 1069 2059 de
1095 2026 1229 2071 quibus
1256 2039 1319 2071 per
1345 2026 1492 2059 cedulas
1514 2027 1775 2071 disputantium
1798 2027 2050 2070 magistrorum

187 2091 369 2124 tenebitur
389 2092 489 2124 illum
512 2093 766 2125 cancellarium
787 2093 995 2133 informare,
1019 2093 1055 2125 in
1077 2094 1180 2138 cujus
1203 2094 1366 2126 examine
1388 2093 1568 2126 licentiam
1590 2093 1748 2126 voluerit
1768 2093 1944 2126 obtinere.

274 2159 362 2190 Item
399 2159 495 2203 quod
525 2159 562 2191 in
592 2159 890 2204 temptationibus
919 2160 1093 2192 examinis
1126 2160 1253 2192 Sancte
1289 2160 1476 2193 Genovese
1511 2167 1666 2204 quatuor
1698 2160 1861 2204 magistri
1900 2166 2052 2204 quatuor

185 2225 369 2258 nationum
396 2225 564 2258 intersint
586 2238 666 2258 cum
694 2226 923 2268 cancellario,
946 2226 1003 2259 vel
1024 2226 1326 2268 subcancellario,
1342 2227 1453 2271 jurati
1481 2227 1517 2259 in
1543 2227 1725 2271 presentia
1755 2227 1932 2259 facultatis
1965 2239 2051 2271 sepe

185 2291 292 2332 dicte,
322 2292 419 2336 quod
445 2292 601 2325 fideliter
631 2293 869 2338 temptabunt,
898 2293 1030 2338 dignos
1058 2293 1294 2334 admittendo,
1325 2300 1360 2326 et
1389 2294 1561 2338 indignos
1589 2293 1813 2338 repellendo,
1845 2294 1938 2326 sicut
1968 2300 2049 2326 sunt

185 2364 338 2402 quatuor
359 2358 522 2403 magistri
549 2371 612 2404 per
640 2359 893 2392 cancellarium
916 2361 1024 2392 Beate
1046 2360 1158 2392 Marie
1179 2360 1222 2392 ad
1251 2360 1495 2404 temptandum
1518 2361 1629 2404 jurati
1655 2367 1689 2392 et
1710 2360 1826 2392 electi.

274 2426 361 2457 Item
384 2426 574 2458 statuimus
602 2426 699 2470 quod
720 2426 960 2459 cancellarius
983 2427 1110 2459 Sancte
1133 2427 1319 2459 Genovese
1346 2427 1392 2459 sit
1419 2433 1453 2459 et
1479 2438 1560 2459 esse
1583 2426 1710 2459 debeat
1732 2427 1928 2459 canonicus
1955 2430 2051 2470 ejus-

185 2491 264 2524 dem
293 2492 516 2533 monasterii,
543 2493 717 2538 magister
744 2493 780 2525 in
813 2493 965 2534 artibus,
995 2494 1025 2525 si
1057 2493 1106 2525 ibi
1137 2494 1196 2535 sit,
1226 2500 1261 2526 et
1290 2506 1407 2526 coram
1440 2493 1607 2526 facultate
1636 2495 1759 2538 jurare
1796 2493 1924 2525 debeat
1954 2493 2049 2537 quod

186 2558 384 2590 seeundum
413 2559 537 2592 merita
564 2571 800 2604 personarum
830 2566 865 2592 et
891 2560 1156 2604 depositionem
1185 2561 1439 2605 magistrorum
1472 2561 1753 2593 examinatorum
1781 2560 1959 2592 licentiam
1985 2559 2051 2591 lar-

186 2624 317 2669 gietur.
342 2625 377 2658 Si
394 2637 480 2658 vero
503 2626 596 2667 talis,
620 2626 760 2659 scilieet
781 2627 967 2671 magister,
990 2639 1063 2659 non
1084 2627 1131 2660 sit
1150 2628 1187 2660 in
1209 2627 1430 2660 monasterio
1453 2627 1663 2668 canonicus,
1687 2627 1783 2671 quod
1807 2633 1889 2658 111110
1911 2626 2050 2658 01111061-

185 2689 309 2732 larius,
333 2692 394 2736 qui
415 2703 559 2737 semper
580 2692 710 2725 debeat
734 2704 816 2726 esse
838 2693 882 2725 de
910 2693 1130 2726 monasterio
1158 2694 1335 2738 predicto,
1359 2700 1522 2726 teneatur
1543 2693 1679 2737 eligere
1708 2705 1815 2724 111111111
1839 2693 2048 2735 magistrum

185 2757 221 2789 in
249 2757 445 2803 theologia,
474 2759 535 2804 qui
555 2761 655 2804 juret
681 2760 717 2792 in
745 2759 912 2793 manibus
934 2760 1011 2793 suis
1033 2767 1067 2793 et
1087 2761 1123 2793 in
1148 2761 1331 2805 presentia
1362 2760 1541 2793 facultatis
1571 2760 1735 2792 licentias
1767 2759 1873 2791 modo
1905 2758 2050 2802 elargiri

186 2824 348 2868 proxime
370 2825 478 2858 dicto.

275 2891 363 2923 Item
398 2892 496 2936 quod
527 2892 737 2926 bachellarii
767 2894 803 2926 in
840 2893 978 2927 artibus
1008 2894 1151 2938 possint
1183 2894 1307 2939 legere
1334 2893 1496 2926 cursorie
1534 2892 1649 2924 libros
1678 2903 1769 2935 quos
1800 2891 1979 2923 voluerint
2008 2890 2051 2922 ad

310 2951 359 2969 *ἢ*
378 2949 473 2974 Οήανι.
496 2950 573 2975 Univ.
591 2951 687 2976 Paris.
705 2951 750 2975 111.
1898 2948 1928 2970 19
