2488 3386
452 326 496 361 84

451 509 526 534 Tull.

1030 331 1346 356 ann‘rULAmuM
1382 329 1570 352 UN1vERs.
1607 327 1735 350 PAms.
2216 310 2314 348 [1362

542 411 676 444 Magistro
690 409 817 437 Johanni
830 408 951 435 Alberici
965 409 1000 434 de
1013 409 1087 434 Novo
1102 408 1210 436 Castro.
1225 407 1291 432 cler.
1305 394 1432 431 Tollens.
1448 404 1522 430 dioc.
1541 403 1586 438 [de
1599 411 1661 429 can.
1676 402 1743 429 cccl.
1761 401 1861 434 colleg.
1879 400 1906 426 S.
1923 398 2091 433 Gengulphi
2105 398 2142 425 (10
2155 398 2265 433 Crillo].

541 460 676 493 Magistro
692 459 804 485 Audree
819 458 950 491 Ilugonis
965 457 1093 483 Denisoli
1108 456 1143 482 de
1158 456 1233 481 Novo
1248 455 1357 484 Castro,
1378 453 1480 479 clerico
1499 451 1640 478 Tullensis
1658 451 1731 477 dioc.
1749 449 1794 484 [de
1812 457 1875 476 can.
1891 449 1959 476 eccl.
1977 448 2004 475 S.
2025 447 2146 475 Deodati
2159 447 2191 474 in
2206 447 2315 480 Vosago

540 508 637 543 dioc.].

540 557 675 590 Magistro
690 556 817 582 Johanni
834 557 919 581 Poree
931 555 967 581 (10
979 554 1069 583 Motis,
1084 554 1174 579 cler...

539 606 673 639 Magistro
687 605 814 631 Johanni
828 604 968 630 Caillaudi
982 603 1018 629 de
1032 601 1174 635 Quercuss.
1191 602 1323 627 Remens.
1340 599 1445 633 dyoc...

540 654 673 687 Magistro
686 653 806 680 Girardo
821 653 856 679 de
868 652 1022 681 Conancia,
1037 651 1209 676 Cathalaun.
1227 650 1332 682 dyoc...

540 703 673 735 Magistro
687 702 809 728 Heni-ico
824 701 859 727 dc
873 700 1010 729 Marvilla,
1026 700 1190 725 Trcvcrens.
1207 698 1311 731 dyoc...

541 751 676 784 Magistro
691 750 817 777 Johanni
832 749 954 775 Alberici
969 749 1005 774 (10
1020 748 1143 773 Vitriaco
1158 748 1260 775 castro.
1277 745 1449 771 Cathalaun.
1463 745 1569 778 dyoc...

541 801 674 833 Magistro
688 799 813 825 Johanni
827 799 863 825 (10
876 797 1087 825 Μο0101οε1ᾰο0,
1102 796 1170 822 alias
1184 795 1261 821 dicio
1276 795 1311 821 de
1325 794 1548 822 Summathona,
1566 792 1632 818 cler.
1649 792 1811 817 Trcvcrens.
1829 790 1933 824 dyoc...

1047 894 1164 921 Nomina
1179 893 1369 927 magistrorum
1380 890 1521 924 provincie
1535 889 1708 916 Turonensis-

539 981 673 1014 Magistro
685 980 819 1006 Nicholao
833 980 868 1005 de
880 979 1013 1006 Rodiaco.
1028 979 1164 1004 Leonens.
1181 977 1254 1003 dioc.
1270 975 1314 1011 [(10
1329 983 1391 1002 can.
1408 975 1475 1001 0001.
1494 975 1632 1001 Leonens.
1647 973 1678 999 in
1691 971 1861 1007 Britannia].

538 1030 672 1063 Magistro
687 1029 777 1054 Yvoni
790 1028 1005 1054 Kaeseffredour
1013 1027 1033 1056 9,
1048 1026 1248 1059 Corisopileus.
1263 1025 1368 1058 dyoc...

539 1078 672 1111 Magistro
684 1077 811 1103 Johanni
825 1077 861 1102 (10
876 1076 1047 1105 Villaleoret.
1065 1076 1202 1101 Leoncns.
1219 1074 1324 1107 dyoc...

537 1127 671 1160 Magistro
685 1126 776 1152 Alano
791 1126 827 1151 de
843 1125 987 1154 Fossaclei,
1003 1125 1167 1150 Trecoreus.
1184 1123 1280 1148 dioc...

537 1176 670 1209 Magistro
684 1175 790 1201 Hei-veo
805 1173 1017 1207 Quemmaroti.
1032 1172 1234 1205 Corisopitens.
1248 1171 1345 1196 dioc...

536 1224 670 1257 Magistro
685 1223 796 1249 Danieli
811 1223 831 1248 F
832 1223 935 1252 emret,
953 1222 1090 1247 Leonens.
1107 1221 1204 1246 dioc...

535 1273 668 1306 Magistro
681 1272 804 1298 Oliverio
819 1271 934 1300 Malore,
949 1270 1091 1296 Briocens.
1108 1269 1213 1302 dyoc...

535 1322 669 1355 Magistro
684 1320 804 1347 Ricardo
820 1319 946 1348 Hei-voti,
962 1318 1138 1344 Briocensi...

535 1370 668 1403 Magistro
683 1369 844 1395 Guillermo
860 1367 1012 1401 Languidiv
1027 1368 1189 1393 Trecorens.
1204 1366 1285 1399 dyoc.

535 1419 669 1452 Magistro
689 1418 828 1444 Galerano
843 1417 879 1442 de
894 1415 1055 1444 Pendref'o,
1071 1415 1273 1448 Corisopitens.
1290 1412 1363 1440 dioc.
1383 1413 1428 1448 [(10
1441 1421 1503 1440 can.
1520 1413 1588 1440 eccl.
1605 1411 1807 1446 Corisopitens.
1824 1412 1855 1438 in
1871 1411 2026 1447 Britann.].

534 1468 669 1500 Magistro
683 1466 806 1492 Roberto
821 1465 937 1494 Roualz,
952 1465 1153 1497 Corisopitens.
1168 1464 1274 1496 dyoc...

535 1516 669 1549 Magistro
682 1514 774 1540 Yvoni
789 1515 873 1547 Pape.
888 1513 1091 1546 Corisopitens.
1107 1513 1212 1545 dyoc...

536 1565 669 1597 Magistro
684 1563 807 1589 Oliverio
822 1562 1044 1595 Carpentatoris,
1058 1561 1236 1596 Macloviens.
1253 1560 1358 1593 dyoc...

535 1613 669 1646 Magistro
688 1611 814 1637 Johanni
830 1610 971 1640 Durandi,
991 1610 1085 1643 presb.
1107 1610 1248 1635 Brioccns.
1272 1609 1365 1642 dyoe.‚
1378 1608 1530 1642 quondam
1545 1607 1647 1634 rectori
1663 1607 1860 1634 Universitatis
1875 1606 1961 1634 Paris.
1979 1606 2024 1642 [de
2042 1614 2105 1634 can.
2124 1606 2192 1634 0001.
2209 1606 2309 1641 colleg.

449 1662 476 1689 S.
494 1662 593 1688 Hilarii
607 1659 733 1695 Pictav.].

1036 1707 1152 1734 Nomina
1168 1707 1360 1741 mayisirorum
1371 1705 1512 1739 provincie
1528 1705 1716 1732 Biiaricensis.

538 1794 672 1826 Magistro
687 1793 833 1825 Stephano
850 1791 1001 1821 Galdetifl,
1018 1791 1111 1824 presb.
1128 1791 1208 1824 dyoc.
1227 1790 1322 1817 Sancti
1334 1790 1409 1816 Flori
1426 1789 1471 1825 [de
1486 1798 1549 1816 can.
1565 1790 1632 1816 eccl.
1650 1790 1751 1823 colleg.
1769 1790 1795 1817 S.
1811 1778 1887 1816 Petri
1901 1789 1991 1816 Insui.
2007 1789 2128 1816 Tornac.
2149 1788 2248 1824 dioc.].

537 1842 672 1876 Magistro
688 1841 814 1867 Johanni
829 1840 975 1869 Chatardi.
992 1841 1058 1866 cler.
1074 1840 1214 1866 Lemovic.
1231 1839 1336 1873 dyoc...

537 1891 670 1924 Magistro
685 1890 811 1916 Johanni
826 1888 992 1918 Textorisffl,
1010 1888 1151 1914 Lemovic.
1168 1889 1274 1922 dyoc...

536 1939 669 1972 Magistro
686 1939 768 1964 Petro
784 1938 858 1964 Petri
874 1938 909 1964 de
924 1938 1009 1967 Luca,
1025 1938 1105 1970 dyac.
1123 1938 1241 1963 Lucens.
1258 1937 1351 1970 dyoc.‚
1368 1936 1436 1962 alias
1450 1936 1525 1962 dicte
1539 1936 1736 1963 Universitatis
1748 1936 1852 1963 rectori
1865 1935 1910 1971 [de
1924 1943 1987 1962 can.
2003 1936 2071 1963 eccl.
2089 1935 2193 1972 Pisan.]
2206 1935 2238 1962 ¹³.

536 1988 670 2021 Magistro
690 1987 836 2012 Francisco
850 1986 1050 2020 Chrisiophori
1060 1987 1063 2002 ¹
1073 1985 1090 2015 ἱ,
1106 1993 1169 2011 can.
1191 1986 1316 2018 regulari
1330 1993 1459 2019 expresse
1471 1985 1598 2018 professo
1612 1985 1644 2011 in
1659 1985 1774 2011 ecclesia
1795 1985 1972 2015 Dertusensi.
1987 1985 2056 2011 Ord.
2074 1985 2100 2012 S.
2117 1984 2308 2019 Augustini...

536 2036 670 2069 Magistro
685 2036 808 2061 Martino
823 2035 976 2065 Dominici,
994 2035 1060 2060 cler.
1079 2035 1115 2060 de
1130 2035 1263 2064 Leinena,
1278 2034 1480 2060 Colimbriens.
1496 2034 1568 2059 dioc.
1588 2032 1634 2068 [de
1648 2041 1711 2060 can.
1728 2034 1795 2061 0001.
1814 2033 1970 2069 Ulixbon.].

536 2085 671 2118 Magistro
683 2084 809 2110 Johanni
822 2084 858 2109 de
872 2084 974 2112 Platea.
987 2083 1053 2109 cler.
1071 2083 1239 2109 Taurinens.
1255 2083 1335 2116 dyoc.
1353 2082 1399 2118 [de
1414 2090 1478 2108 can.
1495 2083 1562 2109 eccl.
1581 2083 1682 2116 colleg.
1700 2082 1726 2109 S.
1744 2082 1900 2109 Donatiani
1915 2083 2003 2116 Brug.
2020 2082 2139 2109 Tornac.
2156 2082 2254 2117 dioc.].

536 2133 670 2166 Magistro
683 2133 832 2165 Aymerieo
844 2132 1063 2158 Eschevclerii...

536 2181 671 2214 Magistro
685 2181 838 2213 Radulpho
852 2181 978 2209 llasardi.
991 2181 1215 2214 Rothomagcns.
1236 2181 1309 2207 dioc.
1328 2180 1373 2215 [de
1388 2188 1451 2207 can.
1468 2180 1536 2207 eccl.
1554 2180 1654 2214 colleg.
1673 2181 1700 2207 S.
1717 2181 1782 2208 Joh.
1799 2180 1957 2215 Laudun.].

536 2229 670 2263 Magistro
685 2229 812 2255 Guidoni
823 2229 949 2254 Corderii
964 2229 999 2255 de
1014 2229 1228 2262 Poloigniaco...

536 2278 669 2312 Magistro
684 2278 811 2303 Guidoni
826 2277 979 2303 Marescalli
994 2277 1029 2303 de
1040 2278 1205 2307 Parriciaco,
1220 2278 1344 2304 Eduens.
1359 2278 1432 2304 dioc.
1450 2279 1567 2312 presb...

535 2326 669 2360 Magistro
683 2326 809 2352 Guidoni
820 2326 940 2352 Grolerii
955 2326 990 2352 (10
1005 2326 1203 2359 Corbigniaeo.
1218 2326 1343 2353 Eduens.
1360 2327 1458 2353 dioc...

536 2375 670 2408 Magistro
682 2375 808 2400 Johanni
823 2375 858 2400 (10
874 2375 977 2400 Sancto
991 2375 1125 2401 Amando
1135 2375 1165 2404 ¹5.
1180 2375 1403 2402 Cathalaunens.
1420 2376 1525 2409 dyoc...

535 2423 670 2456 Magistro
684 2423 840 2456 Reginaldo
855 2423 890 2449 de
906 2424 924 2448 F
926 2424 1004 2453 onte,
1018 2423 1086 2449 alias
1097 2424 1133 2449 de
1148 2424 1275 2454 villanis,
1291 2424 1372 2457 dyac.
1387 2424 1581 2451 Suessionens.
1597 2425 1704 2459 dyoc...

535 2472 669 2505 Magistro
684 2472 960 2504 Hugoninenvorsie
971 2471 1002 2502 ¹⁶,
1020 2472 1213 2498 Suessionens.
1231 2473 1337 2506 dyoc...

536 2520 670 2553 Magistro
686 2520 805 2553 Symoni
817 2520 852 2546 de
867 2520 1000 2554 Bourich,
1019 2520 1212 2547 Suessionens.
1229 2521 1335 2554 dyoc...

537 2569 671 2601 Magistro
686 2569 833 2594 Francisco
848 2568 988 2594 Chauvcti
1004 2569 1039 2594 de
1053 2569 1161 2595 Stanno
1172 2568 1216 2604 [de
1229 2577 1291 2595 can.
1308 2570 1375 2596 eccl.
1393 2570 1493 2604 colleg.
1510 2570 1546 2597 de
1561 2571 1763 2598 Montefalcon.
1776 2569 1930 2606 Remens.].

537 2617 671 2650 Magistro
685 2617 812 2642 Johanni
825 2617 1007 2642 Lambilomii
1022 2617 1057 2643 de
1076 2617 1194 2647 Anioth,
1211 2618 1373 2644 Treverens.
1390 2619 1497 2652 dyoc...

535 2665 669 2699 Magistro
685 2665 811 2691 Johanni
826 2665 861 2691 (10
877 2665 973 2694 Olivis,
990 2666 1121 2692 Remens.
1139 2667 1244 2699 dyoc...

538 2714 670 2747 Magistro
685 2714 795 2740 Nicolao
813 2714 966 2740 Marescalli
982 2714 1018 2740 de
1032 2715 1138 2744 Turna,
1152 2715 1284 2741 Remens.
1301 2715 1382 2749 dyoc.
1399 2715 1444 2751 [de
1461 2724 1524 2743 can.
1540 2717 1607 2743 eccl.
1626 2717 1726 2751 colleg.
1744 2718 1775 2743 B.
1789 2717 1876 2744 Maria
1893 2717 1930 2744 de
1947 2717 2091 2743 Namurco
2105 2715 2190 2742 Leod.
2207 2712 2308 2748 dioc.].

539 2762 672 2795 Magistro
685 2762 812 2788 Johanni
825 2762 860 2788 dc
875 2762 1085 2792 Guinieurteff.
1102 2764 1234 2789 Remens.
1254 2764 1335 2797 dyoc.
1352 2763 1396 2799 [de
1409 2773 1471 2790 can.
1489 2766 1556 2792 eccl.
1573 2766 1674 2799 colleg.
1687 2766 1716 2792 b.
1731 2766 1928 2792 Bartholomei
1941 2763 2111 2800 Leodiens.].

536 2811 670 2844 Magistro
680 2811 841 2837 Guillermo
853 2811 889 2836 (10
901 2811 1116 2837 Kacseffredour
1132 2811 1178 2846 [de
1188 2820 1250 2838 can.
1266 2813 1332 2838 eccl.
1351 2813 1378 2839 S.
1393 2813 1542 2840 Maximini
1557 2814 1592 2841 de
1606 2815 1746 2848 Kaynone
1760 2815 1869 2841 Turon.
1883 2813 1980 2849 dioc.].

535 2859 670 2893 Magistro
686 2860 768 2886 Petro
783 2859 927 2889 Blandini.
946 2860 1123 2886 Maeloviens.
1138 2860 1219 2894 dyoc.
1238 2860 1284 2895 [de
1297 2869 1359 2887 can.
1376 2862 1444 2888 eccl.
1460 2862 1657 2898 Nanneiens.].
