2488 3386
434 329 500 362 630
1006 336 1323 359 CHARTULARIUM
1359 334 1549 357 UNtvsns.
1586 335 1715 356 rmus.
2054 317 2056 319 ¹
2200 322 2300 359 [1394

523 411 706 456 Explicit⁵
735 412 916 456 responsio
951 410 1210 444 Universitatis
1241 409 1463 443 Parisiensis
1491 407 1537 441 ad
1566 408 1712 442 litteras
1743 409 2012 453 suprascriptas
2042 407 2160 444 studii
2195 408 2300 442 Colo-

435 478 578 512 niensis.

526 575 603 598 Arch.
621 578 674 598 nat.
692 575 775 598 Paris.
792 575 815 599 J.
833 575 887 604 518,
910 575 956 598 fol.
978 575 1028 598 231².
1046 575 1114 598 Bibl.
1135 578 1188 598 nat.
1210 574 1294 598 Paris.
1316 582 1366 597 ms.
1386 573 1432 596 lat.
1457 573 1541 600 14643,
1564 573 1607 596 sol.
1625 573 1663 601 33,
1684 573 1733 596 sub
1756 561 1862 597 rubrica
1882 576 1911 598 ut
1928 580 2024 603 eupra;
2047 572 2184 603 Rotomag.
2207 572 2238 596 Ο.
2261 573 2300 601 20,

435 620 479 643 fol.
495 619 561 643 18:3¹¹.
578 620 647 642 Inter
661 619 788 650 epistolas
803 619 904 643 Nicolai
920 619 951 642 de
969 619 1119 650 Clamengis
1137 619 1162 642 in
1179 619 1293 650 quinque
1306 617 1388 641 msstis
1403 625 1485 648 supra
1500 617 1593 648 p.624,
1606 620 1669 646 not.,
1681 617 1779 647 euntia,
1796 620 1820 641 et
1834 617 1861 642 in
1870 617 1936 642 cod.
1948 617 2006 640 Vat.
2022 616 2111 640 ottob.
2130 617 2183 644 260,
2201 617 2245 640 sol.
2261 617 2300 640 45.

430 677 463 681 -—
478 664 545 692 Bul.,
564 664 605 692 lv,
623 665 676 686 704.
693 663 832 695 D'Achery,
850 663 973 694 Spica),
993 664 1012 693 1,
1030 664 1083 687 783.
1100 677 1129 681 —
1143 663 1262 694 Epistola
1278 670 1329 685 non
1347 665 1419 685 caret.
1434 661 1544 689 malitia,
1561 669 1622 684 nam
1635 665 1741 685 exarata
1753 665 1793 686 eut
1804 670 1819 686 a
1833 661 1942 686 Nicolao
1955 661 1986 685 de
2001 660 2159 692 Clamengis.

530 749 552 772 1.
576 748 652 771 Arch.
670 756 675 771 :
694 756 705 770 «
722 747 894 779 sodidamque
908 757 929 771 n.
948 762 975 765 —
992 748 1015 771 2.
1033 748 1155 771 Refertur
1168 746 1296 778 quidquid
1311 746 1338 769 in
1354 746 1450 769 litteris
1468 746 1558 769 Colon.
1575 746 1743 775 continetur„
1758 746 1805 770 sed
1820 746 1914 769 modus
1932 745 2046 777 dicendi,
2062 745 2124 777 quia
2135 745 2209 776 juxta
2224 752 2301 776 prae-

433 796 509 823 cepta
526 792 590 815 artis
606 793 686 815 latine
700 792 841 821 scribendi,
858 792 962 815 omnino
978 792 1099 815 diversus
1115 795 1162 815 est.
1174 792 1236 814 —3.
1248 791 1326 814 Arch.
1343 799 1348 813 1
1364 799 1375 813 «
1392 798 1573 822 concussuque
1587 799 1608 813 ».
1623 791 1685 814 -4.
1701 790 1777 818 salt„
1793 790 1890 820 Catal„
1902 792 1941 814 50.
1955 804 1985 807 —
1998 792 2021 813 5.
2037 790 2056 813 1.
2075 797 2096 813 e.
2113 789 2179 812 alias
2191 789 2302 813 Univer-

433 837 535 860 sitateS.
553 850 580 855 —-
597 838 620 860 ὓ.
637 837 776 868 Sequentia
792 837 886 860 desunt
900 837 926 860 in
942 836 1019 860 Arch.

437 972 578 1009 1689.
602 990 616 1007 «
634 982 739 1007 Littera
756 990 792 1007 ex
803 985 888 1017 parte
904 980 1011 1006 domini
1025 980 1176 1016 P[hilippi]
1195 980 1230 1006 de
1245 980 1400 1014 Alenconio
1417 979 1600 1015 [cardinalis]
1622 979 1805 1006 Universitali
1819 979 1980 1005 Parisiensi
1993 979 2111 1005 directa.
2129 988 2143 1004 »

1692 1057 1766 1087 1394,
1781 1057 1844 1083 «lum
1853 1057 1878 1087 8,
1894 1058 1996 1083 Romae.

524 1142 601 1176 Viri
626 1142 855 1175 venerabiles
880 1149 914 1175 et
935 1142 1075 1187 egregii
1097 1142 1202 1175 amici
1228 1142 1420 1176 carissimi.
1444 1143 1520 1175 Jam
1542 1141 1593 1174 uti
1614 1141 1750 1174 certius
1775 1140 2021 1174 intelleximus
2042 1140 2232 1185 incepistis
2259 1151 2302 1173 ex

432 1209 555 1241 debite
576 1215 696 1242 vestre
719 1209 932 1242 devocionis
953 1209 1082 1242 affectu
1103 1221 1182 1242 cum
1205 1220 1359 1242 censura
1380 1208 1528 1253 justicie
1552 1215 1587 1241 et
1607 1208 1688 1241 dato
1715 1207 1819 1241 vobis
1843 1207 1980 1240 lumine
2000 1207 2162 1240 veritatis
2183 1207 2301 1240 inten-

433 1275 519 1308 dere
541 1275 583 1308 ad
606 1275 804 1308 tollendum
828 1275 925 1320 quod
947 1275 1114 1310 imminet
1133 1288 1151 1309 a
1173 1282 1296 1309 sancta
1318 1282 1430 1309 matre
1458 1275 1612 1308 ecclesia
1640 1275 1887 1308 discencionis
1913 1274 2121 1307 scandalum
2150 1272 2302 1319 perhor-

432 1342 598 1375 rendum.
622 1342 740 1383 Unde,
763 1349 802 1375 ut
826 1342 1046 1384 audivimus,
1067 1343 1240 1376 edidistis
1267 1343 1468 1376 secundum
1491 1354 1627 1375 sacram
1654 1342 1830 1375 ortodoxe
1856 1341 1940 1374 fidei
1968 1341 2166 1374 doctrinam
2195 1352 2297 1386 opor-

431 1416 535 1442 tunas
562 1409 733 1454 quasdam
759 1408 1017 1442 conclusiones
1043 1409 1224 1450 salubres,
1251 1416 1372 1454 atque,
1394 1416 1433 1442 ut
1457 1409 1655 1450 credimus,
1672 1408 1821 1453 justicie
1841 1408 1991 1441 veritate
2016 1413 2239 1448 constantes,
2266 1412 2302 1440 et

428 1475 731 1508 christianissime
752 1488 791 1508 ac
813 1475 1119 1509 excellentissime
1145 1476 1402 1509 Universitatis
1421 1482 1542 1509 vestre
1568 1475 1779 1508 auctoritate
1800 1475 2030 1520 conspicuas,
2053 1486 2123 1519 que
2148 1473 2300 1507 honoris

430 1542 535 1576 vobis
557 1550 593 1575 et
612 1542 729 1587 glorie
750 1549 786 1575 et
805 1543 955 1588 grandis
973 1543 1080 1576 simul
1101 1543 1380 1588 communisque
1397 1542 1568 1576 omnibus
1589 1542 1744 1575 ecclesie
1766 1541 1938 1575 fidelibus
1959 1547 2066 1574 erunt
2081 1542 2159 1584 (nec
2175 1540 2300 1573 imme—

432 1609 512 1650 rito)
542 1620 649 1642 causa
669 1609 908 1654 jocunditatis
929 1616 964 1642 et
985 1609 1121 1654 gaudii.
1144 1610 1181 1643 Si
1202 1609 1297 1643 enim
1320 1609 1581 1643 serenissimus
1608 1609 1779 1654 princeps
1806 1608 1976 1641 dominus
2002 1619 2106 1640 meus
2128 1606 2300 1640 dominus

431 1677 475 1708 K.
499 1676 717 1708 Francorum
740 1687 801 1709 rex
821 1675 1094 1709 illustrissimus
1116 1688 1156 1709 ea
1176 1675 1403 1709 continuabit
1425 1683 1460 1709 et
1484 1676 1520 1709 in
1547 1676 1653 1709 finem
1681 1687 1799 1720 usque
1825 1674 2013 1720 perducet,
2035 1685 2105 1719 que
2126 1685 2192 1719 pro
2212 1684 2299 1718 pace

432 1748 467 1775 et
490 1742 623 1775 unione
644 1742 738 1776 dicte
761 1749 883 1776 sancte
910 1743 1033 1776 matris
1056 1743 1212 1776 ecclesie
1233 1743 1276 1776 ad
1299 1743 1521 1776 sanctissimi
1546 1743 1658 1788 patris
1679 1749 1714 1775 et
1735 1742 1873 1775 domini
1894 1741 2011 1774 nostri
2032 1740 2169 1773 domini
2190 1739 2301 1773 Boni-

430 1809 512 1841 facii
530 1821 619 1853 pape
633 1809 691 1842 lXi
704 1809 985 1854 requisicionem
1003 1810 1387 1855 exhortacionemque¹
1402 1809 1625 1855 conceperit,
1639 1815 1770 1854 quanta
1787 1808 2023 1841 serenissime
2041 1819 2106 1840 sue
2122 1806 2300 1850 majestati

430 1875 547 1920 gloria
567 1874 746 1920 vobisque
767 1882 803 1908 et
823 1876 1057 1909 Universitati
1078 1884 1199 1910 vestre
1219 1877 1298 1910 laus
1320 1883 1355 1909 et
1379 1877 1470 1910 sama
1495 1876 1695 1921 continget,
1719 1875 1803 1908 dum
1832 1886 1896 1920 per
1916 1881 2036 1908 vestra
2062 1872 2299 1907 saluberrima

432 1942 529 1986 pacis
550 1942 751 1987 exoptande
773 1943 924 1975 consilia
946 1943 1151 1976 videbimus
1170 1944 1287 1988 ipsius
1309 1943 1564 1976 celsitudinem
1587 1943 1721 1988 regiam
1741 1949 1809 1975 tam
1827 1941 1959 1975 devoto
1976 1947 2012 1973 et
2026 1939 2200 1973 laudabili
2216 1951 2300 1985 pro-

432 2009 550 2053 posito
572 2009 618 2041 ita
640 2009 736 2054 pium
760 2016 795 2042 et
815 2009 960 2042 salubre
980 2010 1171 2055 negocium
1198 2010 1409 2043 inchoasse!
1435 2011 1526 2043 Sane
1552 2009 1684 2042 etenim
1713 2021 1755 2042 ex
1779 2008 1849 2041 hiis
1876 2019 1946 2053 que
1971 2007 2029 2040 hic
2057 2006 2207 2052 pertulit
2225 2007 2298 2051 jam

430 2075 541 2108 sama²
573 2075 754 2108 celebrior
783 2076 863 2109 aliis
893 2077 1056 2121 ejusdem
1088 2077 1317 2110 serenissimi
1345 2077 1521 2122 principis
1553 2076 1691 2109 domini
1722 2075 1792 2108 mei
1814 2075 1913 2120 regis
1940 2075 2159 2107 Francorum
2182 2072 2299 2119 gestis

433 2142 634 2187 magnificis
656 2149 690 2175 et
710 2142 955 2176 laudabilibus
981 2143 1134 2183 actibus,
1161 2156 1226 2177 sue
1248 2144 1333 2176 fidei
1354 2143 1566 2189 magnitudo
1588 2155 1605 2176 a
1627 2142 1769 2176 eunctis
1794 2141 1920 2175 harum
1947 2140 2100 2186 partium
2127 2139 2299 2173 fidelibus

427 2209 499 2252 jam
527 2209 656 2242 devote
683 2209 874 2242 admodum
903 2217 938 2242 et
965 2210 1162 2255 diligenter
1187 2210 1397 2251 attenditur,
1425 2217 1460 2243 et
1488 2210 1572 2242 dum
1601 2209 1710 2242 iidem
1745 2208 1873 2241 fideles
1903 2208 2022 2252 ipsum
2053 2205 2298 2240 exultantibus

432 2275 561 2307 animis
587 2276 889 2320 contemplantur,
919 2277 1047 2309 merito
1072 2284 1167 2310 tante
1193 2277 1424 2310 consciencie
1448 2277 1594 2322 puritati
1622 2275 1865 2321 congaudent.
1892 2274 2012 2319 Ipsius
2033 2273 2128 2306 enim
2151 2283 2215 2318 per
2235 2271 2298 2305 has

434 2347 552 2385 partes
568 2342 639 2385 jam
666 2342 756 2374 fama
778 2342 913 2387 ubique
939 2343 1146 2387 predicatur
1167 2350 1202 2376 et
1227 2344 1372 2384 colitur,
1396 2350 1431 2376 et
1450 2343 1521 2376 hiis
1546 2343 1699 2375 maxime
1720 2339 2084 2374 consideracionibus
2109 2338 2297 2380 exaltatur,

434 2406 602 2439 videlicet
623 2408 719 2452 quod
742 2415 908 2453 tanquam
931 2410 1101 2455 princeps
1122 2410 1448 2443 christianissimus
1473 2416 1507 2443 et
1528 2421 1593 2442 sue
1614 2407 1829 2441 innocencie
1853 2406 2027 2452 providus
2049 2411 2296 2446 conservator,

433 2473 470 2504 in
487 2473 564 2505 suis
581 2480 647 2505 tam
666 2474 820 2507 feliciter
836 2476 1022 2520 conceptis
1043 2483 1078 2509 et
1097 2477 1295 2522 assumptis
1315 2476 1516 2510 intentibus
1538 2475 1663 2521 previo
1684 2474 1841 2507 racionis
1853 2473 1993 2518 judicio
2015 2478 2050 2505 et
2065 2471 2209 2513 comite,
2227 2471 2298 2504 sin-

432 2551 515 2572 cere
541 2540 698 2573 caritatis
723 2541 851 2574 affectu
873 2543 1089 2586 procedens,
1112 2543 1156 2576 ad
1178 2543 1379 2576 tollendum
1407 2543 1501 2576 dicte
1527 2541 1774 2575 discencionis
1800 2539 2009 2573 scandalum
2036 2538 2122 2572 totis
2147 2544 2299 2571 conatur

434 2605 576 2638 nisibus
604 2613 639 2639 et
666 2607 821 2640 intendit
853 2634 916 2640 .....
930 2610 940 2625 ³
969 2609 1072 2642 Unde
1100 2621 1165 2643 vos
1193 2610 1322 2643 merito
1351 2617 1386 2643 et
1412 2609 1638 2643 confidenter
1663 2614 1823 2640 ortamur
1845 2618 1884 2639 ac
1905 2612 2077 2651 quantum
2101 2615 2298 2650 possumus

434 2672 682 2717 deprecamur,
701 2680 878 2717 quatenus
895 2675 1148 2709 celsitudinem
1172 2677 1307 2722 regiam
1329 2676 1449 2709 taliter
1469 2675 1505 2708 in
1531 2687 1597 2709 suo
1619 2675 1699 2720 ipso
1720 2681 1789 2707 tam
1813 2672 1988 2706 laudabili
2009 2679 2044 2705 et
2064 2677 2188 2705 sancto
2215 2682 2299 2716 pro-

436 2738 553 2782 posito
575 2738 711 2772 hortari
732 2746 767 2772 et
787 2739 982 2773 sollicitare
1004 2742 1138 2783 velitis,
1156 2749 1194 2775 ut
1214 2743 1309 2775 circa
1326 2742 1509 2775 materiam
1531 2748 1599 2774 tam
1621 2740 1809 2785 grandem,
1832 2746 1901 2772 tam
1923 2745 2152 2784 oportunam,
2175 2748 2298 2771 neces-

436 2805 562 2843 sariam
595 2812 630 2838 et
654 2805 841 2838 honestam
870 2813 904 2839 et
930 2808 1205 2852 magnificencie
1231 2809 1332 2854 regie
1366 2809 1412 2842 ita
1447 2808 1606 2853 dignam,
1634 2819 1698 2840 sue
1733 2805 1834 2851 regie
1864 2804 2111 2850 promocionis
2136 2803 2297 2850 auspicia

437 2871 615 2915 dirigens,
643 2872 830 2904 continuet
855 2872 1033 2906 laudande
1060 2873 1167 2919 hujus
1195 2874 1454 2908 sollicitudinis
1480 2886 1545 2908 sue
1571 2873 1747 2919 principia
1778 2878 1813 2905 et
1838 2872 1935 2904 omni
1966 2883 2035 2916 qua
2059 2877 2179 2916 potest
2201 2869 2296 2913 cele-v
