2488 3386
414 329 478 361 416
987 336 1305 358 CHARTULARIUM
1342 335 1530 356 UNivssns.
1570 336 1699 358 mnis.
2175 325 2276 361 [1385

499 412 551 446 vij.
574 412 731 444 Religiosus
745 413 774 438 et
792 413 931 437 honestus
948 412 991 437 vir
1006 412 1093 436 frater
1111 411 1254 435 Jonaxxes
1272 409 1343 437 Amc.
1361 409 1428 434 Ord.
1448 409 1598 438 Predicat..
1615 410 1717 436 doctor
1732 418 1808 437 sacre
1822 411 1938 444 pagine,
1954 412 2098 438 confessor
2110 412 2224 438 domini
2240 413 2277 439 de

413 461 531 490 Valesio,
546 461 627 486 etatis
639 461 703 493 xiijo
715 469 864 486 annorum
877 461 920 486 vel
935 461 1008 486 circa
1020 460 1145 493 juratus.
1160 460 1225 487 etc,
1242 459 1270 484 ct
1285 458 1468 483 examinatus
1483 466 1569 491 super
1584 459 1773 493 infrascriptis
1788 460 1998 488 articulis....25‚

500 511 573 535 Item
589 517 674 542 super
688 510 722 542 ij0
737 510 868 537 articulo,
885 510 956 535 dixit
979 517 1006 535 se
1028 517 1088 534 non
1108 507 1250 534 recordari
1266 515 1303 532 an
1318 507 1375 540 ipse
1388 507 1529 540 juraverit
1544 510 1633 541 prout
1647 509 1678 534 in
1693 509 1770 534 dicto
1782 509 1904 535 articulo
1919 509 2096 539 continetur.
2112 518 2164 537 nec
2179 518 2275 537 recor-

410 559 497 585 datur
511 559 533 584 si
548 559 595 584 alii
611 566 684 591 quos
696 559 805 584 audivit
820 558 962 584 licenciari
974 558 1149 591 juraverunt
1164 564 1195 582 ea
1210 564 1267 590 que
1281 556 1310 581 iu
1325 556 1403 581 dicto
1418 556 1541 582 articulo
1556 557 1755 583 continentur.
1774 578 1791 583 ..

500 608 573 633 Item
588 615 674 640 super
689 613 728 636 v0,
745 607 817 633 dixit
834 608 943 632 samam
958 614 1015 632 esse
1029 607 1065 631 de
1084 605 1227 632 contentis
1241 605 1272 630 in
1288 605 1331 637 iijo
1346 606 1374 630 et
1396 606 1502 638 quarto
1523 605 1651 632 articulis
1673 607 1806 640 proximo
1829 607 2063 641 precedentibus;
2082 608 2118 635 de
2133 609 2277 635 contentis

411 664 477 683 vcro
491 656 522 682 in
537 656 570 690 ijo
585 656 708 682 articulo
720 656 835 689 ignorat
849 656 870 682 si
885 656 921 681 sit
936 656 1011 681 sama
1025 655 1068 681 vel
1082 662 1151 680 non.
1169 655 1367 686 Interrogatus
1379 654 1451 687 quid
1464 655 1506 680 est
1521 655 1608 685 fama,
1622 655 1695 681 dixit
1709 656 1790 690 quod
1803 657 1880 682 fama
1893 658 1934 683 est
1947 663 2001 683 vox
2015 658 2132 691 publica
2144 659 2173 684 et
2185 666 2276 692 quam

413 706 545 731 homines
560 706 636 731 docti
651 706 799 731 locuntur.
807 726 811 730 .
819 725 824 730 .
831 705 875 730 ,Ψ

500 755 572 780 Item
589 762 675 788 super
689 755 758 787 xvjss,
773 754 846 779 dixit
861 762 888 780 se
903 754 1043 779 audivisse
1057 752 1217 786 aliquando
1233 753 1343 778 sactum
1359 753 1444 779 fuisse
1458 754 1493 779 ut
1507 753 1538 779 in
1551 753 1628 780 dicto
1641 754 1764 780 articulo
1776 755 1959 786 continetur;
1976 756 2088 782 audivit
2102 758 2201 783 tamen
2216 764 2277 784 non

411 803 514 830 debere
526 803 599 832 fieri,
614 811 666 830 nec
681 804 771 829 eciam
787 805 826 829 est
842 804 1026 831 consuetum,
1043 810 1095 828 nec
1110 810 1245 835 unquam
1261 801 1333 827 vidit
1348 802 1402 827 nisi
1418 802 1454 828 de
1469 810 1539 828 uno.

500 853 572 878 Item
588 860 674 886 super
689 853 768 885 xvij⁰‚
785 852 857 878 dixit
872 859 1027 885 nunquam
1042 851 1182 877 audivisse
1198 851 1278 884 quod
1293 851 1483 877 intervenerit
1497 852 1617 886 aliquod
1636 854 1757 886 pactum
1777 853 1807 879 in
1822 854 1907 880 donis
1921 862 1972 888 per
1986 862 2056 880 eum
2076 863 2163 888 supra
2184 856 2276 890 depo-

411 901 480 931 sitis,
497 909 549 927 nec
564 909 698 934 unquam
713 901 813 927 vidisse
828 901 871 927 vel
887 901 1027 926 audivisse
1042 900 1121 933 quod
1139 900 1230 929 fieret,
1251 900 1304 925 nisi
1324 908 1358 926 ex
1381 901 1508 933 gratuita
1529 901 1680 928 voluntate
1703 903 1732 928 et
1751 903 1880 936 quadam
1895 904 2116 930 consuetudine.
2134 904 2162 930 Si
2177 906 2277 932 tamen

412 951 475 976 talis
489 951 670 976 consuetudo
685 952 727 976 est
741 950 934 983 improbanda
949 950 993 975 vel
1009 957 1079 979 non,
1096 949 1220 981 ignorat.

499 1000 571 1025 Item
588 1007 674 1032 super
689 999 769 1032 xviijo
782 999 914 1027 articulo,
931 998 1003 1024 dixit
1016 998 1095 1031 quod
1114 1006 1178 1031 sepe
1193 998 1265 1023 vidit
1280 998 1342 1024 fieri
1355 1000 1492 1025 contenta
1506 999 1538 1025 in
1553 999 1631 1026 dicto
1645 1000 1779 1030 articulo.
1793 1002 1822 1027 et
1836 1001 1959 1034 ipsemet
1973 1002 2133 1035 aliquando
2148 1003 2227 1029 misit
2241 1003 2278 1030 de

411 1048 478 1074 vino
490 1048 659 1074 cancellario
674 1048 848 1081 supradicto,
865 1048 985 1080 quando
1000 1047 1059 1072 ibat
1074 1047 1110 1072 ad
1122 1047 1330 1080 prandendum
1346 1055 1415 1073 cum
1431 1055 1474 1073 eo.

498 1098 570 1122 Item
586 1104 671 1129 super
686 1097 746 1129 xxj⁰
759 1097 892 1126 articulo,
908 1096 981 1121 dixit
995 1096 1075 1129 quod
1095 1096 1147 1122 sibi
1163 1098 1285 1126 constat,
1301 1097 1399 1130 ipsum
1414 1105 1472 1123 esse
1487 1097 1676 1124 excellentem
1696 1099 1835 1125 clericum
1854 1099 1885 1125 in
1901 1100 2056 1132 theologia,
2073 1101 2102 1126 et
2116 1102 2277 1134 antequam

409 1147 462 1172 ista
477 1146 618 1172 discencio
636 1145 696 1180 (sic)
715 1146 851 1175 oriretur,
875 1145 1030 1178 reputabat
1055 1153 1125 1171 eum
1145 1146 1256 1171 obtime
1271 1145 1333 1180 (sic)
1354 1146 1444 1175 same;
1469 1147 1517 1172 sed
1539 1147 1628 1173 modo
1650 1149 1693 1173 est
1714 1148 1847 1174 multum
1868 1148 2039 1175 diffamatus
2058 1157 2110 1183 per
2127 1149 2201 1179 illos.
2224 1150 2277 1184 qui

412 1196 605 1229 prosecuntur
619 1203 697 1220 eum.

497 1244 570 1270 Item
585 1251 671 1277 super
686 1244 767 1277 xxij0‚
783 1243 918 1277 deposuit
933 1251 1035 1269 verum
1051 1251 1109 1269 esse
1124 1243 1204 1276 quod
1220 1245 1287 1270 ante
1302 1244 1387 1270 istam
1402 1244 1614 1272 discensionem
1629 1246 1708 1279 apud
1729 1246 1827 1279 ipsum
1849 1247 1901 1280 qui
1923 1246 2057 1280 loquitur
2070 1247 2135 1273 talis
2155 1249 2276 1282 reputa-—

409 1294 505 1322 batur,
522 1295 555 1318 ut
570 1293 600 1318 in
615 1293 692 1318 dicto
708 1293 830 1319 articulo
845 1293 1023 1321 continetur.
1038 1294 1067 1319 et
1086 1300 1243 1326 nunquam
1259 1293 1370 1319 audivit
1387 1294 1501 1319 malum
1518 1294 1554 1320 de
1568 1302 1602 1321 eo
1617 1296 1684 1321 ante
1699 1295 1808 1321 dictam
1822 1295 1905 1322 litem
1922 1295 2081 1329 inceptam.
2099 1297 2198 1324 Postea
2210 1305 2277 1324 vero

409 1342 520 1368 audivit
535 1342 628 1367 multa
642 1342 718 1367 mala
731 1341 766 1367 ‹le
781 1349 814 1367 eo
828 1342 906 1374 apud
922 1349 969 1367 eos
983 1342 1035 1375 qui
1048 1349 1117 1367 eum
1133 1343 1334 1375 persecuntur.
1351 1343 1550 1375 Interrogatus
1565 1343 1617 1376 qui
1630 1345 1700 1369 sunt
1715 1346 1930 1378 persequentes.
1944 1344 2017 1370 dixit
2032 1346 2113 1378 quod
2128 1347 2277 1380 quantum

409 1392 502 1424 potest
517 1390 672 1423 percipere,
687 1392 756 1416 sunt
770 1391 868 1416 artiste
882 1392 910 1416 ct
926 1391 1063 1423 magister
1079 1391 1179 1416 Petrus
1191 1391 1227 1416 de
1241 1391 1367 1420 Ailliaco,
1383 1392 1434 1424 qui
1449 1393 1490 1417 cst
1505 1392 1536 1418 in
1552 1393 1607 1418 hoc
1621 1394 1710 1425 caput
1724 1393 1883 1426 principale
1890 1393 1923 1419 ²⁷.

498 1440 570 1465 Item
583 1447 669 1472 super
684 1439 765 1472 xxiijo
780 1440 912 1468 articulo,
926 1439 998 1465 dixit
1013 1447 1041 1465 sc
1055 1440 1189 1472 ignorare
1204 1448 1241 1465 an
1256 1440 1370 1466 articuli
1386 1441 1421 1466 de
1436 1441 1544 1474 quibus
1558 1441 1589 1467 in
1605 1442 1682 1468 dicto
1699 1442 1823 1468 articulo
1837 1443 1872 1468 fit
1889 1443 2011 1472 mentio.
2026 1443 2084 1469 sint
2099 1444 2233 1471 mendosi
2248 1446 2278 1472 et

411 1489 488 1517 tales,
503 1488 576 1514 sicut.
589 1489 616 1513 in
634 1489 710 1514 dicto
722 1489 844 1514 articulo
860 1489 1042 1518 continetur;
1059 1490 1158 1515 tamen
1174 1489 1247 1515 bene
1262 1489 1352 1515 credit
1367 1490 1446 1523 quod
1463 1490 1514 1516 ista
1530 1490 1670 1517 discensio
1686 1491 1821 1524 processit
1835 1499 1869 1518 ex
1884 1492 2014 1525 quadam
2027 1493 2161 1526 superbia
2176 1494 2278 1527 pocius

410 1545 499 1570 quam
513 1537 702 1562 contrarium.
717 1537 848 1563 Reddens
861 1545 976 1563 causam
989 1545 1039 1563 sue
1051 1538 1238 1567 credulitatis,
1251 1538 1319 1571 quia
1335 1538 1444 1572 incepit
1458 1547 1511 1572 pro
1525 1540 1654 1573 quodam
1667 1540 1772 1566 debato
1786 1540 1945 1573 prioritatis
1958 1541 2030 1567 sedis
2044 1541 2122 1568 inter
2133 1543 2277 1569 rectorem

410 1588 438 1611 et
450 1586 666 1614 cancellarium.
683 1586 752 1619 quia
767 1586 805 1612 sic
821 1587 932 1612 audivit
949 1586 1004 1612 dici
1020 1587 1056 1612 ab
1068 1586 1123 1612 illis
1138 1587 1189 1620 qui
1203 1586 1404 1613 interfuerunt
1418 1588 1449 1613 in
1462 1588 1539 1614 dicto
1552 1589 1689 1622 prandio;
1704 1590 1804 1615 tamen
1820 1589 1879 1623 ipse
1894 1590 1945 1623 qui
1961 1590 2094 1624 loquitur
2107 1598 2168 1617 non
2182 1591 2276 1618 inter-

410 1635 474 1660 fuit.
490 1635 587 1660 Cetera
603 1637 738 1661 contenta
753 1636 783 1660 in
799 1635 875 1661 dicto
888 1635 1010 1661 articulo
1025 1636 1097 1661 dixit
1113 1644 1140 1662 se
1155 1636 1299 1669 ignorare.

497 1683 559 1717 viij.
581 1683 755 1709 Venerabilis
767 1686 795 1710 et
810 1684 948 1710 discretus
963 1684 1005 1710 vir
1020 1685 1156 1717 magister
1172 1685 1336 1711 Srnrnmus
1352 1686 1492 1716 Gxunarr,
1509 1694 1587 1720 mag.
1609 1687 1640 1712 in
1662 1687 1751 1713 theol.
1773 1689 1840 1713 actu
1864 1695 1966 1721 regens
1990 1688 2123 1718 Parisius.
2140 1697 2275 1717 commo-

411 1740 476 1757 rans
491 1732 521 1757 in
538 1732 673 1762 Sarbena,
688 1733 770 1758 etatis
784 1733 860 1766 lxviij
879 1741 1025 1759 annorum
1039 1734 1082 1759 vel
1095 1734 1179 1763 circa,
1195 1735 1378 1760 examinatus
1390 1743 1477 1769 super
1490 1735 1679 1769 infrascriptis
1693 1736 1822 1762 articulis
1836 1737 1904 1770 ipsis
1921 1737 1973 1763 sibi
1991 1737 2073 1771 prius
2086 1738 2166 1764 lectis
2180 1740 2210 1765 et
2226 1747 2278 1773 per

410 1789 479 1806 eum
490 1783 523 1806 ut
533 1781 605 1806 dixit
615 1781 776 1810 intellectis,
791 1784 819 1807 et
830 1782 925 1815 primo
941 1790 1027 1815 super
1040 1783 1135 1815 primo
1148 1783 1270 1809 articulo
1285 1784 1410 1809 dixit
1421 1784 1493 1810 vidit
1507 1786 1607 1811 tamen
1620 1784 1654 1820 [a]
1669 1785 1698 1811 xl
1711 1786 1796 1811 annis
1805 1787 1834 1812 et
1844 1787 1932 1816 ultra,
1945 1786 2054 1820 quibus
2063 1787 2120 1813 fuit
2133 1787 2165 1813 in
2180 1788 2277 1815 studio

412 1830 568 1859 l‘arisiensi,
585 1830 698 1855 dictum
719 1831 924 1856 cancellarium
946 1833 974 1856 et
998 1832 1207 1864 predecessores
1230 1840 1296 1858 suos
1318 1834 1433 1859 utentes
1447 1841 1552 1860 eorum
1567 1834 1663 1860 officio
1684 1835 1803 1868 pacifice
1822 1836 1851 1861 et
1871 1835 1970 1869 quiete
1989 1843 2083 1869 usque
2102 1837 2138 1862 ad
2159 1838 2278 1872 tempus

411 1878 488 1904 inicii
503 1879 642 1912 presentis
656 1879 722 1908 litis,
740 1880 870 1905 faciendo
884 1880 1057 1909 licenciatos,
1075 1881 1201 1907 tenendo
1216 1882 1314 1907 aulam
1330 1883 1359 1908 et
1374 1882 1505 1909 faciendo
1519 1883 1590 1909 alios
1604 1885 1684 1909 actus
1699 1884 1735 1909 ad
1749 1884 1957 1910 cancellarium
1971 1885 2190 1918 pertinentesffss.

498 1928 571 1953 Item
586 1935 671 1961 super
686 1928 726 1961 vj⁰
741 1928 873 1957 articulo.
890 1929 951 1962 ipso
971 1929 1060 1954 eciam
1081 1930 1133 1955 sibi
1153 1930 1233 1963 prius
1252 1931 1326 1956 lecto
1402 1931 1475 1957 dixit
1489 1933 1518 1958 et
1539 1932 1674 1965 deposuit
1689 1940 1717 1958 se
1732 1933 1858 1959 firmiter
1874 1933 1988 1960 credere
2003 1936 2140 1960 contenta
2154 1935 2186 1961 in
2199 1935 2278 1962 dicto

409 1976 531 2001 articulo
546 1976 606 2002 fore
618 1984 682 2002 vera
756 1977 831 2002 salvo
847 1978 926 2010 quod
939 1980 1153 2004 consueverunt
1172 1979 1270 2005 artiste
1290 1987 1340 2013 per
1356 1980 1618 2007 subcancellarium
1634 1981 1785 2011 licentiari,
1803 1982 1854 2015 qui
1876 1982 2120 2010 subcancellarius
2138 1991 2190 2017 per
2205 1991 2277 2010 can-

411 2025 561 2050 cellarium
575 2025 754 2055 instituitur;
768 2027 796 2051 et
811 2026 866 2052 hoc
881 2027 947 2052 facit
960 2027 1019 2053 vice
1033 2029 1062 2053 et
1076 2028 1139 2053 loco
1152 2028 1223 2054 dicti
1238 2029 1410 2055 cancellarii.

498 2074 570 2100 Item
586 2082 671 2107 super
686 2074 737 2108 vij⁰
752 2075 874 2100 articulo
889 2075 950 2108 ipso
965 2076 1017 2101 sibi
1040 2077 1120 2109 prius
1141 2077 1214 2103 lecto
1229 2079 1257 2104 et
1281 2086 1332 2111 per
1346 2086 1415 2104 eum
1432 2080 1466 2104 ut
1479 2079 1553 2105 dixit
1566 2079 1724 2110 intellecto,
1738 2080 1874 2114 deposuit
1888 2082 1917 2107 et
1931 2081 2004 2107 dixit
2018 2081 2182 2108 secundum
2197 2083 2278 2116 quod

409 2123 467 2155 ipse
482 2130 594 2155 semper
608 2123 719 2149 audivit
733 2125 761 2149 et
775 2124 814 2149 ita
830 2126 909 2150 tenet
924 2126 951 2150 et
966 2125 1066 2154 credit,
1083 2126 1271 2152 cancellarius
1286 2127 1374 2153 habet
1390 2129 1446 2154 tres
1462 2136 1575 2154 menses
1589 2129 1625 2155 de
1642 2129 1737 2162 rigore
1751 2137 1767 2155 a
1782 2131 1915 2162 tempore
1929 2130 2120 2163 appericionis
2138 2131 2278 2158 examinis

410 2171 446 2196 ad
460 2172 682 2197 informandum
695 2180 723 2198 se
735 2173 770 2198 de
783 2173 942 2202 bacalariis;
958 2174 1047 2200 credit
1059 2175 1149 2200 eciam
1163 2176 1242 2208 quod
1255 2176 1315 2210 ipse
1329 2177 1515 2203 cancellarius
1528 2179 1622 2211 potest
1635 2178 1708 2204 sacta
1720 2178 1931 2205 informacione
1943 2179 2115 2212 hujusmodi
2128 2180 2278 2208 licenciare

412 2221 586 2246 bachalarios
601 2221 643 2247 vel
659 2222 795 2255 repellere
810 2222 972 2248 secundum
988 2224 1195 2250 sufficienciam
1211 2225 1254 2251 vel
1278 2225 1518 2252 insufficienciam
1540 2228 1569 2253 et
1590 2235 1694 2257 mores,
1711 2235 1784 2261 quas
1802 2228 1847 2254 vel
1870 2236 1944 2261 quos
1964 2228 2093 2262 repperit
2114 2229 2277 2256 secundum

411 2269 622 2301 deposicionem
638 2270 846 2303 magistrorum
867 2273 895 2297 et
916 2272 1053 2301 aliorum,
1076 2273 1145 2306 quia
1167 2274 1240 2299 bene
1263 2276 1358 2307 potest
1380 2283 1408 2301 se
1427 2275 1587 2302 informare
1601 2284 1671 2302 cum
1691 2276 1761 2306 aliis,
1779 2277 1854 2302 dum
1869 2278 1969 2303 tamen
1993 2285 2022 2303 se
2044 2277 2185 2305 informet
2207 2286 2277 2305 cum

412 2317 564 2349 magistris,
579 2318 647 2350 quia
662 2326 721 2344 non
737 2321 830 2352 posset
844 2320 977 2346 omittere
991 2321 1186 2354 deposiciones
1202 2323 1419 2356 magistrorum.
1437 2324 1636 2358 Interrogatus
1650 2325 1672 2351 si
1687 2325 1778 2351 credit
1791 2325 1873 2359 quod
1893 2326 2081 2352 cancellarius
2100 2327 2188 2360 possit
2209 2327 2278 2354 dare

411 2365 559 2391 licenciam
575 2368 675 2392 contra
690 2368 883 2400 deposiciones
897 2369 1115 2402 magistrorum,
1132 2371 1223 2397 credit
1238 2372 1318 2405 quod
1334 2380 1393 2398 non
1410 2375 1503 2406 posset
1517 2374 1586 2400 dare
1607 2374 1758 2400 licenciam
1777 2375 1822 2400 vel
1842 2374 1986 2407 denegare
1999 2377 2100 2401 contra
2115 2375 2276 2408 deposicio-

413 2421 481 2440 nem
500 2415 718 2446 magistrorum,
742 2416 772 2441 in
795 2419 942 2450 quantum
967 2420 1114 2445 concernit
1135 2420 1299 2449 scienciam:
1318 2421 1349 2446 in
1371 2424 1520 2455 quantum
1540 2430 1607 2449 vero
1626 2423 1774 2449 consernit
1790 2423 1851 2458 (sic)
1866 2431 1962 2450 mores
1977 2424 2113 2450 honestos
2126 2425 2171 2450 vel
2185 2425 2275 2452 inho-

414 2464 516 2492 nestos,
534 2463 623 2489 credit
638 2465 717 2497 quod
733 2467 825 2498 posset
840 2467 921 2499 sequi
935 2467 1130 2500 deposiciones
1145 2469 1271 2495 aliorum
1286 2478 1377 2503 quam
1393 2471 1602 2504 magistrorum
1610 2471 1643 2497 2⁰.

501 2512 574 2537 Item
588 2520 673 2545 super
687 2513 738 2541 ixo,
753 2514 886 2547 deposuit
900 2516 979 2548 quod
995 2524 1118 2550 semper,
1135 2518 1279 2551 quamdiu
1295 2519 1351 2545 fuit
1371 2520 1401 2545 in
1417 2520 1524 2548 studio,
1542 2521 1613 2546 vidit
1630 2523 1659 2547 et
1677 2521 1789 2547 audivit
1805 2521 1989 2548 cancellarios
2065 2522 2109 2548 uti
2132 2524 2161 2549 et
2184 2523 2275 2556 possi-

413 2560 479 2586 dere
491 2561 607 2593 pacifice
621 2562 657 2587 de
671 2563 804 2595 predictis
818 2564 927 2593 usibus,
942 2565 977 2590 do
992 2566 1099 2598 quibus
1114 2574 1199 2600 supra
1214 2568 1349 2600 deposuit
1368 2577 1460 2602 usque
1482 2570 1518 2595 ad
1537 2571 1654 2604 tempus
1673 2570 1813 2604 presentis
1831 2571 1902 2601 litis;
1919 2571 2046 2597 durante
2059 2579 2126 2598 vero
2143 2572 2193 2598 lite
2207 2580 2275 2606 pre-

414 2609 487 2634 senti
502 2610 622 2635 fuerunt
637 2611 708 2636 sacta
722 2611 933 2644 impedimenta
948 2614 1125 2646 quibusdam
1139 2615 1295 2642 licenciatis
1309 2618 1339 2643 in
1355 2618 1491 2645 facultate
1505 2619 1618 2645 arcium
1633 2627 1684 2653 per
1699 2620 1961 2646 subcancellarium
1976 2620 2046 2646 dicti
2061 2621 2232 2649 cancellarii.
2248 2623 2277 2648 et

414 2657 469 2683 hoc
483 2666 533 2691 per
547 2659 688 2684 rectorem
701 2659 896 2686 Universitatis
911 2663 939 2687 ct
954 2664 1113 2689 nonnullos
1129 2664 1199 2690 alios
1214 2666 1367 2698 magistros
1381 2667 1457 2693 dicte
1470 2668 1613 2694 facultatis
1628 2669 1750 2698 arcium,
1766 2669 1840 2695 sicut
1854 2669 1970 2702 publice
1984 2670 2095 2695 audivit
2107 2669 2178 2699 dici;
2193 2671 2223 2697 et
2236 2670 2276 2696 ita

414 2707 455 2731 est
470 2713 523 2731 vox
535 2708 564 2732 et
578 2707 654 2732 fama
669 2707 699 2733 in
713 2709 808 2734 studio
823 2710 979 2736 Parisiensi.

501 2755 575 2781 Item
591 2763 676 2788 super
690 2757 741 2789 xj0,
758 2757 890 2790 deposuit
903 2766 930 2784 se
943 2759 1081 2786 audivisse
1096 2761 1151 2787 dici
1166 2762 1246 2795 quod
1268 2763 1355 2790 habet
1374 2764 1447 2790 illud
1468 2766 1667 2800 privilegium:
1682 2766 1730 2793 sed
1752 2774 1910 2800 nunquam
1929 2767 2002 2793 vidit
2022 2767 2130 2801 ipsum.
2147 2768 2275 2794 Interro-

414 2804 497 2836 gatus
510 2803 531 2829 si
545 2812 679 2837 unquam
692 2805 763 2831 vidit
778 2806 906 2839 aliquem
920 2807 1063 2834 licenciari
1076 2809 1202 2835 invitum
1218 2812 1261 2837 vel
1277 2820 1337 2838 non
1352 2814 1551 2846 requirentem
1566 2817 1595 2841 et
1609 2823 1670 2841 non
1684 2817 1844 2849 petentem,
1861 2817 2011 2850 respondit
2025 2817 2105 2850 quod
2120 2824 2191 2843 non.

503 2852 575 2878 Item
591 2861 676 2886 super
691 2854 753 2887 xiijo
768 2855 899 2884 articulo,
916 2856 1050 2889 deposuit
1064 2866 1165 2884 verum
1183 2867 1240 2885 esse
1260 2861 1339 2893 quod
1361 2862 1391 2887 in
1416 2863 1552 2890 facultate
1567 2864 1711 2897 theologie
1727 2864 1799 2890 vidit
1819 2873 1884 2898 sepe
1898 2866 1989 2899 quod,
2005 2866 2125 2899 quando
2139 2865 2278 2899 recipitur

415 2900 571 2933 siguetum,
588 2902 783 2928 licenciandus
798 2904 958 2936 gaudenter
973 2907 1073 2939 recipit
1093 2909 1121 2932 et
1140 2908 1189 2933 dat
1209 2909 1310 2935 vinum
1325 2912 1352 2936 et
1367 2912 1471 2944 specics
1486 2913 1692 2939 deserentibus.
1707 2914 1742 2939 Et
1756 2914 1868 2939 audivit
1882 2915 1963 2949 quod
1981 2914 2013 2940 in
2030 2915 2165 2941 facultate
2181 2914 2275 2942 medi-
