2488 3386
430 319 492 350 522
1006 326 1323 350 CHARTULARHJM
1358 326 1546 348 umvnns.
1583 324 1713 347 PARIS.
2192 311 2290 347 [1387

430 410 478 425 ms.
495 402 560 429 1123,
579 402 622 424 sol.
640 402 677 431 12,
691 402 723 424 ad
739 410 780 425 an.
798 402 857 425 1393
871 410 877 425 ·.
896 410 907 424 t<
921 401 1084 426 Gaudivallis
1099 410 1120 424 υ.
1136 401 1186 424 Sed
1201 401 1234 424 ab
1250 409 1292 424 an.
1310 401 1370 424 1250
1383 400 1490 423 abbatia
1503 400 1617 424 Grandis
1631 399 1713 422 Vallis
1727 398 1752 421 in
1769 398 1880 421 Francia
1893 406 1944 421 non
1960 398 2096 428 existebat,
2113 397 2202 429 etjam
2215 398 2291 433 prius

429 446 540 469 Grandis
556 446 638 468 Vallis
654 446 736 469 dioec.
754 446 897 469 Basileens.
914 446 940 469 in
959 446 1054 477 colleg.
1069 446 1132 469 eccl.
1149 448 1249 468 mutata
1268 448 1332 468 erat.
1357 445 1530 468 Scribendum
1550 447 1578 467 ut
1600 444 1626 467 in
1647 452 1695 466 ms.
1714 452 1725 466 (ι
1746 443 1938 467 Gaudii-Vallis
1955 452 1977 472 ι),
1994 442 2057 466 Ord.
2074 442 2291 472 Praemonstrat.,

430 491 533 513 Carnot.
549 490 642 522 dioec„
659 490 703 513 ubi
718 490 751 513 ab
767 499 809 514 an.
826 491 895 519 1387,
914 491 1033 514 Decemb.
1051 491 1088 519 18,
1105 490 1265 513 Bertrandus
1284 490 1314 512 de
1333 489 1487 517 Monavnlle,
1505 489 1601 512 decret.
1617 488 1728 517 buccal„
1742 491 1803 519 post
1818 487 1919 511 obitum
1932 487 2038 511 Roherti
2053 486 2136 510 abbas
2154 487 2202 510 suit.
2217 487 2290 518 (Reg.

430 537 508 558 Aven-
524 535 649 558 Clcrnent.
665 535 720 564 VH,
736 535 787 558 vol.
807 535 892 564 XLIX,
908 535 952 558 sol.
969 535 1018 564 18).
1034 535 1129 558 Doctor
1144 535 1239 557 decret.
1256 535 1339 556 sactus
1358 536 1397 556 cst
1411 534 1558 557 1387-1389.
1573 547 1604 550 —
1619 534 1641 556 2.
1658 532 1781 555 Mam-itio
1798 532 1829 555 de
1848 532 1991 563 Collengis,
2007 532 2070 555 Ord.
2091 531 2194 560 Praed.‚
2209 531 2290 562 episc.

429 579 581 602 Nivernensi
600 579 633 602 ab
648 587 690 602 an.
705 579 774 607 1381,
789 579 872 610 April.
889 579 900 602 ‘l
916 580 989 610 (Reg.
1006 580 1052 602 Av.
1069 579 1195 602 Clement.
1214 578 1268 605 Vll,
1281 578 1333 600 vol.
1350 578 1414 606 XXI,
1432 578 1477 601 sol.
1494 578 1540 609 11).

435 768 574 804 1575.
598 777 727 803 Ferricus
750 776 910 809 Cassinelli,
929 777 1015 812 episc.
1033 775 1285 808 Autissiodorens„
1304 776 1407 801 rectori
1427 775 1625 801 Universitatis
1643 775 1817 812 Stephanum
1837 776 1958 809 Gontier,
1978 775 2044 801 Ord.
2062 775 2165 801 Praed.
2182 775 2287 807 Paris.,

517 826 557 851 ad
571 826 812 851 examinationem
828 829 855 851 et
867 825 1043 861 punitionem
1057 828 1174 860 propter
1188 825 1408 850 communionem
1424 833 1485 849 cum
1501 824 1629 850 Iohanne
1645 824 1680 850 de
1697 825 1861 850 Montesono
1877 824 2012 850 restituit.

1615 914 1690 942 7389,
1706 914 1765 939 Maii
1776 914 1815 943 31,
1831 914 2004 940 Autissiodori.

517 998 731 1031 Vener-ande
752 997 984 1030 discretionis
1005 1009 1044 1029 ac
1066 997 1217 1029 scientie
1234 997 1312 1029 viro
1330 997 1477 1029 domino
1502 997 1652 1029 rectori¹
1671 996 1763 1030 alme
1781 997 2036 1030 Universitatis
2059 996 2289 1038 Parisiensis‚

429 1065 595 1097 Ferricus
617 1064 858 1109 permissione
879 1063 999 1096 divina
1020 1063 1358 1096 Autissiodorensis
1379 1063 1575 1108 episcopus
1597 1062 1749 1096 salutem
1773 1063 1810 1095 in
1831 1063 1906 1096 filio
1926 1063 2091 1108 Virginis
2112 1062 2287 1108 gloriose.

427 1132 515 1165 Cum
542 1132 651 1163 frater
673 1129 876 1175 Stephanus
897 1130 1063 1171 Gontier‚
1081 1129 1272 1175 presbyter
1293 1129 1491 1174 religiosus
1517 1130 1562 1162 de
1583 1130 1722 1163 Ordine
1742 1130 1890 1163 fratrum
1914 1130 2199 1169 Predicatorum,
2222 1141 2288 1163 suo

425 1197 547 1230 habitu
575 1197 739 1237 dimisso⁷
767 1197 803 1229 in
830 1196 953 1229 habitu
982 1196 1137 1229 seculari
1164 1208 1203 1229 ac
1229 1208 1294 1229 sue
1323 1196 1494 1241 religioni
1515 1196 1686 1236 difformi‚
1708 1208 1726 1229 a
1747 1203 1929 1229 conventu
1955 1197 2068 1229 Paris.
2092 1203 2127 1229 et
2151 1195 2288 1242 absque

425 1264 568 1297 licentia
603 1264 657 1296 sui
693 1263 894 1308 superioris
930 1263 1142 1302 recesserit;
1180 1269 1215 1295 et
1247 1262 1331 1295 hinc
1366 1263 1451 1295 inde
1485 1263 1721 1308 apostatando
1757 1275 1821 1308 per
1854 1270 1974 1308 partes
2009 1263 2208 1307 diffugerit,
2244 1263 2288 1296 ad

425 1338 655 1375 nostramque
676 1330 852 1363 civitatem
878 1330 1240 1362 Autissiodorensem
1262 1330 1471 1371 accesserit7
1493 1336 1528 1363 et
1555 1330 1591 1362 in
1619 1329 1736 1363 locum
1767 1329 1829 1362 ubi
1850 1337 1925 1363 erat
1953 1329 2159 1375 hospitatus
2186 1341 2289 1363 reve-

424 1397 558 1430 rendus
574 1397 609 1429 in
624 1396 769 1430 Christo
787 1403 940 1441 paterae
958 1396 1128 1429 dominus
1140 1389 1315 1429 dominus*
1327 1396 1566 1429 Nivernensis
1583 1396 1812 1441 episcopus²‚
1827 1403 1933 1430 nocte
1950 1408 2029 1429 cum
2048 1397 2198 1442 magno³
2211 1396 2288 1429 cul-

425 1463 508 1496 tello
532 1463 728 1508 habituque
752 1463 905 1495 seculari
923 1462 1086 1507 predicto
1108 1463 1335 1506 intrav[er]it,
1354 1463 1518 1508 predicto
1540 1463 1742 1496 reverendo
1760 1463 1851 1508 patri
1876 1463 2097 1503 insidiando,
2116 1469 2221 1508 prout
2243 1475 2286 1496 ex

423 1530 626 1562 vehementi
648 1529 919 1574 presumptione
942 1535 1081 1574 poterat
1100 1541 1291 1574 apparere;
1310 1541 1464 1574 cumque
1486 1536 1633 1574 propter
1649 1529 1717 1562 hoc
1733 1529 1777 1562 ad
1797 1529 2002 1562 instantiam
2026 1536 2059 1562 et
2081 1536 2285 1574 requestam

423 1596 575 1641 predicti
598 1596 787 1628 reverendi
809 1596 919 1640 patris
942 1607 1005 1640 per
1025 1595 1203 1628 inscitiam
1231 1595 1448 1629 scolaritatis
1469 1596 1593 1629 eadem
1620 1603 1725 1629 nocte
1746 1603 1886 1641 captus,
1908 1602 1941 1629 et
1967 1596 2003 1628 in
2024 1602 2142 1628 castro
2162 1596 2287 1629 Autis-

423 1663 628 1696 siodorensi
661 1663 919 1707 imprisonatus
949 1662 1070 1704 fuerit,
1093 1662 1299 1708 deindeque
1328 1674 1392 1708 per
1420 1663 1577 1708 priorem
1604 1669 1806 1696 conventus
1836 1663 1984 1696 fratrum
2014 1663 2283 1696 Predicatorum

422 1730 797 1762 Autissiodorensium
833 1730 1045 1774 requisitus,
1081 1741 1120 1762 ac
1155 1729 1272 1762 eidem
1312 1729 1424 1775 priori
1464 1741 1528 1775 per
1562 1730 1787 1775 prepositum
1822 1729 2183 1763 Autissiodorensem
2220 1741 2285 1774 pro

421 1796 605 1841 puniendo
628 1796 779 1828 traditus
800 1802 834 1828 et
853 1795 1088 1833 deliberatus,
1114 1808 1192 1828 cum
1218 1808 1342 1829 revera
1363 1795 1433 1829 sibi
1459 1796 1602 1829 tradere
1624 1808 1690 1829 nec
1710 1795 1866 1829 liberare
1888 1795 2078 1829 debuisset
2100 1807 2106 1828 :
2130 1807 2286 1841 quapro-

421 1869 500 1907 pter
521 1862 626 1895 nobis
654 1862 875 1895 sufficienter
896 1862 1098 1895 informatis
1127 1862 1261 1895 dictum
1290 1863 1515 1908 prepositum
1543 1863 1765 1904 monuimus,
1793 1874 1858 1895 seu
1890 1863 2029 1895 moneri
2059 1862 2226 1904 fecimus,
2247 1869 2286 1895 ut

420 1928 487 1961 sub
508 1941 599 1974 pena
620 1929 802 1961 interdicti
824 1928 957 1961 dictum
986 1929 1223 1974 prisionatum
1250 1929 1287 1962 in
1313 1936 1406 1962 statu
1434 1941 1506 1974 quo
1532 1936 1657 1974 captus
1684 1930 1813 1970 fuerat7
1840 1928 1947 1962 nobis
1972 1929 2182 1962 restitueret
2209 1935 2285 1962 tan-

420 2007 522 2040 quam
551 1995 621 2028 loci
647 1995 844 2028 ordinario.
872 1996 948 2038 Qua
976 1996 1176 2028 monitione
1197 1996 1416 2041 precedente
1438 1995 1624 2041 predictus
1652 1996 1861 2041 prepositus
1883 1995 2016 2028 dictum
2047 1995 2283 2040 prisionatum

420 2062 657 2106 recuperavit,
684 2068 719 2094 et
746 2062 782 2094 in
811 2062 962 2106 pristina
989 2062 1152 2107 prisione
1178 2074 1242 2095 seu
1264 2069 1382 2095 castro
1403 2062 1720 2096 Autissiodorensi
1747 2062 1897 2095 retrusit
1921 2069 1980 2095 aut
2006 2062 2143 2095 retrudi
2168 2061 2254 2094 fecit
2275 2073 2282 2094 τ

419 2128 602 2172 predictus
632 2140 717 2161 vero
745 2129 954 2173 prepositus
986 2129 1249 2162 monitionibus
1278 2129 1413 2162 nostris
1446 2129 1715 2174 obtemperans,
1747 2130 1784 2162 in
1814 2136 1907 2162 statu
1935 2136 1970 2162 et
1999 2128 2122 2161 habitu
2150 2127 2284 2174 quibus

420 2207 539 2239 supra,
558 2195 691 2227 dictum
713 2195 950 2240 prisionatum
973 2195 1079 2228 nobis
1101 2196 1257 2229 restituit
1279 2203 1314 2229 et
1334 2196 1560 2229 deliberavit.
1584 2196 1653 2239 Qui
1675 2196 1820 2241 quidem
1843 2196 2040 2241 religiosus
2063 2195 2284 2240 prisionatus

421 2261 471 2294 sic
489 2261 594 2294 nobis
611 2261 800 2294 restitutus
822 2273 932 2306 super
948 2262 1115 2306 pluribus
1136 2274 1200 2307 per
1217 2274 1284 2295 nos
1306 2263 1552 2308 interrogatus
1573 2263 1667 2295 inter
1687 2269 1807 2295 cetera
1827 2274 1946 2295 coram
1970 2261 2075 2295 nobis
2092 2262 2284 2294 confessus

417 2328 494 2368 fuiu
518 2328 614 2372 quod
636 2328 714 2372 ipse
735 2328 850 2360 fuerat
871 2340 1023 2373 presens
1045 2329 1189 2374 quando
1215 2336 1471 2374 procuratores
1492 2341 1535 2362 ex
1555 2336 1655 2375 parte
1676 2330 1824 2362 fratrum
1846 2329 2116 2361 Predicatorum
2137 2328 2285 2361 fuerunt

417 2394 603 2426 constituti
625 2400 659 2426 et
684 2394 858 2434 ordinati;
883 2402 917 2427 et
941 2395 1008 2427 fuit
1033 2407 1127 2428 unus
1150 2396 1194 2428 de
1215 2396 1533 2429 consentientibus
1559 2396 1602 2429 ad
1632 2395 1888 2441 appellandum
1916 2394 1959 2428 ab
1982 2395 2225 2428 Universitate
2246 2394 2283 2426 in

418 2472 524 2492 causa
545 2472 614 2504 que
642 2472 759 2493 coram
787 2461 933 2494 domino
955 2468 1080 2495 nostro
1102 2474 1191 2507 papa
1212 2463 1365 2495 vertitur
1386 2474 1497 2507 super
1517 2463 1610 2495 facto
1638 2462 1723 2495 fidei
1751 2462 1845 2494 inter
1873 2461 2069 2506 predictam
2095 2461 2283 2494 Universi-

418 2533 521 2558 tatem
545 2533 579 2558 et
600 2527 809 2570 magistrum
832 2527 1029 2560 Johannem
1052 2529 1096 2561 de
1113 2530 1366 2562 Montessono.
1390 2529 1508 2572 Quare
1529 2528 1779 2562 verisimiliter
1799 2528 2044 2573 presumimus
2067 2534 2100 2560 et
2122 2527 2282 2572 presumi

418 2591 538 2633 debet,
569 2592 686 2636 ipsum
718 2593 861 2625 fratrem
886 2594 1104 2638 Stephanum
1138 2595 1390 2640 prisionatum,
1422 2601 1461 2628 ut
1489 2606 1610 2640 supra,
1641 2601 1850 2639 suspectum
1877 2594 1921 2627 de
1949 2594 2100 2627 crimine
2125 2593 2280 2634 heresis,

418 2658 836 2703 excommunicatumque
863 2666 897 2692 et
917 2667 1162 2705 aggravatum,
1187 2668 1355 2706 tanquam
1384 2661 1574 2702 fautorem,
1598 2660 1860 2705 coadjutorem,
1884 2672 2027 2693 necnon
2048 2660 2280 2693 adherentem

417 2724 517 2756 salsis
535 2724 847 2769 propositionibus
864 2737 928 2770 per
944 2727 1117 2770 prefatum
1137 2727 1349 2772 magistrum
1366 2727 1565 2760 Johannem
1585 2727 1628 2760 de
1645 2728 1884 2760 Montessono
1902 2727 2044 2772 positis,
2062 2739 2101 2760 ac
2118 2738 2182 2772 per
2198 2726 2281 2760 Uni-

417 2790 622 2823 versitatem
653 2790 892 2823 parisiensem
916 2792 1178 2834 condemnatis,
1202 2793 1383 2838 predictas
1414 2793 1614 2826 sententias
1645 2793 1898 2826 damnabiliter
1927 2793 2161 2826 incurrendo.
2191 2793 2281 2825 Hinc

417 2863 472 2888 est
492 2856 589 2900 quod
610 2856 653 2889 ad
673 2868 751 2897 vos,
774 2863 940 2901 tanquam
962 2858 1005 2890 ad
1028 2871 1152 2892 verum
1174 2859 1259 2892 fidei
1280 2859 1455 2892 catholice
1478 2859 1722 2899 defensorem,
1742 2860 1943 2904 predictum
1964 2861 2108 2893 fratrem
2132 2858 2281 2904 Stepha-

539 2915 578 2937 66.
