2488 3386
436 342 500 373 366
1013 348 1327 370 crunrrnxnmu
1363 347 1551 368 exivi-:ns
1590 347 1718 368 rimis.
2200 333 2299 369 [1385

439 479 579 516 1512.
604 488 783 524 Supplicatio
801 487 970 512 cancellarii
989 486 1127 512 Iohannis
1147 485 1305 511 Blanclzart
1330 485 1370 510 ad
1387 484 1565 510 cardinalem
1582 483 1802 510 landunensem
1823 487 1853 509 at
1876 492 1911 510 ea
1934 492 2009 519 quae
2035 484 2182 510 Universit.
2202 484 2296 510 Paris.

522 541 619 562 contra
636 546 696 562 cum
713 545 850 571 aggressa
867 539 918 565 est,
936 535 1128 561 annullentur.

1723 578 1801 607 1385,
1817 578 1881 607 Mali.
1897 578 2011 604 Par-lesia.

523 667 608 697 Item
632 664 797 709 sequitur
818 670 922 696 tenor
945 663 1104 708 predicte
1126 662 1420 707 supplicationis¹
1445 662 1506 706 qui
1528 661 1609 694 talis
1631 668 1684 694 est
1709 673 1715 694 :

520 763 763 790 Reverendissime
787 765 868 796 pater
891 764 919 788 et
941 762 1060 787 domine
1084 760 1331 787 metuendissime.
1358 760 1433 785 Cum
1458 760 1622 785 secundum
1649 760 1811 786 sanctiones
1837 761 1989 787 canonicas
2017 761 2125 794 pariter
2151 762 2178 786 et
2205 760 2300 788 civiles

432 820 592 846 omnesque
607 812 661 838 sori
676 819 846 837 communes
862 811 962 836 stilum
977 812 1005 836 et
1020 810 1263 836 consuetudinem
1279 809 1418 842 spoliatus
1432 810 1500 835 ante
1515 809 1615 834 omnia
1630 809 1732 835 debeat
1749 809 1862 835 restitui
1880 811 1908 835 et
1925 811 2098 843 attemptata
2113 811 2178 844 post
2196 810 2298 843 appel-

432 862 570 887 lationem
591 869 639 887 seu
660 861 708 886 lite
730 861 874 893 pendente
897 859 995 885 cassari
1020 859 1168 887 deberent,
1190 860 1217 884 et
1237 858 1389 884 adversarii
1413 857 1508 884 devoti
1530 857 1615 883 vestri
1635 858 1755 883 oratoris
1782 858 1923 884 Johannis
1944 859 2110 887 Blanchart,
2138 858 2299 885 cancellarii

431 910 544 936 ecclesie
562 909 731 938 Parisionsis,
746 909 775 934 iu
790 917 873 934 causa
887 909 993 941 partim
1007 916 1104 933 coram
1120 907 1358 933 reverendissimo
1373 907 1401 932 in
1416 907 1530 932 Christo
1545 908 1627 940 patre
1642 909 1670 932 et
1685 907 1807 932 domino
1822 907 1944 933 domino
1957 907 2101 933 cardinale
2113 907 2269 934 Vivariensi
2276 907 2297 937 ²,

432 960 539 992 partim
554 967 650 984 coram
666 958 767 984 eodem
784 966 842 982 una
857 965 925 983 cum
946 957 1188 982 reverendissimis
1203 957 1233 981 in
1249 956 1364 981 Christo
1380 956 1510 989 patribus
1530 958 1558 981 et
1573 956 1700 981 dominis
1719 956 1846 981 dominis
1863 957 2058 982 cardinalibus
2075 955 2300 983 Ebredunense³

431 1010 459 1034 et
474 1008 509 1033 de
529 1008 694 1040 Fitignyaco
708 1006 725 1033 ⁵.
742 1008 767 1032 et
785 1006 891 1039 partim
907 1013 939 1031 ac
956 1006 1015 1031 vice
1031 1013 1127 1031 coram
1149 1007 1239 1031 vestra
1258 1005 1495 1030 reverendissima
1517 1005 1692 1038 paternitate
1707 1005 1863 1038 apostolica
1878 1005 2050 1031 auctoritate
2064 1005 2220 1038 pendente.
2235 1006 2300 1039 post

431 1057 656 1090 appellacionem
677 1063 728 1088 per
748 1055 843 1088 ipsum
863 1054 1068 1080 cancellarium
1088 1056 1189 1080 contra
1209 1054 1299 1079 dictos
1318 1054 1493 1079 adversarios
1515 1061 1581 1079 suos
1601 1054 1706 1079 factam
1729 1055 1793 1087 post
1813 1061 1929 1079 causam
1951 1054 2106 1087 apostolica
2127 1054 2300 1092 auctoritate

431 1106 526 1139 primo
543 1105 634 1138 judici
655 1104 848 1131 commissam.
865 1105 930 1136 post
949 1103 1117 1129 citationem
1138 1105 1163 1129 et
1181 1103 1391 1128 inhibicionem
1407 1111 1422 1128 a
1438 1102 1516 1128 dicto
1532 1103 1628 1135 primo
1641 1103 1739 1135 judice
1754 1103 1911 1136 apostolico
1926 1105 2075 1128 emanatas
2089 1104 2118 1129 et
2132 1102 2300 1129 adversariis

430 1154 497 1179 dicti
513 1153 671 1179 cancellarii
695 1153 790 1178 debite
814 1152 961 1177 intimatas
982 1154 1011 1177 et
1032 1154 1163 1178 executas
1182 1154 1282 1177 contra
1307 1151 1433 1180 eosdem,
1451 1152 1547 1184 ipsum
1564 1152 1769 1177 cancellarium
1794 1152 1852 1177 suis
1875 1153 1901 1177 et
1923 1159 1972 1177 sue
1991 1152 2160 1179 cancellarie
2180 1151 2300 1178 notoriis

427 1203 542 1235 juribus
555 1202 756 1234 multipliciter
770 1201 942 1234 spoliarunt,
959 1202 987 1226 et
1002 1202 1102 1226 contra
1119 1201 1165 1226 illa
1182 1202 1289 1226 temere
1302 1202 1549 1234 attemptaverunt
1565 1208 1598 1226 ac
1612 1200 1739 1226 cothidie
1754 1200 1875 1233 spoliare
1887 1202 1915 1226 et
1928 1202 2102 1233 attemptare
2116 1208 2175 1226 non
2189 1202 2299 1226 cessant

430 1259 479 1284 per
492 1251 614 1276 modum
629 1252 806 1276 statutorum
820 1250 853 1283 <si
868 1250 915 1278 sic.
930 1250 965 1275 de
978 1257 1038 1282 quo
1053 1250 1099 1275 cui
1113 1250 1258 1275 incumbit
1269 1249 1377 1283 judicet
1387 1249 1407 1278 ³3.
1421 1249 1542 1275 debeant
1558 1249 1718 1283 appellari),
1730 1249 1895 1275 ordinando
1908 1249 1991 1282 plura
2006 1249 2117 1276 notorie
2129 1251 2158 1275 et
2169 1257 2299 1282 expresse

429 1302 527 1326 contra
539 1300 616 1332 jura,
634 1307 703 1324 usus
718 1301 743 1324 ct
760 1299 986 1325 consuetudines
1000 1298 1090 1331 ipsius
1103 1298 1263 1324 cancellarii
1276 1300 1304 1324 et
1315 1298 1483 1324 cancellarie
1499 1298 1630 1331 ipsorum
1645 1298 1854 1331 predictorum,
1872 1306 1939 1331 que.
1957 1305 2030 1331 quos
2044 1300 2073 1324 et
2087 1306 2160 1332 quas
2173 1298 2297 1324 inviola-

430 1349 523 1374 biliter
538 1349 686 1373 observare
705 1350 730 1373 et
748 1348 786 1373 eis
807 1348 975 1373 nullatenus
997 1347 1196 1373 contravenire
1215 1347 1372 1373 solenniter
1384 1347 1570 1380 juraverunt.
1593 1355 1697 1373 eorum
1722 1347 1882 1373 reverentia
1904 1347 1988 1377 salva.
2009 1347 2159 1380 dictasque
2177 1347 2298 1373 ordina-

428 1398 522 1423 ciones
537 1397 566 1422 in
583 1397 693 1430 scriptis
709 1397 798 1429 redigi
814 1398 840 1422 et
858 1404 967 1429 magno
986 1396 1184 1422 Universitatis
1203 1396 1296 1428 sigillo
1317 1396 1448 1422 fecerunt
1467 1396 1624 1423 roborarifl.
1642 1396 1767 1421 nitentes
1788 1396 1819 1421 in
1841 1396 1963 1429 singulis
1978 1396 2164 1421 facultatibus
2183 1395 2298 1428 singula

430 1455 478 1479 per
493 1454 539 1471 cos
554 1446 592 1471 sic
607 1446 738 1471 ordinata
755 1447 780 1471 et
798 1446 931 1470 roborata
947 1453 998 1478 per
1014 1445 1153 1477 singulos,
1170 1445 1277 1478 gradus
1295 1444 1430 1480 ntiquom
1454 1445 1484 1470 in
1505 1445 1606 1478 quavis
1630 1445 1766 1470 facultate
1787 1445 1965 1478 recipientes,
1989 1445 2163 1478 priusquam
2184 1444 2221 1470 ad
2235 1444 2299 1470 illos

428 1495 632 1523 admittantur.
655 1495 745 1520 facere
758 1494 859 1527 jurari.
876 1494 906 1519 in
922 1502 1006 1527 grave
1022 1494 1182 1520 cancellarii
1200 1495 1228 1519 et
1247 1494 1414 1519 cancellarie
1429 1493 1544 1519 ecclesie
1560 1493 1723 1519 Parisiensis
1738 1494 1934 1527 prejudicium
1954 1493 2164 1526 predictorum.
2186 1493 2299 1526 Quibus

430 1551 488 1568 non
503 1543 642 1571 contenti.
655 1543 702 1568 sed
718 1543 794 1568 mala
806 1542 889 1568 malis
900 1542 1123 1572 accumulando,
1136 1544 1230 1568 rector
1240 1542 1438 1568 Universitatis
1453 1550 1521 1568 cum
1537 1542 1673 1568 facultate
1687 1542 1797 1568 artium
1812 1550 1915 1568 omnes
1929 1543 1958 1568 et
1969 1542 2098 1575 singulos
2112 1542 2166 1568 hoc
2175 1549 2254 1568 anno
2266 1541 2298 1567 in

428 1592 559 1618 examine
574 1592 671 1617 Nostre
682 1592 806 1617 Domine
821 1591 984 1617 licenciatos
997 1592 1031 1616 ad
1048 1592 1258 1624 magisterium,
1275 1591 1311 1617 ad
1326 1591 1426 1617 bursas
1441 1592 1590 1617 solvendas
1605 1593 1633 1617 et
1648 1591 1683 1617 ad
1699 1591 1870 1624 prestanda⁷
1884 1591 1967 1617 solita
1980 1591 2148 1624 juramenta
2164 1592 2299 1617 recusant

428 1641 590 1668 admittere.
608 1641 780 1673 magistrum
797 1640 985 1673 Flamingum
1002 1640 1200 1666 bachalarium
1223 1640 1253 1665 in
1274 1640 1429 1673 theologia,
1449 1640 1501 1673 qui
1518 1640 1572 1666 sub
1593 1640 1764 1666 cancellario
1778 1640 1897 1673 incepit,
1914 1641 1943 1666 et
1958 1647 2009 1673 per
2027 1627 2195 1666 facultatem
2210 1639 2297 1666 theo-

428 1689 501 1722 logie
519 1690 580 1722 jam
606 1689 647 1714 bis
669 1689 825 1714 solenniter
840 1689 991 1718 admissus,
1009 1689 1060 1722 qui
1076 1689 1217 1715 lecturam
1234 1697 1316 1714 suam
1337 1689 1454 1722 incepit.
1472 1689 1656 1714 adsanctam
1680 1689 1777 1716 sedem
1799 1689 1987 1722 apostolicam
2009 1689 2045 1714 ab
2069 1688 2108 1714 eis
2131 1688 2295 1722 appellavit,

428 1740 543 1771 paratus
566 1746 679 1771 semper
700 1738 822 1763 existens
841 1738 876 1763 de
896 1738 1034 1763 omnihus
1049 1738 1101 1763 sibi
1117 1738 1274 1764 obiciendis
1289 1740 1363 1764 stare
1375 1739 1435 1771 juri
1457 1746 1555 1764 coram
1576 1745 1757 1772 quocunque
1775 1738 1874 1771 judice
1894 1739 2097 1771 competente:
2115 1739 2215 1763 tamen
2237 1737 2298 1764 sine

427 1794 509 1812 rause
524 1787 692 1819 cognicione
708 1787 817 1819 absque
833 1787 887 1812 hoc
905 1787 984 1819 quod
999 1787 1030 1812 in
1045 1787 1144 1820 aliquo
1160 1787 1308 1812 convictus
1324 1787 1408 1813 suerit
1427 1788 1470 1813 vel
1486 1788 1640 1816 consessus.
1657 1787 1755 1821 ipsum
1777 1787 1813 1812 de
1830 1787 1905 1813 sacto
1923 1787 1977 1812 nisi
1992 1788 2061 1812 sunt
2077 1786 2228 1820 impedire,
2245 1785 2298 1812 sibi

427 1835 522 1861 stricte
536 1835 719 1868 precipiendo
736 1835 917 1864 mandantes,
935 1836 1015 1868 quod
1027 1844 1042 1861 a
1056 1836 1229 1861 lectionibus
1245 1837 1302 1861 suis
1315 1836 1438 1861 omnino
1452 1838 1580 1862 cessaret.
1596 1836 1681 1869 Quod
1695 1836 1763 1869 quia
1777 1836 1867 1862 facere
1881 1835 1986 1865 noluit,
2001 1835 2192 1869 appellacioni
2206 1842 2298 1868 quam

427 1884 462 1909 ad
476 1885 603 1909 sanctam
618 1884 713 1909 sedem
729 1884 915 1916 apostolicam
929 1885 1062 1910 emiserat
1078 1885 1250 1913 inherendo.
1269 1885 1365 1918 ipsum
1382 1885 1557 1918 magistrum
1574 1885 1763 1918 Flamingum
1778 1885 1809 1910 in
1825 1885 1888 1917 ejus
1902 1886 1930 1910 et
1945 1884 2107 1910 cancellarii
2123 1891 2183 1910 non
2198 1883 2297 1910 modi-

426 1941 489 1958 cam
505 1933 698 1965 ignominiam
714 1933 750 1957 ab
766 1933 955 1959 Universitate
969 1933 1004 1959 de
1025 1934 1098 1959 sacto
1114 1934 1275 1967 privarunt.
1294 1942 1353 1959 non
1370 1934 1430 1959 sine
1448 1934 1527 1967 gravi
1543 1934 1704 1968 prejudicio
1724 1933 1936 1959 commissionis
1951 1933 1987 1959 ad
2002 1941 2106 1959 eorum
2124 1933 2297 1958 instanciam

426 1983 516 2008 vestre
531 1981 769 2007 metuendissime
784 1981 980 2007 dominacioni
997 1983 1078 2008 facte.
1096 1984 1190 2015 Quare
1206 1983 1393 2008 cancellarius
1413 1983 1578 2009 antedictus
1598 1984 1689 2009 vestre
1713 1982 1953 2008 metuendissime
1976 1982 2158 2015 paternitatis
2177 1982 2298 2008 devotus

426 2032 522 2056 orator
535 2030 627 2055 cidem
645 2030 796 2056 humiliter
812 2031 964 2063 supplicat,
981 2031 1121 2064 quatinus
1138 2032 1275 2064 premissa
1291 2034 1319 2057 et
1334 2034 1427 2058 cetera
1442 2040 1493 2066 per
1511 2032 1685 2058 adversarios
1700 2039 1766 2057 suos
1778 2033 1879 2057 contra
1892 2039 1961 2057 eum
1974 2033 2003 2057 et
2015 2039 2103 2057 suum
2119 2030 2296 2057 beneficium

425 2080 606 2112 attemptata,
620 2079 656 2104 de
671 2079 778 2112 quibus
792 2081 910 2112 paratus
925 2081 966 2105 est
981 2080 1157 2106 sufficienter
1171 2080 1273 2106 docere
1286 2081 1348 2106 loco
1361 2082 1389 2106 ct
1401 2081 1584 2114 temporibus
1596 2081 1779 2114 opportunis,
1794 2088 1900 2106 cassare
1912 2080 2075 2113 dignemini
2090 2081 2118 2105 et
2133 2079 2294 2109 adnullare,

426 2129 477 2153 aut
492 2135 542 2160 per
556 2135 603 2153 eos
619 2128 708 2153 facere
723 2128 823 2153 cassari
839 2130 866 2153 et
881 2128 1037 2158 adnullari,
1054 2129 1098 2154 vel
1118 2137 1233 2154 causam
1249 2129 1285 2154 ad
1301 2131 1430 2155 sanctam
1451 2129 1547 2155 sedem
1567 2130 1755 2162 apostolicam
1779 2129 1858 2155 unde
1877 2129 2024 2155 emanavit
2046 2128 2204 2156 remittere.
2226 2135 2294 2161 pre-

427 2176 524 2202 sertim
547 2184 614 2201 cum
635 2178 735 2201 contra
756 2178 883 2202 vestrum
900 2177 1051 2203 decretum
1072 2178 1119 2203 hic
1141 2186 1201 2203 non
1217 2178 1303 2211 possit
1320 2179 1425 2204 habere
1440 2178 1605 2207 consilium,
1622 2180 1742 2211 propter
1757 2178 1894 2204 timorem
1909 2177 2140 2203 adversariorum
2160 2183 2293 2206 suorum.

428 2226 460 2250 ut
475 2225 552 2250 vobis
569 2224 707 2250 constal&
729 2225 847 2258 l’ropter
867 2226 946 2258 quod
966 2226 1171 2252 verissimiliter
1190 2227 1303 2252 dubitat
1328 2227 1374 2252 hic
1395 2235 1454 2252 non
1478 2235 1558 2260 posse
1579 2227 1717 2260 consequi
1739 2226 1836 2253 debite
1854 2226 1968 2259 justicie
1983 2226 2247 2259 complementum.
2266 2226 2295 2251 et

427 2275 544 2306 propter
566 2274 662 2306 plures
684 2273 751 2298 alias
773 2282 870 2299 causas
894 2274 1081 2300 racionabiles
1102 2277 1193 2301 vestre
1216 2276 1455 2302 metuendissime
1477 2276 1672 2301 dominationi
1695 2276 1760 2301 satis
1783 2277 1874 2303 notas,
1895 2283 1968 2308 quas
1988 2275 2034 2300 hic
2053 2274 2215 2308 exprimere
2233 2281 2294 2299 non

426 2324 569 2355 opportet.

516 2371 657 2396 Protestor
676 2373 774 2396 aulem
794 2373 861 2397 aule
885 2373 995 2402 omnia,
1020 2374 1254 2399 reverendissime
1277 2376 1367 2407 pater,
1391 2374 1472 2407 quod
1498 2382 1548 2407 per
1570 2374 1620 2398 has
1643 2373 1890 2406 supplicacionem
1913 2374 1941 2398 et
1964 2371 2210 2405 comparicionem
2231 2378 2293 2397 non

427 2420 573 2444 consentio
594 2428 644 2445 nec
664 2420 784 2445 intendo
800 2421 961 2447 consentire
980 2422 1063 2447 alicui
1086 2423 1229 2455 processui
1249 2423 1278 2448 in
1295 2423 1348 2449 hac
1368 2431 1451 2449 causa
1471 2430 1568 2448 coram
1589 2422 1824 2448 reverendissima
1848 2421 2020 2454 paternitate
2041 2422 2133 2446 vestra
2148 2421 2222 2446 sacto
2241 2421 2293 2445 aut

427 2468 534 2496 fiendo,
549 2468 583 2493 ad
599 2470 762 2501 requestam
778 2469 866 2501 partis
881 2477 944 2495 mee
961 2471 1077 2497 adverse
1094 2472 1138 2497 vel
1155 2472 1224 2497 alias
1239 2474 1340 2498 contra
1357 2481 1414 2500 me.
1431 2472 1522 2497 donec
1543 2471 1595 2497 ista
1611 2471 1786 2504 supplicacio
1802 2478 1867 2496 mea
1881 2478 1933 2503 per
1947 2470 2069 2495 eandem
2086 2477 2144 2495 rev.
2161 2469 2292 2502 paterni·

428 2518 517 2542 tatem
533 2518 655 2542 vestram
670 2517 755 2542 suerit
772 2518 914 2543 exaudita.

517 2617 600 2649 Post
622 2617 686 2649 hec
708 2624 822 2650 autem
844 2631 936 2651 anno
959 2632 1029 2664 quo
1055 2632 1175 2665 supra,
1200 2621 1257 2654 die
1286 2621 1410 2654 ultima
1440 2622 1594 2667 predicti
1623 2621 1760 2654 mensis
1794 2620 1878 2653 Maii
1907 2619 2090 2664 assignata
2117 2618 2291 2663 predictis

431 2682 605 2726 partibus,
627 2690 664 2715 ut
684 2684 719 2715 in
741 2684 827 2716 actis
849 2686 1130 2729 precedentibus
1152 2688 1369 2728 continetur,
1393 2688 1436 2720 ad
1457 2688 1691 2728 audiendum,
1715 2694 1833 2720 utrum
1862 2686 2018 2719 debeant
2046 2685 2180 2718 habere
2210 2696 2290 2730 pre-

429 2748 514 2780 dicti
535 2749 663 2781 sindiei
686 2750 822 2794 copiam
850 2753 1095 2796 suprascripte
1126 2754 1409 2798 supplicacionis
1437 2754 1732 2799 comparentibus
1763 2753 1925 2798 partibus
1953 2752 2090 2786 eisdem
2119 2763 2126 2784 :
2159 2751 2289 2787 Sindici

428 2814 511 2858 ipsi,
540 2815 593 2847 eis
620 2815 709 2848 lecta
736 2823 768 2848 et
795 2829 858 2861 per
883 2829 945 2850 eos
971 2819 1090 2851 audita
1117 2826 1151 2852 et
1176 2820 1369 2862 intellecta,
1392 2828 1429 2854 ut
1456 2821 1635 2862 dicebant,
1659 2821 1819 2866 predicta
1839 2819 1979 2860 cedula,
2003 2819 2172 2851 dixerunt
2192 2817 2289 2862 quod

428 2887 592 2913 contenta
624 2882 659 2913 in
687 2894 726 2914 ea
757 2895 828 2915 non
861 2884 1061 2928 impediunt
1092 2897 1156 2918 nec
1187 2886 1363 2931 impedire
1392 2887 1538 2927 debent,
1561 2888 1776 2932 quominus⁹
1799 2887 1843 2919 ad
1872 2885 2170 2919 informacionem
2192 2884 2287 2917 dieto
