2488 3386
197 330 292 366 1394]
961 344 1006 364 DE
1043 343 1281 365 scuisma'rE.
1989 334 2051 365 621

194 416 260 449 hec
280 417 413 450 veritas
434 429 528 449 nunc
550 416 618 450 sub
639 416 760 449 modio
782 416 899 457 lateat,
923 429 988 450 nec
1009 430 1026 450 a
1048 417 1155 450 tantis
1176 416 1365 449 catholicis
1386 417 1485 449 cerni
1507 418 1635 462 possit,
1659 429 1734 450 eam
1757 429 1867 462 super
1888 417 2054 449 candela-

194 482 297 515 brum
320 495 385 528 per
405 483 607 517 Concilium
630 483 766 528 ponite,
789 489 827 515 ut
848 483 1030 524 omnibus,
1053 484 1114 528 qui
1136 483 1172 515 in
1193 483 1300 515 domo
1322 483 1387 515 Dei
1409 490 1505 524 sunt,
1528 483 1678 516 eluceat.
1703 484 1739 516 Si
1760 490 1910 524 certum,
1933 484 2053 517 videte

195 561 239 582 ne
259 549 372 583 verbo
392 549 601 590 abutamini,
623 549 683 594 qui
704 549 741 581 id
761 555 897 582 certum
919 549 1122 594 appelletis,
1145 549 1189 582 de
1211 550 1314 593 cujus
1336 549 1556 582 obscuritate
1578 557 1683 594 atque
1705 550 1937 594 ambiguitate
1959 558 2053 584 tanta

195 622 251 648 est
270 622 305 649 et
324 627 468 661 semper
487 615 554 648 fuit
580 615 674 660 apud
696 622 825 648 tantam
853 615 1014 648 fidelium
1042 616 1244 660 portionem
1274 616 1482 648 consensio.
1511 616 1750 649 Linceosne¹⁰
1772 616 1904 649 habere
1927 617 2054 650 oculos

195 682 264 714 soli
285 682 458 715 credendi
479 682 580 722 estis,
602 693 682 714 cum
709 681 839 726 reliqui
862 694 961 714 more
984 682 1077 726 talpe
1103 682 1215 715 cecati
1236 682 1320 722 sint,
1343 683 1404 727 qui
1426 682 1512 726 quid
1534 694 1657 715 verum
1688 689 1747 715 aut
1776 690 1912 715 certum
1942 684 1988 716 sit
2018 685 2054 716 in

196 756 263 781 tam
285 755 375 781 tetra
395 748 563 793 caligine,
582 748 748 793 plurimis
770 748 1041 790 ehescentihuS,
1060 755 1128 781 tam
1152 749 1343 793 perspicue
1365 750 1540 782 cernitis?
1561 749 1631 782 Sed
1654 756 1731 781 esto
1756 756 1893 782 certum
1917 762 2055 783 verum-

195 827 264 860 que
286 815 333 848 sit
361 815 464 856 illud,
487 815 584 860 quod
613 822 751 848 certum
777 827 975 860 verumque
1004 827 1085 848 esse
1116 816 1325 860 predicatis,
1354 815 1593 860 respondebit
1622 822 1739 848 tamen
1765 815 1869 848 vobis
1897 817 1943 848 ita
1973 828 2055 849 esse

196 881 400 914 dicentibus
428 881 659 914 adversarius
683 888 816 923 vester,
834 882 1012 926 judicium
1035 893 1110 914 rem
1138 882 1241 915 istam
1263 882 1476 927 deposcere,
1500 894 1565 914 nec
1592 882 1699 914 fidem
1729 882 1834 915 dictis
1855 883 1987 915 vestris
2018 895 2056 915 se

196 960 351 993 unquam
380 948 455 981 ullo
484 955 585 993 pacto
612 947 832 989 habiturum,
855 949 915 993 qui
943 948 1170 981 contendens
1191 955 1315 981 contra
1337 961 1416 981 euni
1446 960 1527 993 pars
1550 949 1650 981 estis.
1675 949 1716 982 In
1737 949 1915 993 judicium
1937 949 2056 994 itaque

195 1015 419 1048 descendite.
442 1015 537 1058 Quid
559 1015 653 1048 enim
675 1015 780 1048 vobis
801 1015 922 1056 vultis,
946 1015 1086 1060 inquiet
1106 1015 1336 1048 adversarius
1357 1022 1477 1048 vester
1503 1027 1509 1047 :
1537 1015 1611 1056 ille,
1640 1027 1745 1060 quem
1775 1028 1898 1060 papam
1922 1016 2055 1057 dicitis,

195 1089 254 1115 aut
275 1082 320 1115 de
335 1083 418 1126 jure
440 1094 506 1115 suo
523 1082 614 1123 fidit,
631 1088 690 1114 aut
711 1082 858 1122 diffidit3
878 1082 908 1114 si
929 1082 1070 1123 diffidit,
1091 1081 1230 1114 modice
1252 1082 1526 1126 ponderandum
1544 1089 1598 1115 est
1614 1082 1829 1126 juris'illius
1847 1083 2056 1124 discrimen,

197 1160 276 1181 nam
299 1155 333 1181 et
353 1148 412 1181 alii
438 1148 566 1181 merito
591 1148 754 1180 diffidere
780 1148 929 1189 habent;
954 1149 984 1181 si
1005 1148 1168 1188 confidit,
1192 1148 1350 1181 considat
1370 1148 1406 1180 in
1427 1149 1596 1189 Domino,
1620 1155 1655 1181 et
1683 1149 1859 1181 Dominus
1881 1149 2057 1193 justitiam

197 1227 297 1248 suam
319 1215 490 1256 tuebitur,
509 1227 575 1248 nec
597 1214 770 1248 fluctuare
792 1215 1080 1260 permittet....¹¹.

287 1282 356 1315 Sed
372 1283 445 1326 jam
467 1282 597 1314 iterum
618 1281 716 1314 aliud
744 1281 787 1314 ab
815 1282 945 1314 emulis
966 1282 1132 1315 audimus
1154 1282 1328 1327 obstrepi.
1354 1282 1457 1324 Quis,
1483 1282 1663 1326 inquiunt,
1688 1282 1786 1314 dabit
1811 1282 2057 1315 auctoritatem

197 1348 386 1382 Concilio?
412 1350 451 1381 In
482 1355 650 1393 promptu
682 1349 875 1393 responsio
907 1355 973 1381 est.
1001 1349 1107 1382 Dabit
1132 1361 1336 1382 consensus
1364 1349 1523 1381 omnium
1550 1348 1724 1389 fidelium,
1753 1348 1852 1381 dabit
1876 1349 2058 1390 Christus,

197 1416 233 1448 in
250 1415 474 1460 Euvangelio
497 1415 622 1448 dicens
642 1427 648 1447 :
669 1429 684 1446 «
703 1415 923 1459 ubicumque
945 1415 1016 1448 duo
1038 1415 1095 1448 vel
1118 1422 1191 1448 tres
1213 1416 1249 1448 in
1266 1416 1412 1448 nomine
1434 1427 1513 1448 meo
1535 1415 1746 1460 congregati
1766 1430 1795 1456 n,
1810 1422 1876 1448 etc.
1896 1416 2057 1456 [Mattlz.,

196 1493 299 1523 xvni,
320 1483 386 1522 20].

287 1550 360 1581 Hee
388 1548 499 1592 igitur
520 1555 603 1581 sunt
629 1555 702 1581 tres
725 1548 794 1589 vie,
818 1548 988 1593 princeps
1009 1548 1324 1589 christianissime,
1347 1560 1435 1593 quas
1462 1549 1498 1580 in
1523 1548 1631 1592 hujus
1653 1549 1795 1581 funeste
1818 1548 2060 1581 dissensionis

199 1614 373 1648 medelam
396 1621 561 1659 tanquam
584 1614 690 1647 nobis
712 1615 826 1659 prima
847 1615 964 1647 fronte
990 1615 1086 1648 visas
1116 1615 1266 1647 maxime
1288 1627 1469 1659 congruas
1493 1615 1791 1660 excogitavimus,
1816 1627 1904 1659 quas
1925 1615 2060 1647 idcirco

198 1693 294 1714 nunc
315 1681 474 1715 breviter
494 1682 771 1726 summatimque
792 1681 1004 1726 attingendo
1026 1682 1318 1726 perstrinximus,
1342 1681 1439 1726 quod
1458 1682 1654 1725 spatiosum
1675 1681 1717 1714 de
1737 1682 1787 1715 eis
1806 1693 1846 1714 ac
1865 1681 1906 1714 de
1929 1687 2004 1714 tota
2027 1682 2062 1715 in

195 1760 323 1793 genere
347 1749 499 1781 materia
525 1753 718 1781 tractatum
743 1749 959 1782 constituere
984 1748 1252 1789 decr-evz'nztcs¹²,
1276 1748 1312 1780 in
1339 1760 1410 1792 quo
1439 1748 1677 1789 enucleatius,
1701 1748 1808 1781 latius
1830 1755 1864 1781 et
1891 1748 2061 1781 subtilius

199 1827 286 1856 rem,
310 1815 340 1847 si
368 1815 544 1847 Dominus
560 1815 709 1859 juverit,
734 1814 914 1860 explicare
938 1814 1163 1848 conabimur.
1187 1815 1356 1848 Ceterum
1378 1827 1489 1847 unum
1511 1814 1600 1846 illud
1623 1827 1718 1847 nunc
1741 1815 1910 1847 audacter
1930 1815 2062 1847 asseri-

200 1893 291 1923 mus,
310 1881 397 1914 alias
414 1882 501 1914 satis
516 1881 776 1926 probandum¹³
794 1882 824 1914 si
841 1894 933 1926 opus
950 1882 1008 1922 sit,
1027 1882 1057 1914 si
1075 1882 1164 1914 alter
1181 1882 1437 1914 dissidentium
1453 1888 1510 1914 aut
1528 1888 1680 1925 uterque
1698 1882 1773 1914 vias
1790 1888 1863 1914 tres
1881 1882 2062 1926 expositas

198 1948 291 1981 inire
316 1947 534 1981 obstinatius
560 1948 750 1993 refugerit,
778 1960 843 1981 nec
869 1948 971 1981 aliam
996 1948 1173 1993 ydoneam
1195 1948 1251 1981 vel
1273 1948 1360 1981 alias
1389 1948 1575 1989 obtulerit,
1598 1960 1679 1980 eum
1701 1948 1800 1980 velut
1820 1948 2062 1980 scismaticum

199 2015 433 2059 pertinacem,
460 2021 495 2047 et
515 2015 612 2059 quod
639 2015 682 2047 ad
712 2015 748 2047 id
778 2026 1008 2059 consequens
1031 2022 1097 2055 est,
1125 2015 1338 2055 hereticum,
1367 2027 1432 2047 nec
1460 2015 1586 2059 gregis
1615 2014 1751 2048 Christi
1781 2021 1974 2059 pastorem,
1998 2015 2062 2047 sed

199 2081 419 2125 direptorem
442 2081 562 2126 potius
583 2093 622 2113 ac
644 2081 1086 2125 tirannumjudicandum,
1106 2081 1157 2113 sic
1177 2081 1274 2125 quod
1296 2082 1374 2125 ejus
1392 2081 1565 2125 deinceps
1584 2093 1649 2113 nec
1666 2081 1783 2125 jussis
1802 2081 2062 2122 obediendum,

200 2159 265 2180 nec
286 2147 402 2180 eidem
426 2148 614 2192 regiminis
640 2147 711 2180 ulla
737 2148 1014 2188 administratio,
1040 2159 1122 2192 ymo
1150 2159 1215 2179 nec
1238 2148 1492 2192 patrimonium
1515 2147 1682 2188 ecclesie,
1706 2159 1776 2191 quo
1800 2154 1930 2187 utatur,
1954 2147 2062 2179 relin-

199 2214 396 2259 quendum.
420 2216 501 2259 lpse
523 2226 667 2259 quoque
688 2214 731 2246 ab
753 2214 838 2247 ovili
859 2215 944 2246 Jesu
966 2214 1116 2255 Christi,
1139 2226 1212 2246 non
1235 2220 1273 2246 ut
1294 2214 1372 2246 ovis
1393 2220 1452 2246 aut
1474 2221 1606 2258 pastor,
1630 2214 1694 2246 sed
1716 2220 1754 2246 ut
1774 2213 1881 2258 lupus
1903 2214 2063 2246 infestis—

200 2281 313 2314 simus
336 2281 479 2326 penitus
500 2280 703 2326 abigendus
721 2288 787 2322 est,
807 2281 984 2325 penisque
1005 2280 1252 2313 acerbissimis
1275 2281 1560 2313 scismatieorum
1583 2280 1811 2324 plectendus,
1830 2292 1896 2312 nec
1918 2280 1953 2312 in
1971 2287 2064 2313 terra

199 2347 409 2388 viventium,
442 2348 506 2380 sed
534 2360 613 2380 cum
646 2347 783 2380 Dathan
812 2354 846 2379 et
870 2347 1008 2379 Abiron
1030 2344 1267 2391 nequissimis
1293 2347 1507 2379 scismaticis
1538 2347 1672 2387 [Num.‚
1704 2357 1775 2387 xw,
1807 2348 1921 2387 31-33]
1946 2347 2063 2391 portio

201 2415 279 2458 ejus
300 2413 475 2446 habenda.

289 2481 344 2513 Ad
365 2493 487 2525 pacem
510 2493 598 2525 ergo
620 2481 721 2513 istam
752 2487 786 2513 et
814 2480 964 2513 salutem
986 2480 1153 2520 ecclesie,
1183 2480 1273 2512 alme
1303 2480 1462 2524 parentis
1487 2486 1620 2520 vestre,
1648 2480 1818 2524 princeps
1839 2479 2064 2512 christianis-

202 2547 305 2588 sime,
335 2548 419 2580 totis
446 2548 554 2580 animi
582 2547 765 2587 medullis,
793 2547 886 2579 sicut
915 2547 1032 2579 facere
1062 2547 1224 2591 cepistis,
1246 2546 1457 2586 incumbite,
1480 2553 1605 2590 egrote
1629 2546 1871 2586 medicamini,
1894 2547 2063 2590 respicite

202 2613 412 2654 desolatam,
429 2626 605 2659 oppresse
622 2614 857 2654 miseremini,
876 2613 1132 2658 indignissime
1154 2613 1328 2657 dejectam
1350 2612 1513 2653 allevate,
1533 2612 1705 2645 imbecilli
1726 2620 1847 2657 preter
1869 2613 2011 2645 modum
2031 2619 2065 2645 ct

203 2680 246 2712 de
267 2680 415 2725 grabato
437 2692 589 2725 surgere
609 2681 668 2713 vix
692 2680 826 2713 valenti
846 2680 1055 2712 auxiliarem
1083 2680 1263 2712 dexteram
1285 2679 1479 2724 porrigite!
1504 2679 1675 2711 Assiduis
1698 2679 1880 2723 suspiriis,
1906 2679 2065 2723 querelis

203 2753 237 2779 et
255 2746 451 2791 gemitibus
473 2759 577 2791 opem
598 2754 751 2780 vestram
783 2746 1035 2792 implorantem
1068 2758 1139 2778 non
1172 2746 1263 2778 ultra
1289 2747 1361 2790 jam
1392 2746 1516 2778 audire
1545 2745 1699 2778 differte.
1728 2746 1939 2790 Postponite
1961 2756 2064 2777 curas

203 2824 329 2845 omnes
362 2813 590 2857 temporales,
618 2813 882 2858 quantumlibet
908 2814 1112 2845 fructuosas
1142 2819 1202 2845 aut
1235 2812 1361 2853 utiles;
1393 2811 1459 2844 hec
1489 2824 1557 2844 una
1587 2824 1671 2844 cura
1692 2813 1774 2856 jure
1805 2812 1935 2844 ceteris
1966 2818 2065 2843 ante-

204 2879 370 2924 ponenda
391 2886 457 2921 est,
480 2891 548 2924 qua
568 2886 603 2912 et
623 2886 741 2912 cetere
764 2891 979 2924 prosperum
1002 2880 1117 2922 magis
1138 2879 1269 2911 exitum
1293 2878 1490 2919 habebunt,
1513 2885 1547 2910 et
1571 2878 1682 2910 decus
1707 2878 1808 2922 regni
1830 2878 1940 2910 vestri
1962 2877 2064 2910 vobis
