2488 3386
457 335 519 369 106
1030 341 1345 365 ann'rummum
1380 339 1571 361 umvmzs.
1608 337 1737 360 PARIS.
2216 323 2315 359 [1363

458 443 597 480 1281.
620 451 716 477 Prior¹
735 455 761 477 et
775 453 882 485 fratres
905 449 1020 476 Ordinis
1042 451 1187 475 Servorum
1210 451 1334 474 Sanctae
1354 446 1467 472 Mariae
1490 445 1642 471 Florentia.
1666 443 1779 469 Urbano
1805 441 2004 478 Vsupplicant
2016 450 2069 477 pro
2084 443 2177 476 fratre
2191 442 2315 468 Antonio

541 500 688 526 Mannucii
709 500 744 526 de
765 499 909 525 Florentia
931 498 1002 524 dicti
1020 498 1143 532 Ordinis,
1163 497 1212 532 qui
1230 505 1281 530 per
1295 495 1419 521 sedecim
1441 502 1531 519 annos
1552 497 1579 519 et
1594 492 1671 518 ultra
1687 492 1716 517 in
1731 491 1893 517 Parisiensi
1913 490 2010 516 studio
2025 490 2137 516 studuit
2156 494 2183 516 et
2197 490 2266 525 legit
2286 491 2315 517 in

541 549 636 583 theol„
657 549 752 584 ibique
769 548 930 574 Sententias
951 547 1028 581 legit,
1047 550 1074 572 et
1094 547 1122 572 in
1143 549 1238 571 octavo
1255 553 1329 570 anno
1344 547 1409 579 post
1428 542 1570 568 dictarum
1592 541 1802 567 Sententiarum
1817 539 1956 565 lecturam
1977 539 2105 565 existens
2126 539 2314 566 buccatas-eus

540 600 682 632 formatus
698 601 724 623 et
735 597 775 622 ad
790 596 986 630 magisterium
995 598 1199 631 praesentatus
1214 596 1273 624 θείς
1289 592 1341 618 sed
1352 592 1421 627 quia
1435 591 1490 616 duo
1506 589 1561 616 alii
1574 592 1683 624 fratres
1698 589 1734 614 de
1744 588 1821 614 dicto
1838 587 1961 614 Ordine2
1976 596 2038 614 eum
2050 591 2271 623 praecesserunt
2285 589 2313 614 in

540 646 638 672 ordine
657 645 846 682 susceptionis
868 644 939 670 dicti
961 643 1128 678 magisterii,
1147 642 1186 668 ad
1206 641 1279 667 illud
1294 640 1388 666 adhuc
1400 638 1559 676 promoveri
1578 647 1633 664 non
1649 641 1754 674 potest.
1779 638 1882 671 Quare,
1907 645 1969 662 cum
1985 636 2140 673 plurimum
2160 640 2263 671 egeant
2285 637 2313 663 in

540 704 635 721 eorum
652 698 785 720 conventu
803 693 932 719 Florem.
952 692 1002 718 ubi
1024 692 1095 726 viget
1116 690 1242 716 studium
1257 688 1402 724 generale,
1425 696 1478 713 uno
1495 687 1597 713 idoneo
1617 686 1755 721 magistro
1773 687 1801 711 in
1821 686 1965 720 facultate
1983 685 2204 721 praedicta,....
2235 694 2313 711 ean-

539 743 656 769 cellario
672 743 765 768 Paris.
784 741 899 767 mandet
920 745 950 766 ut
969 740 1074 766 dictum
1093 742 1212 774 fratrem
1234 739 1312 772 infra
1332 737 1404 762 duos
1427 745 1581 762 menses....
1600 734 1640 760 ad
1655 734 1851 769 magisterium
1866 733 2055 770 promoveaffl.
2074 749 2107 753 —-
2126 734 2197 761 Fiat.
2221 735 2252 760 B.
2279 750 2312 753 —

538 792 604 819 Sine
617 792 671 818 aIIa
686 791 817 818 lectione.
832 806 867 809 —
882 790 953 816 Fiat.
969 790 999 815 B.
1017 804 1050 808 —
1066 789 1175 814 Datum
1188 787 1329 813 Avinione
1345 785 1430 812 tertio
1443 793 1512 811 non.
1528 784 1607 814 Julii.
1622 791 1700 810 anno
1714 783 1820 818 primo.

1839 854 1913 884 1363,
1928 854 1991 880 dum
2001 855 2027 880 5.

541 951 602 981 Reg.
618 950 674 972 Vat.
692 949 785 979 Suppl.
796 948 895 971 Urbani
911 948 939 975 V,
954 955 996 970 an.
1010 948 1031 974 1,
1047 955 1073 977 p.
1089 947 1113 974 l»,
1129 946 1174 969 fol.
1191 944 1244 969 164.
1257 958 1287 962 —
1300 945 1329 967 ln
1344 944 1407 974 Reg.
1422 944 1479 967 Vnt.
1495 943 1575 966 Aven.
1587 933 1652 966 Urb.
1668 942 1696 971 V,
1710 942 1762 966 vol.
1778 942 1808 970 V,
1823 942 1868 966 sol.
1883 943 1937 972 573,
1951 945 2034 965 exstat
2050 942 2082 965 de
2095 941 2145 964 boc
2157 941 2310 965 mandatum

446 997 532 1026 apost.
548 995 581 1017 ud
597 993 765 1023 (Grimerium
776 992 913 1021 Bonifacii)
929 991 1038 1014 cancell.
1053 990 1136 1014 Paris.
1153 990 1202 1013 suh
1218 989 1309 1012 eadem
1326 988 1454 1019 temporis
1468 990 1530 1011 nota
1546 995 1551 1011 ε
1570 995 1581 1010 «
1597 987 1653 1010 Viri
1668 995 1743 1010 sacre
1755 986 1876 1010 lectionis
1893 994 1915 1009 »-

538 1078 560 1102 1.
579 1078 700 1100 Nicolaus
716 1078 837 1103 Venetus,
854 1076 887 1099 ab
903 1075 1010 1099 Urbano
1026 1075 1047 1097 V
1059 1083 1102 1097 on.
1119 1074 1188 1103 1363,
1202 1074 1278 1096 Febr.
1295 1074 1332 1101 20,
1352 1073 1451 1096 electus
1467 1070 1679 1101 (Giuni-Gnrbio,
1695 1073 1784 1100 ΑΜ..
1801 1070 1820 1099 Ι,
1834 1071 1890 1099 317,
1908 1071 1981 1099 not.),
1997 1070 2202 1102 praedecessore
2216 1070 2310 1101 Vitale,

445 1131 514 1153 mag.
530 1122 556 1145 in
573 1122 661 1150 theol„
677 1129 718 1144 an.
733 1121 801 1149 1362,
818 1121 877 1143 Dec.
894 1120 932 1148 19,
949 1119 975 1142 in
990 1119 1072 1150 episc.
1088 1118 1221 1146 Asculan..
1236 1126 1278 1141 an.
1295 1117 1363 1145 1363,
1380 1117 1444 1140 ,Iulii
1457 1117 1478 1144 2,
1496 1116 1522 1139 in
1537 1116 1619 1147 episc.
1633 1115 1754 1139 Theatin.
1767 1118 1890 1146 promoto
1907 1115 1979 1146 (neg.
1995 1115 2075 1138 Aven.
2089 1114 2155 1140 Urh.
2170 1115 2201 1144 V,
2212 1115 2264 1138 vol.
2279 1114 2309 1144 V,

444 1168 461 1190 f.
477 1167 515 1195 25,
533 1167 580 1195 76).
600 1179 631 1182 -
651 1166 673 1188 2.
690 1165 765 1188 Circa
780 1165 849 1187 idem
865 1167 969 1194 ternpus
985 1163 1026 1186 vel
1041 1166 1133 1194 postea
1155 1162 1221 1185 alter
1241 1161 1418 1189 Florentinus,
1436 1162 1517 1184 frater
1537 1159 1682 1191 Gregorius
1698 1159 1730 1182 de
1746 1159 1878 1183 Florentia
1898 1159 1983 1190 ejusd.
2000 1159 2064 1183 Ord.
2080 1158 2107 1182 in
2123 1158 2210 1182 studio
2225 1158 2310 1183 Paris.

443 1219 454 1233 «
471 1210 582 1241 gradum
607 1209 802 1232 buchalariatus
816 1216 828 1230 )›
849 1208 968 1231 obtinere
990 1207 1093 1235 meruit,
1110 1209 1135 1230 et
1155 1215 1196 1229 an.
1215 1206 1275 1229 1376
1295 1209 1323 1229 ut
1342 1205 1368 1228 in
1383 1205 1561 1229 Universitate
1575 1205 1690 1227 Florent.
1711 1203 1895 1235 magisterium
1918 1203 2047 1235 reciperet
2066 1203 2143 1235 petiit
2161 1203 2310 1233 (Ghorardi,

443 1254 551 1278 statuti
563 1254 635 1277 della
653 1253 810 1277 Universica
825 1260 838 1276 e
857 1253 952 1276 studio
967 1251 1141 1280 Fiorenfino,
1159 1259 1185 1282 p.
1203 1251 1268 1279 346).
1286 1250 1358 1273 Alios
1378 1250 1473 1273 Servos
1489 1249 1518 1273 B.
1535 1249 1568 1272 M.
1588 1252 1649 1272 tunc
1671 1248 1798 1279 temporis
1821 1247 1930 1272 Parisiis
1957 1248 2092 1271 studentes
2116 1247 2310 1279 cognoscimus,

442 1298 609 1322 Laurentium
627 1298 658 1320 de
674 1297 799 1326 Bononia,
818 1296 862 1327 qui
878 1305 920 1320 an.
938 1297 1005 1324 1374,
1023 1295 1193 1319 Fronciscum
1211 1295 1242 1317 de
1262 1294 1420 1323 Mediolano,
1436 1293 1481 1325 qui
1496 1302 1538 1317 un.
1556 1294 1616 1317 1377
1631 1293 1720 1316 licent.
1738 1296 1778 1316 est
1793 1292 1897 1323 (Catal.
1915 1292 2008 1316 licent.
2027 1292 2054 1315 in
2070 1292 2138 1316 Bibl.
2151 1295 2206 1316 not.
2225 1289 2310 1316 Paria.

440 1351 503 1366 mss.
517 1343 563 1365 iat.
580 1342 670 1369 5657¹=;
685 1342 780 1370 12850).
794 1354 820 1358 —
833 1341 855 1364 3.
870 1340 997 1363 Antonius
1014 1348 1025 1363 α
1042 1341 1195 1371 Manmucey
1207 1348 1218 1362 »
1235 1347 1277 1362 un.
1293 1339 1363 1366 1:371,
1382 1338 1459 1362 Febr.
1475 1339 1514 1367 17,
1525 1337 1633 1361 Nicolno
1643 1337 1740 1360 Veneto
1756 1345 1798 1361 an.
1813 1337 1882 1365 1370,
1899 1340 1925 1360 et
1937 1336 2067 1360 Mutthueo
2080 1337 2111 1359 de
2124 1336 2242 1360 Bononia
2253 1344 2311 1359 nne—

439 1395 542 1410 cessorc
560 1395 601 1409 nn.
620 1386 690 1415 1371,
708 1385 847 1414 defunctis,
864 1393 879 1408 a
899 1384 1026 1416 Gregorio
1043 1385 1072 1407 XI
1089 1384 1114 1407 in
1132 1384 1248 1415 priorem
1264 1383 1414 1418 generalem
1428 1382 1491 1406 Ord.
1509 1383 1583 1406 Serv.
1599 1383 1749 1413 praefectus
1762 1384 1803 1405 est
1817 1382 1890 1412 (neg.
1906 1382 1986 1404 Aven.
2003 1381 2093 1412 Greg„
2106 1381 2158 1406 vol.
2172 1381 2192 1409 1,
2209 1381 2227 1404 f.
2244 1381 2309 1411 157).

444 1552 583 1588 1282.
608 1560 777 1596 Supplicant
802 1559 913 1585 Urbano
935 1560 958 1586 V
972 1558 1117 1594 (Carolus)
1139 1558 1199 1584 dux
1218 1558 1412 1584 Nor-manniae
1428 1561 1455 1583 et
1470 1558 1542 1583 cives
1557 1556 1749 1591 Parisienses,
1768 1556 1853 1592 quod,
1871 1565 1932 1582 cum
1948 1565 1966 1582 a
1982 1556 2117 1582 maximis
2134 1555 2308 1592 temporibus

526 1609 620 1635 nullus
636 1611 729 1643 frater
745 1608 810 1634 Ord.
824 1608 928 1634 Praed.
944 1608 980 1634 de
994 1608 1108 1633 civitate
1124 1607 1164 1633 vel
1179 1607 1304 1633 dioecesi
1318 1606 1480 1632 Parisiensi
1495 1605 1633 1632 oriundus
1649 1605 1788 1631 lecturam
1802 1604 1933 1640 aliquam
1949 1605 1978 1631 in
1993 1608 2127 1631 conventu
2139 1603 2304 1631 Praedicat.

525 1658 682 1684 Parisiens.
701 1657 864 1691 obtinuerit,
883 1660 909 1682 et
924 1658 1018 1690 frater
1033 1658 1178 1682 Hervaeus
1193 1656 1228 1682 de
1247 1655 1346 1681 Gauda
1361 1656 1400 1681 sit
1418 1655 1534 1680 Ordinis
1556 1658 1583 1680 et
1602 1654 1742 1680 dioecesis
1756 1653 1982 1690 praedictorum,
2000 1653 2067 1680 olim
2089 1653 2177 1680 lector
2191 1653 2220 1679 in
2238 1652 2307 1690 plu-

526 1706 604 1732 ribus
624 1706 804 1732 conventibus
821 1706 985 1741 provinciae
1004 1706 1154 1740 Franciae,
1176 1704 1355 1741 postmodum
1376 1704 1458 1740 prior
1480 1703 1667 1738 Parisioneis,
1689 1711 1880 1739 numerusque
1902 1702 2137 1729 baccalareorum
2157 1705 2307 1728 conventus

524 1755 668 1790 praedicti
695 1755 734 1780 sit
753 1758 870 1790 propter
896 1753 1101 1780 mortalitatem
1128 1753 1200 1780 adeo
1225 1753 1383 1779 diminutus
1408 1756 1438 1778 ut
1465 1761 1520 1778 non
1550 1752 1741 1778 remanserint
1762 1752 1820 1778 nisi
1839 1751 1895 1778 duo
1919 1751 2085 1777 baccalarei
2105 1750 2233 1786 for-mati,
2258 1750 2309 1787 qui

524 1808 591 1829 sunt
606 1803 634 1829 in
648 1804 777 1839 proximo
801 1802 1001 1837 magistrandi,
1026 1802 1142 1828 mandet
1157 1802 1331 1828 cancellario
1351 1801 1523 1835 Parisiensi,
1542 1805 1572 1827 ut
1590 1802 1750 1827 Hervaeum
1771 1801 1901 1836 assignet
1924 1800 1965 1826 ad
1984 1799 2123 1835 legendas
2143 1799 2307 1826 Sententias

526 1853 553 1878 in
568 1852 667 1878 schola
682 1852 752 1877 dicti
772 1855 929 1886 conventus,
948 1860 1022 1887 quae
1038 1860 1113 1877 anno
1133 1851 1164 1877 lx
1172 1851 1216 1886 iiij
1234 1850 1346 1876 vacabit
1361 1854 1428 1886 (non
1445 1850 1577 1876 obstante
1597 1849 1673 1885 quod
1693 1850 1722 1876 in
1741 1849 1804 1875 alia
1824 1849 1924 1876 schola
1945 1848 2024 1883 legat
2043 1848 2120 1874 alius
2143 1850 2238 1883 frater
2254 1857 2308 1884 per

528 1900 659 1927 Ordinem
677 1900 853 1936 deputatus),
868 1900 909 1926 vel
921 1900 961 1925 ad
979 1900 1116 1934 legendas
1133 1899 1296 1926 Sententias
1309 1903 1376 1935 post
1391 1899 1540 1925 lectionem
1555 1898 1735 1924 ordinariam
1752 1897 1997 1924 baccalareorum.
2011 1913 2045 1917 —
2060 1898 2132 1924 Fiat.
2145 1898 2176 1924 B.
2191 1912 2226 1916 ——
2238 1897 2307 1925 sine

524 1950 578 1977 alia
592 1950 724 1977 lectione.
738 1964 771 1967 —
786 1949 856 1979 Fiat,
871 1949 902 1974 B.
920 1965 953 1967 —
966 1949 1076 1975 Datum
1088 1949 1229 1975 Avinione
1242 1948 1463 1983 quartodecimo
1479 1948 1536 1974 kal.
1551 1947 1686 1981 Augusti.
1703 1955 1782 1974 anno
1795 1947 1901 1981 primo.

1742 2033 1819 2062 1363,
1835 2032 1898 2058 ιΙνΙῘῘ
1910 2032 1949 2058 19.

529 2121 591 2152 Reg.
608 2121 664 2144 vat.
681 2120 775 2151 Suppl.
787 2120 888 2143 Urbani
904 2120 931 2148 V,
947 2128 989 2143 an.
1007 2121 1030 2149 1,
1045 2129 1071 2151 p.
1087 2121 1110 2149 4,
1129 2121 1173 2144 sol.
1190 2121 1261 2145 210¹).
1277 2135 1306 2138 —
1320 2122 1349 2144 In
1362 2121 1425 2152 Reg.
1439 2121 1496 2144 Van.
1511 2121 1590 2144 Aven.
1605 2120 1672 2145 Urb.
1684 2121 1714 2149 V,
1728 2120 1782 2144 vol.
1798 2120 1840 2148 VI,
1857 2120 1902 2144 sol.
1917 2119 1989 2148 519b,
2006 2119 2140 2142 invenitur
2153 2119 2204 2143 suh
2214 2119 2306 2143 eadem

436 2165 563 2196 temporis
578 2168 638 2188 notu
659 2164 811 2187 mandatum
829 2167 915 2195 apost.
933 2165 966 2187 ad
981 2165 1151 2194 (Grimerium
1164 2165 1301 2194 Bonisacii)
1317 2166 1426 2188 cancell.
1443 2165 1546 2188 Parim:
1565 2173 1576 2187 «
1593 2164 1738 2196 Religionis
1751 2165 1822 2188 zelus
1839 2172 1861 2188 ›2-
1875 2177 1908 2182 —-
1922 2165 1969 2187 An.
1989 2164 2056 2193 1366,
2072 2163 2165 2188 Octob.
2179 2164 2203 2191 4.
2219 2163 2305 2188 Urba-

437 2218 485 2232 nus
503 2210 523 2232 V
539 2219 552 2231 «
572 2209 701 2232 Grimei-io
722 2208 878 2231 cancellario
894 2209 958 2232 eccl.
974 2209 1058 2232 Paris.
1080 2218 1091 2231 υ
1112 2209 1212 2238 scribit,
1238 2213 1265 2232 ut
1286 2210 1412 2238 IIervueo,
1436 2209 1481 2241 qui
1501 2209 1650 2233 Sententias
1667 2210 1723 2240 jum
1744 2209 1818 2240 legit,
1841 2208 1989 2239 magisterii
2004 2208 2130 2231 honorem
2151 2211 2177 2231 et
2195 2208 2306 2232 docendi

436 2253 568 2277 licentiam
583 2254 707 2281 conserat,
726 2253 747 2275 si
762 2260 821 2276 eum
836 2253 958 2276 idoneum
976 2253 1104 2284 repererit
1117 2262 1129 2276 (ι
1142 2257 1167 2276 et
1179 2262 1209 2277 ex
1229 2262 1258 2277 eo
1274 2254 1357 2277 honor
1371 2257 1430 2277 tuus
1446 2257 1471 2277 et
1486 2253 1570 2278 Puris.
1586 2253 1666 2276 studii
1682 2261 1733 2276 nou
1749 2253 1871 2276 Iedantur
1885 2261 1896 2275 υ
1913 2253 1985 2284 ιΒες.
2000 2253 2080 2276 Aven.
2096 2252 2161 2276 Urb.
2177 2253 2206 2281 V,
2222 2260 2265 2276 nn.
2280 2253 2305 2282 4,

436 2298 488 2321 vol.
506 2298 572 2326 XIII,
593 2298 638 2320 sol.
654 2298 718 2326 523).
734 2297 762 2319 In
784 2297 871 2321 Catal.
890 2297 998 2327 mayt'st.
1025 2298 1089 2322 Ord.
1105 2306 1118 2321 e
1133 2298 1196 2321 Cod.
1212 2298 1322 2329 Lingon.
1344 2298 1415 2329 apud
1431 2298 1648 2328 Que'tis-Echord‚
1664 2298 1766 2328 Scripe.
1784 2299 1849 2322 Ord.
1864 2298 1978 2326 Praed„
1994 2297 2015 2326 1,
2030 2297 2085 2326 663,
2104 2296 2239 2326 scribitur,
2256 2296 2306 2320 hoc

437 2350 479 2365 an.
497 2342 564 2370 1368,
579 2341 605 2364 in
621 2341 735 2364 crastino
752 2342 778 2364 S.
792 2341 875 2364 Mauri
890 2342 1018 2371 (Januarii
1032 2342 1069 2371 16)
1085 2342 1213 2366 evenisse.

442 2507 583 2545 1283.
605 2516 756 2550 lohannes,
782 2525 835 2542 reae
855 2518 1037 2551 Francorum,
1058 2516 1274 2552 postulantibus
1302 2517 1491 2544 Universitate
1512 2518 1684 2552 Parisiensi,
1712 2517 1841 2552 collegiis
1857 2515 2033 2543 Navarrensi
2056 2519 2084 2542 et
2104 2514 2302 2550 Laudunensi,

525 2565 667 2599 fratribus
683 2566 792 2590 Beatae
807 2565 920 2590 Mariae
935 2565 971 2591 de
991 2566 1086 2591 Monte
1105 2565 1235 2601 Carmeli,
1253 2565 1378 2602 aliisque
1394 2566 1517 2602 privatis
1534 2567 1606 2592 viam
1627 2568 1654 2594 S.
1674 2567 1831 2601 Genovefae
1851 2565 2061 2599 habitantibus,
2078 2565 2229 2599 confirmat
2242 2566 2304 2589 octo

527 2613 664 2639 articulos
687 2613 837 2647 carnifices
865 2613 1038 2648 regulantes,
1068 2614 1117 2649 qui
1138 2614 1289 2649 carnifices
1309 2615 1450 2649 sanguine
1473 2615 1631 2641 bestiarum
1655 2619 1682 2641 et
1704 2615 1839 2641 sordibus
1863 2614 1971 2640 dictam
1995 2613 2066 2639 viam
2092 2612 2140 2639 die
2167 2615 2304 2647 nocteque

525 2662 707 2698 polluebant5
724 2661 842 2697 jubetur
862 2662 1048 2688 immunditiis
1071 2662 1179 2688 talibus
1205 2666 1273 2689 ante
1296 2663 1394 2689 domos
1414 2663 1603 2699 projiciendis
1629 2664 1776 2690 abstinere
1797 2667 1825 2690 et
1844 2665 2036 2699 purgamenta
2057 2661 2154 2688 omnia
2175 2659 2304 2696 quotidie

527 2714 610 2737 extra
631 2719 723 2736 muros
742 2712 896 2746 fossasque
917 2710 995 2736 urbis
1015 2710 1136 2745 deferre.
1160 2722 1174 2736 «
1197 2711 1293 2738 Savoir
1314 2712 1418 2739 faisons
1493 2711 1599 2740 Donne
1614 2711 1631 2740 ἐι
1648 2713 1735 2743 Paris,
1756 2712 1814 2739 l'an
1828 2712 1864 2739 de
1882 2719 1967 2746 grace
1982 2711 2037 2737 mil
2050 2710 2117 2737 CCC
2132 2709 2262 2736 soixante
2274 2709 2304 2736 et

527 2761 615 2793 troys,
631 2767 669 2785 ou
685 2759 758 2785 mois
772 2759 901 2785 d'Aoust.
919 2769 933 2783 »

1686 2798 1762 2827 1383,
1777 2795 1888 2829 Augusti.
1904 2795 2017 2822 Paralia.

532 2882 608 2906 Arch.
624 2885 677 2905 nat.
693 2882 776 2906 Paris.
798 2883 838 2906 JJ.
854 2883 895 2912 95,
911 2883 954 2906 sol.
971 2882 1011 2911 1¹³,
1027 2887 1056 2905 n⁰
1072 2883 1095 2906 3.
1112 2882 1189 2911 lbid„
1206 2882 1282 2906 Livre
1300 2891 1383 2915 rouge
1401 2883 1478 2907 vieux
1495 2884 1530 2908 du
1543 2884 1684 2913 Chaatelet,
1698 2884 1727 2908 Y.
1747 2884 1771 2914 2,
1787 2883 1834 2907 fol.
1848 2882 1896 2910 3720
1909 2883 1997 2913 (antea
2015 2881 2081 2911 27¹²).
2098 2880 2205 2910 Sauval,
2222 2879 2302 2906 Anu*-

564 2927 602 2950 14.
