2488 3386
458 359 521 392 150
1034 367 1351 390 CHARTULARIUM
1385 367 1575 389 uuivaas.
1612 367 1741 390 PAms.
2219 354 2319 392 [1366

456 442 606 475 vandam
627 442 725 475 istud
746 443 918 487 precipue
940 448 995 475 est
1015 442 1190 475 insertum
1215 442 1370 487 registro
1393 442 1661 482 Universitatis,
1684 441 1824 474 scilieet
1840 441 1937 486 quod
1954 441 2188 486 congregatis
2204 441 2317 487 depu-

457 509 537 542 tatis
558 508 601 541 ab
626 509 868 542 Universitate
894 509 930 540 in
952 508 1108 553 capitulo
1131 508 1249 541 Sancti
1272 508 1441 540 Maturini
1469 519 1580 553 super
1609 507 1762 552 quadam
1783 507 2026 553 appellatione
2058 508 2318 554 interjectaque

457 575 634 608 sententia
655 575 711 608 sui
733 575 1007 620 predecessoris
1028 575 1071 607 ad
1100 575 1228 607 dictam
1256 575 1533 607 Universitatem
1558 586 1622 619 per
1649 574 1828 619 quendam
1850 574 2024 616 nobilem,
2047 575 2193 608 nomine
2214 575 2317 609 Guil-

456 641 613 674 helmum
643 642 776 681 Maleti‚
810 653 889 674 cum
914 641 1086 686 magister
1112 641 1295 674 Johannes
1321 641 1531 681 Tonsoris²,
1555 641 1714 674 decanus
1741 641 1919 674 facultatis
1950 641 2192 683 decretorum,
2223 653 2318 675 unus

457 708 601 741 illorum
630 708 881 753 deputatorum
904 707 1074 740 recedere
1095 707 1252 748 volebat,
1274 708 1352 752 ipse
1382 707 1586 740 Macharius
1613 714 1732 740 rector
1753 719 1847 749 eum,
1871 714 1908 740 ut
1928 708 2074 741 sederet
2094 715 2130 741 et
2149 708 2193 741 de
2215 709 2318 741 meri—

457 774 502 807 tis
524 775 618 807 dicte
638 774 891 819 appellationis
916 786 985 806 una
1007 786 1085 806 cum
1114 774 1194 806 aliis
1222 774 1403 819 deputatis
1431 781 1683 819 cognosceret,
1712 774 1916 819 requisivit,
1944 775 2060 820 primo
2090 775 2317 820 simpliciter,

457 841 671 874 secundario
701 840 768 873 sub
790 842 1009 885 juramento,
1031 841 1088 873 cui
1118 840 1249 873 rectori
1270 840 1364 873 idem
1391 840 1564 885 magister
1584 840 1768 874 Johannes
1790 841 1966 874 Tonsoris
1988 841 2178 887 respondit
2196 842 2233 875 in
2253 841 2319 875 hec

463 907 569 940 verba
592 919 598 939 :
622 921 637 938 ι(
656 908 735 939 Non
756 919 842 939 curo
869 907 912 939 de
940 907 1121 951 preceptis
1152 907 1283 939 vestris
1314 906 1395 951 plus
1425 919 1530 951 quam
1562 907 1606 940 de
1634 919 1706 940 uno
1736 907 1835 940 obilo
1868 922 1896 940 ».
1927 908 2005 951 Que
2033 908 2179 953 quidem
2209 908 2320 942 verba

459 973 535 1017 ipse
557 980 675 1005 rector
696 973 738 1005 ad
760 973 914 1005 animum
938 984 1124 1009 revocans,
1148 984 1228 1005 eum
1251 984 1361 1017 super
1381 973 1472 1018 ipsis
1493 985 1612 1006 coram
1639 974 1883 1007 Universitate
1903 975 2086 1016 convenit,
2110 986 2321 1021 proponens

458 1039 555 1083 quod
581 1051 652 1072 non
680 1046 778 1071 esset
805 1039 938 1083 dignus
968 1039 1087 1071 vocari
1114 1039 1287 1084 magister
1321 1046 1469 1084 propter
1506 1039 1804 1082 inobedientiam,
1847 1047 1883 1073 et
1921 1047 2048 1086 petens
2082 1047 2122 1074 ut
2152 1048 2319 1087 tanquam

458 1105 656 1138 membrum
688 1105 871 1149 putridum
901 1105 944 1137 ab
978 1105 1220 1138 Universitate
1251 1113 1491 1147 resecaretur,
1522 1113 1557 1139 et
1594 1118 1786 1151 usquequo
1821 1106 1971 1140 obedire
2001 1107 2124 1149 vellet,
2156 1114 2321 1141 mortuus

457 1171 611 1204 civiliter
641 1171 759 1216 quoad
786 1172 1065 1205 Universitatem
1098 1178 1337 1216 reputaretur.
1367 1172 1423 1205 Ad
1449 1184 1553 1217 quain
1583 1173 1795 1218 petitionem
1823 1174 1902 1219 ipse
1934 1174 2106 1219 magister
2136 1174 2321 1208 Johannes

457 1238 645 1279 Tonsoris,
667 1250 786 1282 ymmo
811 1238 934 1271 verius
959 1238 1036 1282 ipsa
1061 1238 1211 1271 facultas
1233 1239 1460 1272 decretorum
1491 1239 1729 1273 deliberando
1752 1240 1955 1285 respondit,
1972 1241 2091 1286 ipsum
2113 1240 2321 1275 excusando

457 1304 554 1348 quod
581 1316 652 1337 non
681 1305 837 1337 excessit
862 1305 898 1337 in
924 1305 1034 1346 dicto,
1057 1305 1121 1338 sed
1142 1305 1178 1337 in
1200 1305 1307 1338 modo
1334 1306 1491 1339 dicendi.
1520 1307 1678 1340 Primum
1705 1306 1880 1352 probabat
1899 1319 1943 1340 ex
1964 1319 2006 1340 eo
2029 1308 2127 1353 quod
2149 1315 2268 1342 rector
2288 1314 2323 1341 et

458 1378 709 1415 procuratores
731 1371 909 1404 interesse
926 1383 1005 1404 cum
1026 1372 1207 1416 deputatis
1227 1372 1271 1405 ab
1292 1373 1370 1418 ipsa
1388 1373 1630 1406 Universitate
1652 1385 1725 1406 non
1746 1373 1923 1407 deberent
1941 1374 1979 1407 in
1999 1375 2256 1420 cognoscendo
2277 1375 2322 1408 de

457 1449 563 1470 causa
590 1437 842 1482 appellationis
871 1438 1085 1483 interposite
1116 1451 1133 1471 a
1162 1439 1341 1472 sententia
1369 1439 1588 1481 eorundem;
1621 1447 1655 1473 et
1684 1441 1766 1473 dato
1794 1441 1892 1486 quod
1923 1441 2100 1475 deberent
2127 1441 2322 1484 interesse,

457 1503 572 1536 adhuc
602 1506 739 1537 rect0r³
775 1516 847 1538 non
883 1505 1000 1549 possit
1040 1505 1228 1550 precipere
1265 1506 1458 1551 deputatis.
1499 1507 1614 1552 Cujus
1651 1507 1858 1552 oppositum
1892 1508 2167 1553 prenominatus
2203 1514 2323 1542 rector

459 1571 668 1615 replicando
705 1571 879 1616 probabat
913 1584 956 1604 ex
992 1572 1134 1605 statutis
1167 1579 1202 1605 et
1238 1573 1504 1606 consuetudine
1541 1574 1796 1608 Universitatis
1837 1574 2039 1608 observata.
2083 1576 2124 1608 Et
2162 1574 2323 1610 breviter

459 1637 629 1679 dicendo,
657 1644 780 1671 contra
802 1638 918 1683 ipsum
941 1639 1231 1684 prosequebatur
1251 1640 1287 1672 in
1311 1639 1476 1685 pluribus
1502 1640 1864 1687 congregationibus,
1887 1653 2079 1687 quousque
2104 1642 2183 1688 ipse
2209 1642 2322 1688 magi-

459 1710 533 1737 ster
552 1703 734 1737 Johannes
755 1705 930 1738 Tonsoris
956 1705 992 1737 in
1020 1706 1305 1751 congregatione
1332 1707 1496 1753 generali
1520 1707 1665 1752 publice
1694 1707 1850 1750 dicebat,
1872 1708 1971 1753 quod
2002 1720 2043 1741 ea
2070 1721 2140 1754 que
2168 1708 2319 1751 dixerat,

459 1782 531 1803 non
553 1771 641 1803 dixit
660 1771 778 1804 animo
800 1771 1036 1804 inobediendi
1062 1772 1118 1806 vel
1143 1773 1180 1805 iu
1201 1773 1413 1818 despectum
1435 1774 1543 1807 officii
1563 1774 1621 1808 vel
1641 1786 1799 1820 persone
1820 1775 1973 1808 rectoris
1993 1775 2177 1809 antedicti.

551 1877 617 1901 Mus.
634 1877 752 1900 Britann.
769 1886 816 1901 ms.
833 1879 892 1902 ndd.
911 1878 995 1908 17:304,
1013 1879 1056 1903 fol.
1073 1879 1143 1902 14:3¹².
1160 1894 1190 1897 —
1206 1880 1329 1905 Bulaeus.
1347 1881 1388 1909 IV,
1406 1882 1460 1904 387.

550 1979 572 2002 1.
589 1979 736 2002 Secundum
753 1980 843 2003 stilum
860 1980 963 2009 Gallim,
980 1989 1040 2004 nam
1056 1990 1097 2004 an.
1117 1982 1184 2007 1365.
1202 1982 1286 2005 Martii
1307 1983 1424 2006 24-Junii
1445 1984 1482 2011 2-3,
1499 1983 1637 2014 Philippus
1654 1983 1786 2014 Sapientis
1802 1987 1888 2007 rector
1904 1983 1960 2006 suit.
1975 1984 2036 2007 Vid.
2058 1992 2140 2015 supra
2153 1989 2182 2007 n⁰
2203 1984 2273 2008 1308.
2291 1997 2323 2002 —
2347 1985 2362 1998 ”

459 2024 480 2046 2.
496 2024 543 2047 An,
568 2024 635 2048 1371,
653 2025 761 2047 Januar.
787 2026 824 2053 2⁸,
849 2025 874 2047 in
894 2026 953 2056 jure
979 2034 1035 2049 can.
1055 2029 1080 2048 et
1096 2026 1146 2049 civ.
1171 2035 1229 2049 cuin
1253 2027 1340 2058 rigore
1362 2027 1489 2050 examinis
1510 2027 1669 2056 licentiatus,
1685 2027 1795 2051 Parisiis
1816 2028 1843 2051 in
1860 2028 1919 2058 jure
1939 2036 1998 2051 can.
2021 2032 2082 2052 actu
2103 2029 2203 2061 legent,
2220 2029 2250 2053 fit
2264 2037 2323 2053 ean.

459 2068 609 2091 Ebroicens.
627 2069 698 2099 (Reg.
712 2070 758 2092 Av.
776 2070 881 2101 Gregor.
899 2070 941 2098 XI,
960 2071 1011 2093 vol.
1031 2071 1075 2099 111,
1093 2073 1109 2093 f.
1127 2071 1206 2100 ymb).
1222 2085 1251 2088 —
1268 2073 1290 2094 3.
1308 2072 1356 2095 Ms.
1371 2081 1376 2095 z
1392 2083 1404 2093 «
1418 2072 1512 2095 rectori
1530 2082 1552 2095 n.

468 2308 606 2345 1323.
634 2319 745 2344 Urbano
767 2320 1097 2356 VsupplicatGe1·ardus
1113 2323 1220 2348 abbas·
1235 2325 1402 2350 monasterii
1420 2325 1670 2359 Trium-Faunum,
1691 2326 1804 2352 Cisterc.
1822 2326 1899 2360 Ord.‚
1914 2326 2138 2352 Cathataunens.
2156 2326 2260 2360 dioec„
2277 2325 2328 2362 qui

550 2367 682 2392 Par-isius
698 2368 793 2393 multis
810 2370 894 2394 annis
909 2370 1020 2395 studuit
1035 2380 1068 2396 ac
1085 2380 1169 2397 unum
1186 2381 1298 2398 cursum
1314 2373 1382 2407 tegit
1398 2374 1426 2399 in
1441 2373 1600 2408 theologica
1614 2374 1766 2409 facultate,
1786 2383 1859 2401 nunc
1875 2382 2028 2401 vacaturus
2044 2375 2121 2401 circa
2136 2375 2328 2401 administra-

553 2416 654 2441 tionem
670 2418 716 2441 suz'
738 2419 903 2443 monasterii
924 2420 1086 2445 Sententias
1109 2420 1255 2446 ordinario
1278 2425 1401 2457 tempore
1421 2422 1514 2456 legere
1534 2427 1666 2459 nequeat,
1689 2427 1720 2449 ut
1739 2424 1856 2450 mandet
1875 2423 2050 2450 cancellario
2071 2424 2232 2450 Par-islensi
2252 2423 2329 2460 quod

554 2465 644 2499 ipsum
668 2469 791 2500 tempore
818 2467 995 2493 vacationum
1019 2469 1187 2494 instantium
1208 2471 1405 2505 proximarum
1431 2471 1471 2497 vel
1492 2472 1626 2506 aliarum,
1651 2477 1737 2508 prout
1761 2472 1836 2499 idem
1858 2473 1952 2499 abbas
1977 2473 2102 2507 elegerit,
2129 2473 2169 2498 ad
2188 2472 2328 2499 lecturam

554 2514 763 2539 Sententiarum
779 2515 923 2549 admittat,
942 2520 968 2541 et
980 2521 1084 2552 postea
1108 2518 1148 2543 ad
1167 2519 1362 2553 magisterium
1381 2525 1552 2556 promoveat.
1570 2537 1604 2541 —
1619 2522 1690 2552 Fiat,
1711 2522 1734 2548 si
1757 2522 1851 2556 placet
1870 2522 2041 2549 cancellario
2063 2522 2222 2549 Parisieusi.
2244 2522 2275 2548 B.
2292 2537 2328 2542 —

552 2561 661 2587 Datum
676 2563 816 2590 Avinione
831 2565 954 2597 septimo
969 2566 1007 2591 id.
1025 2566 1159 2599 Augusti,
1174 2575 1253 2594 anno
1267 2570 1383 2601 quarto.

1771 2647 1848 2676 1386,
1863 2646 1971 2679 Augusti
1985 2647 2008 2672 7.

561 2685 622 2716 Reg.
638 2686 695 2709 Vat.
712 2687 805 2717 Suppl.
819 2688 918 2711 Urbani
935 2689 963 2717 V,
978 2697 1019 2712 an.
1038 2691 1061 2714 4.
1078 2699 1140 2721 pars
1157 2691 1241 2720 unica,
1256 2692 1301 2715 sol.
1319 2693 1388 2717 277¹».

560 2779 581 2802 ¹l.
600 2779 646 2802 Hic
666 2779 747 2802 abbas
766 2780 791 2802 in
812 2781 878 2804 serie
894 2782 1019 2805 abbatum
1038 2784 1272 2813 Trium-fontium,
1289 2786 1366 2809 catal.
1388 2787 1494 2809 omnino
1515 2795 1607 2810 manco
1627 2787 1705 2819 hujus
1726 2791 1837 2811 monast.
1853 2788 1880 2811 in
1897 2788 1971 2812 Gall.
1992 2789 2099 2816 christ„
2118 2788 2158 2815 IX,
2176 2787 2231 2818 961,
2247 2787 2329 2811 deo-t.

468 2832 477 2845 (ι
496 2823 627 2847 Gerardus
643 2824 673 2846 de
690 2824 806 2847 Buxeriis
826 2835 847 2852 ›>,
865 2827 1006 2850 monachus
1025 2830 1175 2852 monasterii
1198 2830 1356 2854 Claraevatl.
1372 2839 1405 2854 un
1425 2831 1494 2858 1:²62,
1520 2832 1640 2855 Decemh.
1658 2832 1695 2860 11,
1718 2832 1750 2855 ab
1774 2832 1880 2856 Urbano
1896 2832 2046 2855 nominatus
2070 2835 2110 2856 est
2124 2832 2207 2855 abban
2223 2831 2330 2855 Trium-

467 2867 596 2896 Fontium,
622 2868 696 2891 Petro
721 2869 751 2891 de
774 2870 900 2892 Malorino
914 2871 948 2900 (in
966 2871 1037 2895 Gall.
1054 2873 1149 2898 christ.
1165 2874 1243 2897 etiam
1258 2875 1375 2904 omisso),
1390 2876 1585 2906 predecessore,
1602 2876 1657 2900 suis
1673 2877 1838 2908 exigentibus
1854 2877 1954 2900 meritis
1976 2877 2010 2900 ab
2023 2876 2165 2900 abbatibus
2181 2876 2291 2900 Cinea-c.
2305 2878 2331 2900 et

468 2911 623 2935 Cluruevall.
641 2913 767 2944 deposito.
786 2914 857 2945 (Reg.
874 2915 929 2938 Vnt.
947 2917 1025 2940 Aven.
1042 2917 1104 2940 Urb.
1122 2919 1149 2949 V,
1166 2919 1218 2942 vol.
1235 2920 1277 2948 M,
1295 2920 1338 2943 sol.
1355 2919 1421 2950 69¹²).
