2488 3386
196 344 291 381 1378]
961 356 1007 377 nr
1043 355 1285 377 scnisnmrn.
1993 347 2057 379 555

193 431 305 476 patria
325 431 405 471 ista,
429 429 612 462 discordia
634 430 838 474 superius¹³
860 429 993 473 scripta
1014 428 1082 461 hoc
1109 429 1304 461 inducente
1331 435 1365 461 et
1387 437 1614 473 procurante.
1640 431 1816 463 Dominus
1836 442 1901 463 vos
1923 431 2053 474 dirigat

192 497 347 530 feliciter
368 503 403 529 et
423 496 591 541 longeve.
615 496 795 541 Scriptum
817 495 952 528 Tibure
974 495 1032 528 die
1054 495 1164 539 xxvija
1186 495 1322 528 mensis
1342 495 1488 528 Jullii¹'⁴.
1507 498 1638 529 Vester
1660 497 1829 529 minimus

1385 564 1613 595 MAnct-:LLtus
1635 574 1676 595 nr:
1700 565 1848 595 INGHEN.

286 648 354 672 Bibl.
373 652 426 671 nat.
443 648 528 671 Paris.
549 655 598 671 ms.
614 647 661 670 lat.
682 647 767 672 14644,
785 647 829 670 sol.
848 647 918 670 1771'.
937 660 967 664 —
982 646 1105 674 BulaeuS,
1120 647 1161 674 IV,
1176 647 1231 670 466.
1250 661 1279 665 -
1295 647 1429 670 Mun-silius
1447 647 1478 670 de
1494 647 1593 678 Inghen
1607 655 1661 678 jam
1678 656 1719 671 an.
1736 648 1805 677 1377,
1823 648 1883 671 Maii
1906 657 1950 671 seu
1968 649 2054 679 potius

192 696 253 724 post
268 693 329 716 Maii
345 695 367 721 5,
382 701 429 724 pro
443 692 556 723 negotiis
572 691 758 715 universitatis
775 691 807 714 ad
823 691 923 714 curiam
936 692 1070 722 profectus
1084 694 1130 721 est,
1149 694 1176 714 ut
1190 691 1288 722 legitur
1302 691 1327 714 in
1342 692 1400 715 Lib.
1411 698 1489 721 proc.
1503 695 1560 715 nat.
1578 691 1687 722 Anylic.
1705 692 1767 720 (vid.
1782 694 1899 716 Λυσίαν.
1915 692 2054 722 01ιαντιιὶ.,

193 737 213 766 Ι,
225 737 279 766 519,
295 738 309 760 4
324 740 402 768 sqq.).
420 737 502 768 April.
520 737 549 759 19
561 736 588 759 in
603 735 808 767 congregatione
823 735 937 758 nationis
953 735 1129 763 annuntiavit,
1146 743 1173 758 se
1188 736 1221 758 ad
1236 736 1346 763 curiam,
1367 736 1419 758 imo
1435 746 1448 757 «
1466 736 1498 758 ad
1519 739 1606 766 partes
1623 735 1780 767 longinquas
1796 746 1807 756 u
1823 737 1955 767 proficisci
1971 737 2055 766 (ibid.,

192 790 220 813 p.
237 782 291 810 517,
307 781 355 810 11),
367 781 440 804 curia
455 781 524 804 enim
537 784 599 804 tunc
617 780 643 803 in
662 780 746 808 Italia,
761 779 868 803 minime
881 780 1012 803 Avenione
1028 780 1171 803 residebat.
1187 780 1364 803 Nihilominus
1381 780 1514 803 Marsilius
1530 780 1617 811 primo
1632 780 1789 803 mentonem
1805 781 1898 811 petivit
1913 781 1975 810 (vid.
1989 782 2007 804 1.
2024 790 2056 807 c..

192 834 219 857 p.
234 826 286 853 523,
302 826 340 854 26,
357 826 386 848 37
402 827 460 857 sq.)‚
478 825 567 856 ibique
583 825 677 848 saltem
694 825 727 847 ad
740 833 782 848 an.
800 825 869 854 1377,
886 824 1013 847 Novemb.
1029 825 1067 853 23,
1084 825 1238 848 morabatur
1251 825 1316 855 (vid.
1331 825 1349 848 l.
1366 833 1398 853 c.‚
1414 833 1440 856 p.
1457 826 1510 852 529,
1526 826 1557 854 7).
1572 825 1693 847 Fortasse
1709 824 1834 855 sperabat
1851 825 2007 856 Gregorium
2025 826 2056 848 ΧῙ

193 869 350 893 Avenionem
370 877 548 893 reversurum.
572 869 707 892 Nescimus
731 869 835 900 quando
850 869 1009 892 Avenionem
1025 869 1161 900 reliquerit
1173 872 1198 892 et
1220 870 1329 892 Romam
1344 877 1436 892 versus
1452 870 1585 900 profectus
1604 869 1647 892 sit.
1665 869 1725 900 Ejus
1744 877 1837 892 nomen
1854 878 1904 892 non
1919 870 2016 900 legitur
2032 869 2056 892 in

194 914 254 938 Lib.
267 921 384 944 procur.
400 914 434 937 ab
450 922 492 938 an.
509 914 578 941 1377,
595 915 660 944 Aug.
678 915 690 937 7
707 914 770 943 (vid.
786 913 862 938 ibid..
878 922 904 944 p.
920 914 973 941 523,
990 914 1039 944 42),
1056 922 1138 945 usque
1152 914 1184 936 ad
1200 922 1242 937 an.
1259 914 1329 941 1378,
1349 913 1420 936 Junii
1436 914 1465 936 12
1479 913 1562 942 (ibid.y
1579 921 1606 944 p.
1627 914 1679 940 558,
1697 914 1741 941 34;
1758 915 1812 943 559,
1829 915 1859 943 5),
1875 917 1992 945 tempore
2006 922 2057 945 quo

193 958 281 989 ipsum
301 967 360 981 cum
380 958 491 982 Heni-ico
513 959 544 981 de
565 958 661 981 Thenis
677 958 703 981 in
719 958 840 989 partibus
859 958 951 981 ltaliae
968 958 1112 989 etquidem
1128 958 1154 981 in
1170 958 1242 981 curia
1258 958 1359 981 Urbani
1373 959 1405 981 Vl
1425 958 1582 981 invenimus.
1599 958 1741 989 Perperam
1757 958 1893 986 asseritur,
1911 958 2056 982 Gerardum

193 1003 224 1026 de
240 1003 337 1026 Kalkar
352 1003 430 1026 etiam
447 1004 543 1026 Romae
557 1003 648 1026 fuisse.
662 1003 719 1025 Vid.
736 1007 786 1025 num
803 1003 871 1031 1419,
888 1006 941 1025 not.
959 1004 980 1031 2,
997 1006 1022 1026 et
1038 1005 1118 1027 Auct.
1137 1003 1242 1032 eham,
1263 1003 1281 1032 l,
1295 1012 1321 1034 p.
1339 1003 1392 1030 562,
1408 1003 1451 1030 44ς
1468 1003 1522 1029 563,
1537 1003 1574 1026 12.

289 1078 310 1102 1.
326 1079 400 1102 Petro
416 1078 448 1101 de
463 1078 590 1108 Corsinis,
606 1078 687 1109 episc.
708 1079 855 1107 Portuens.,
873 1078 944 1101 card.
962 1078 995 1101 ab
1012 1087 1054 1103 an.
1077 1079 1146 1105 1370,
1166 1079 1228 1101 Jun.
1246 1080 1267 1106 7,
1286 1087 1344 1101 cum
1360 1081 1421 1101 tunc
1436 1081 1506 1101 esset
1520 1078 1601 1109 episc.
1620 1078 1795 1101 Florentinus.
1815 1092 1846 1096 -
1866 1079 1888 1101 2.
1906 1078 2011 1101 Simone
2028 1078 2059 1101 de

195 1123 322 1152 Borsano,
340 1123 413 1147 card.
430 1124 476 1146 SS.
490 1123 585 1146 Johan.
600 1126 625 1146 et
639 1123 724 1154 Pauli,
740 1123 773 1145 ab
787 1131 829 1146 an.
846 1123 916 1152 1375,
930 1123 989 1146 Dec.
1004 1124 1042 1151 20,
1057 1132 1116 1146 cum
1131 1126 1200 1146 esset
1215 1123 1333 1154 archiep.
1349 1123 1489 1146 Mediolon.
1500 1137 1531 1140 —
1543 1124 1565 1145 3.
1583 1123 1641 1145 Bul.
1657 1131 1661 1145 :
1681 1131 1692 1145 «
1708 1123 1779 1146 Patri
1793 1131 1814 1146 ».
1831 1122 1890 1146 Fuit
1903 1123 2058 1146 Franciscus

195 1167 226 1190 de
242 1167 420 1196 Tibaldeschi,
441 1168 512 1191 card.
530 1168 556 1191 S.
573 1167 696 1193 Sabinae.
717 1167 802 1190 dietus
819 1168 845 1191 S.
861 1167 939 1195 Petri,
956 1167 988 1190 ab
1005 1176 1047 1191 an.
1064 1168 1132 1195 1368,
1157 1168 1228 1199 Sept.
1247 1168 1286 1190 22.
1306 1181 1333 1185 —-
1355 1168 1379 1190 4.
1395 1167 1493 1190 Jacobo
1508 1167 1539 1189 de
1563 1167 1676 1194 Ursinis,
1693 1168 1764 1190 card.
1788 1168 1814 1191 S.
1831 1167 1937 1198 Georgii
1959 1168 1991 1190 ad
2008 1168 2057 1190 vel.

195 1219 252 1235 aur.
266 1211 299 1234 ab
315 1219 358 1234 an.
368 1212 437 1238 1371,
448 1212 508 1235 Jun.
524 1213 546 1234 8.
558 1214 618 1235 —5.
632 1212 674 1235 Sic
687 1212 756 1234 clare
767 1215 792 1234 et
807 1212 913 1243 quidem
928 1215 996 1235 recte
1011 1212 1037 1234 in
1048 1213 1119 1235 msto.
1131 1213 1190 1235 -6.
1204 1211 1347 1238 Marsilius,
1362 1212 1517 1242 plerumque
1535 1212 1566 1234 de
1582 1212 1660 1234 rebus
1674 1220 1769 1242 parum
1784 1215 1881 1240 certus,
1893 1220 1943 1235 non
1958 1212 2060 1234 audivit

195 1255 285 1286 igitur,
304 1259 356 1279 tres
377 1256 525 1279 cardinales
542 1256 695 1283 Florentio„
712 1256 900 1279 Mediolanens,
918 1259 944 1279 et
958 1257 989 1279 de
1005 1256 1109 1280 Ursinis
1127 1256 1180 1287 jarn
1198 1257 1227 1279 '26
1244 1256 1308 1279 Julii
1325 1258 1347 1285 (α
1363 1256 1388 1278 in
1407 1256 1522 1279 crastino
1536 1256 1562 1279 S.
1578 1256 1679 1281 Jacobi.
1696 1256 1737 1279 die
1752 1257 1812 1279 lune
1828 1265 1849 1284 »,
1866 1256 1934 1286 Bul.‚
1950 1257 1990 1284 lv,
2005 1257 2059 1284 528)

196 1300 279 1323 Tibur
294 1300 442 1331 reliquisse.
458 1314 488 1318 -
509 1301 532 1324 7.
548 1300 734 1323 Verisimiliter
756 1301 882 1323 Adamum
904 1301 935 1323 de
952 1300 1089 1324 Nemours.
1109 1301 1165 1324 Vid.
1184 1310 1211 1332 p.
1227 1302 1281 1329 246,
1298 1304 1349 1323 not.
1368 1301 1407 1324 12.
1421 1314 1446 1318 -—-
1464 1302 1487 1324 8.
1502 1301 1548 1323 ΜΞ.
1566 1309 1616 1323 non
1634 1301 1720 1323 clare:
1739 1309 1749 1322 «
1764 1304 1842 1323 nester
1862 1301 1916 1323 zelo
1933 1309 1958 1328 »ς
1979 1301 2037 1324 Bul.
2054 1309 2059 1323 ·.

196 1353 207 1367 (ι
224 1344 315 1367 Coster
330 1345 385 1367 zelo
401 1353 424 1368 ».
440 1345 475 1367 De
489 1345 629 1368 Guillelmo
645 1345 677 1368 de
692 1345 864 1374 Oesterzeele,
880 1353 950 1375 mag.
970 1345 995 1368 in
1011 1348 1061 1368 art.
1077 1348 1102 1368 et
1119 1345 1144 1368 in
1160 1346 1237 1372 nied..
1254 1345 1354 1376 pluries
1371 1353 1461 1375 supra,
1479 1349 1507 1367 n⁰
1526 1345 1594 1372 1419,
1612 1348 1665 1368 not.
1684 1346 1709 1369 2:
1729 1345 1797 1368 infra
1813 1345 1846 1367 nis
1859 1345 1927 1373 1612,
1947 1345 2016 1368 1624.
2031 1358 2060 1362 -

195 1390 218 1412 9.
237 1388 302 1412 Cum
327 1389 508 1412 cardinalibus
528 1389 729 1412 dissidentibus.
749 1403 780 1406 —
797 1389 835 1412 10.
853 1390 1013 1412 Wenceslao.
1035 1390 1090 1413 Vid.
1107 1390 1199 1420 Gaycl.
1219 1391 1253 1414 Le
1269 1390 1370 1414 Grand
1391 1389 1522 1414 Schisme.
1541 1390 1571 1414 ll.
1595 1390 1712 1416 Docum.v
1730 1398 1755 1420 p.
1778 1390 1821 1412 182
1840 1398 1879 1420 sq.
1902 1403 1932 1407 -
1947 1390 1984 1412 11.
2002 1389 2060 1412 Bul.

194 1441 354 1464 perperam:
373 1442 384 1455 «
401 1434 462 1456 2000
473 1442 494 1456 u.
512 1435 590 1456 -12,
606 1434 663 1456 Bul.
682 1442 687 1456 t
706 1442 716 1456 (⁴
735 1434 771 1456 fui
787 1443 809 1457 υ.
826 1434 910 1457 -13,
927 1434 983 1458 Bul.
999 1442 1003 1456 z
1019 1444 1032 1455 α
1049 1434 1133 1457 serius
1151 1444 1171 1456 ι),
1189 1448 1218 1451 ῥ-
1234 1435 1272 1457 14.
1289 1434 1347 1457 But.
1364 1434 1509 1465 adjungit«
1524 1442 1566 1456 an.
1587 1434 1646 1456 1378
1658 1443 1679 1457 n.

200 1584 340 1622 1609.
367 1594 537 1621 Cardinales
552 1594 727 1621 dissidentes
742 1596 894 1630 Anagniae
910 1596 1043 1630 degentes
1062 1597 1247 1622 Universitati
1260 1597 1353 1622 Paris.
1371 1596 1500 1622 scribunt
1510 1596 1546 1622 de
1560 1605 1573 1621 «
1591 1597 1720 1622 invasore
1736 1605 1750 1621 »
1772 1596 1884 1622 Urbano
1906 1598 1947 1622 Vl.

1381 1680 1454 1708 1378,
1471 1679 1577 1711 Augusti
1589 1680 1627 1708 21,
1643 1679 1776 1711 Anayniae.

286 1760 520 1793 Miseratione
542 1761 663 1794 divina
684 1761 879 1807 collegium
902 1769 1024 1795 sancte
1048 1764 1205 1795 Romane
1227 1763 1382 1795 ecclesie
1403 1762 1637 1795 cardinalium
1662 1762 1803 1795 dilectis
1825 1762 1910 1794 filiis
1938 1789 1958 1794 ..
1988 1774 2063 1794 rec-

196 1826 278 1867 tori,
298 1827 492 1870 magistris,
512 1827 724 1860 doctoribus
745 1835 778 1861 et
800 1828 1003 1861 scolaribus
1027 1829 1280 1862 Universitatis
1303 1829 1513 1869 Parisiens.,
1533 1829 1683 1861 salutem
1707 1836 1739 1861 ct
1762 1835 1841 1873 post
1862 1829 2060 1861 litterarum

196 1892 357 1937 gloriosa
378 1894 571 1926 certamina
594 1901 717 1927 eterne
738 1894 921 1928 felicitatis
949 1895 1111 1928 bravium
1134 1896 1298 1940 adipisci.
1324 1896 1523 1940 Scripsisse
1551 1907 1618 1928 nos
1644 1895 1747 1928 vobis
1774 1895 1968 1928 recolimus
1999 1907 2062 1939 per

196 1958 365 1992 dilectum
398 1959 510 1992 filium
538 1960 736 1993 Johannem
766 1961 810 1994 de
842 1962 1095 2007 Guignicurte,
1119 1963 1155 1994 in
1180 1974 1279 1995 sacra
1302 1962 1485 2007 theologia
1513 1962 1800 2002 barcallarium¹,
1830 1974 1869 1994 ea
1898 1974 1966 2006 que
2000 1974 2062 2006 per

195 2026 361 2058 insanum
385 2026 557 2071 populum
580 2027 798 2060 miserabilis
820 2027 921 2060 urbis
944 2030 1054 2061 Rome
1076 2030 1228 2073 ejusque
1251 2029 1422 2062 officiales
1444 2029 1605 2074 perfidos
1626 2029 1701 2061 (lira
1724 2028 1937 2073 tirampnide
1959 2040 2061 2060 ausu-

196 2103 266 2136 que
287 2092 479 2137 sacrilego,
502 2092 690 2126 beluarum
713 2094 928 2127 sevientium
952 2107 1065 2134 more,
1089 2095 1171 2127 dum
1195 2102 1277 2140 post
1298 2095 1434 2128 obitum
1457 2095 1573 2128 felicis
1597 2102 1629 2127 et
1652 2101 1773 2127 sancte
1800 2094 2062 2127 recordationis

196 2158 333 2190 domini
364 2159 534 2204 Gregorii
571 2171 660 2204 pape
690 2161 739 2192 XI
770 2161 813 2193 ad
849 2161 959 2193 futuri
990 2161 1203 2194 electionem
1242 2162 1424 2206 pontificis
1454 2173 1675 2202 curaremus,
1713 2168 1779 2193 tam
1815 2161 1851 2192 in
1886 2172 2061 2205 personas

197 2231 339 2258 nostras
361 2238 464 2270 quam
493 2225 584 2259 bona
614 2227 752 2259 enormi
774 2234 915 2260 actuum
939 2228 1237 2273 multiplicatione
1260 2229 1453 2261 infeliciter
1475 2235 1607 2273 patrata
1629 2235 1724 2268 sunt,
1751 2234 1788 2260 ut
1814 2239 1877 2272 per
1898 2227 2059 2272 ipsorum

197 2291 401 2324 effrenatam
426 2292 599 2325 maliciam
622 2293 753 2338 aliquis
775 2294 809 2326 in
833 2294 919 2326 sede
941 2295 1137 2339 apostolica
1160 2295 1419 2334 intruderetur,
1440 2302 1544 2340 prout
1567 2295 1617 2327 rei
1640 2295 1756 2326 exitus
1778 2294 1896 2326 lucide
1914 2294 2061 2326 demon-

196 2358 332 2391 stravit.
359 2360 427 2391 llac
450 2359 569 2404 itaque
591 2360 781 2392 occasione
798 2360 906 2393 habet
922 2362 1017 2393 Petri
1039 2362 1146 2394 sedes
1171 2374 1352 2394 sessorem
1372 2362 1620 2406 apostaticum.
1641 2361 1744 2393 unice
1769 2360 1898 2392 dilecte
1922 2360 2059 2392 domini

196 2424 414 2465 invasorem,
437 2432 591 2458 satorem
621 2438 856 2459 erroneorum
889 2427 1095 2472 dogmatum
1124 2435 1158 2460 et
1182 2429 1343 2461 veritatis
1374 2428 1489 2460 tocius
1518 2434 1815 2471 rontetnptorenr
1839 2428 1940 2458 Hunc
1962 2433 2058 2459 certe

197 2502 268 2522 non
290 2491 436 2524 tradidit
465 2493 635 2524 canonica
665 2492 807 2533 electio,
835 2492 930 2525 hunc
959 2494 1109 2538 spiritus
1132 2495 1273 2526 Domini
1305 2506 1375 2526 non
1398 2494 1549 2532 vot-avit,
1572 2493 1666 2525 hunc
1689 2505 1759 2525 non
1782 2492 1952 2525 stabilivit
1974 2504 2058 2525 con-

197 2567 340 2597 sensus,
360 2557 454 2590 hunc
472 2558 674 2591 truculenta
692 2558 810 2591 rabies
828 2566 862 2591 et
883 2571 966 2592 seva
985 2560 1124 2592 timoris
1146 2561 1308 2592 incussio
1326 2560 1360 2591 in
1378 2559 1574 2604 apostolica
1592 2559 1678 2591 scdc
1700 2559 1857 2591 intrusit.
1880 2560 1931 2590 Nc
1948 2559 2059 2603 igitur

197 2623 360 2655 intrusus
380 2623 472 2668 ipse,
490 2625 551 2668 qui
573 2625 675 2658 datus
695 2625 731 2657 in
754 2637 901 2658 sensum
924 2626 1119 2671 reprobum
1143 2627 1275 2659 terreni
1298 2627 1410 2658 fastus
1432 2626 1610 2670 appetitor
1630 2626 1744 2658 sactus
1770 2632 1823 2658 est
1850 2632 1884 2657 ct
1914 2625 2058 2669 proprie

197 2688 324 2721 salutis
345 2696 572 2735 contemptor
592 2703 656 2736 per
676 2704 775 2724 suam
798 2692 1011 2725 obstinatam
1036 2693 1210 2725 maliciam
1233 2700 1264 2725 et
1288 2693 1565 2724 obstinationem
1590 2692 1747 2736 iniquam
1770 2691 1896 2723 fideles
1917 2691 2057 2735 aliquos

197 2767 307 2800 super
327 2757 487 2800 presenti
510 2758 656 2802 negotio
678 2759 811 2791 faceret
832 2759 1009 2799 dubitare,
1033 2760 1074 2791 ad
1099 2759 1376 2804 publicationem
1400 2759 1575 2803 quandam
1601 2758 1858 2803 processimus,
1881 2758 1974 2789 sicut
1994 2769 2058 2801 per

197 2821 365 2854 dilectum
390 2822 500 2855 lilium
524 2824 667 2856 Petrum
690 2825 734 2856 de
755 2825 931 2870 Corbeya,
956 2826 1188 2858 secretarium
1217 2826 1369 2870 regium,
1393 2825 1613 2869 presentium
1642 2825 1864 2869 portitorem,
1888 2824 2057 2855 informa-

197 2887 323 2920 bimini
347 2888 502 2933 plenius,
526 2891 629 2934 cujus
651 2891 824 2923 relatibus
847 2892 951 2924 tidem
978 2892 1132 2936 petimus
1153 2892 1329 2924 adbiberi.
1354 2893 1431 2923 Dat.
1454 2891 1618 2935 Anagnie
1644 2891 1689 2935 xij
1714 2891 1796 2922 kalf
1820 2889 2055 2934 Septembris,
