2488 3386
458 344 522 377 690

1039 348 1357 370 CHARTULARIUM
1392 348 1583 370 UNIVER&
1620 347 1750 370 PARl&

463 414 2329 442 β

462 472 519 494 1641

461 573 521 596 1642

460 1011 520 1034 1645

459 1156 518 1179 1646

457 1303 516 1326 1647

456 1405 516 1428 1648
546 1421 552 1428 .

456 1508 516 1531 1649

455 1698 516 1721 1650

455 1755 513 1778 1651

455 1813 515 1836 1652

455 1915 515 1938 1653

455 1972 514 1996 1654

454 2075 514 2098 1655

455 2132 515 2155 1656

455 2235 514 2258 1657

456 2336 515 2359 1658

456 2482 516 2505 1659

456 2540 516 2563 1660

456 2642 513 2664 1661

455 2738 515 2762 1662

455 2835 514 2858 1663

596 468 662 494 1381

553 1009 700 1034 1381-1382

593 1155 659 1181 1382

590 1695 656 1721 1383

589 1913 655 1939 1384

589 1970 656 1997 1385

588 2073 654 2099 1387

781 468 845 492 Julii
866 468 902 491 15-

764 498 875 530 Augusti
891 499 919 522 14

768 569 914 601 Septembri

764 1007 913 1031 Decembri-

769 1039 866 1070 Aprilis
885 1041 913 1062 25

756 1154 854 1186 Aprilis
868 1155 889 1182 1,
906 1156 919 1177 7

788 1189 813 1209 et
827 1194 885 1217 sqq.

754 1300 875 1324 Octobris
889 1301 918 1324 12

974 467 1106 490 Johannes
1131 467 1273 490 Blanchnrt
1296 466 1322 489 in
1344 466 1530 489 cancellarium
1547 466 1631 489 Paris.
1649 466 1797 489 instituitur
1820 474 1835 488 a
1858 465 1990 489 Clemente
2014 464 2069 493 Vll,
2090 471 2165 495 quem
2188 470 2239 486 non

1006 511 1093 534 omnia
1109 511 1294 535 Universitatis
1311 510 1450 542 supposita
1463 514 1492 534 ut
1504 518 1600 541 papam
1615 513 1761 542 agnoscunt
1765 523 2238 533 ...................
2284 506 2329 529 584

975 569 1107 592 Johannes
1123 569 1154 591 de
1167 568 1343 600 Jenzenstein,
1359 568 1575 599 archiepiscopus
1592 567 1732 599 Pragensis
1753 570 1778 591 et
1797 566 1972 590 cancellarius
1992 566 2063 597 regis
2084 563 2239 591 Wenceslai,

1006 613 1116 644 collegio
1146 613 1267 636 Carolino
1295 613 1422 644 Pragcnsi
1442 612 1590 639 annuntiat,
1616 613 1706 644 plures
1730 612 1872 643 magistros
1897 610 2039 636 Parisiens,
2067 610 2239 633 adhaerentes

1006 658 1113 681 Urbano
1133 658 1165 680 Vl
1183 657 1298 680 Parisios
1314 657 1461 688 reliquisse,
1481 660 1505 680 ct
1520 660 1628 680 conatus
1649 656 1705 680 fieri
1725 659 1754 680 ut
1770 655 1927 680 Parisiensis
1943 654 2108 679 Universitas
2127 654 2239 686 Pragum

1005 703 1181 725 transferatur
1190 714 2237 725 .........................................

975 761 1094 784 Clemens
1109 760 1155 783 Vll
1175 759 1311 790 magistris
1327 762 1352 782 et
1367 759 1528 782 baccalnreis
1544 759 1624 783 theol.
1642 759 1731 782 facult.
1749 757 1842 781 scribit
1861 758 1893 781 de
1908 756 2034 785 sinistris,
2051 764 2118 788 quae
2134 756 2166 778 de
2184 754 2240 786 qui-

1006 805 1117 827 busdam
1134 804 1280 835 suppositis
1296 803 1398 826 audivit
1405 816 2238 827 .................................

975 861 1139 886 Universitas
1153 861 1321 890 Parisiensis,
1336 861 1369 884 ad
1384 861 1508 884 evitanda
1525 860 1613 892 aliqua
1629 868 1695 892 quae
1710 860 1822 883 duranto
1839 859 1986 883 Schismate
2005 858 2156 889 contingere
2174 864 2239 888 pos-

1005 909 1070 935 sent,
1084 906 1176 929 statuit
1191 909 1219 928 ut
1235 914 1286 928 una
1301 905 1415 928 clavium
1434 905 1537 933 archae,
1552 905 1579 927 in
1599 913 1651 936 qua
1666 904 1785 935 sigillum
1800 912 1938 927 commune
1950 902 2064 926 nationis
2080 901 2239 933 Anglicanae

1005 953 1134 979 servatur,
1150 950 1315 973 custodiatur
1330 958 1377 981 per
1390 958 1471 972 unum
1486 949 1600 972 nationis
1617 948 1719 972 Scotiue
1723 965 1874 972 .......
1892 954 1894 957 ’
1895 961 2238 971 ..............

973 1009 1089 1031 Judocus
1107 1007 1245 1037 Gbisilius,
1261 1007 1435 1030 cancellarius
1454 1007 1480 1030 S.
1503 1006 1651 1030 Genovel'ae
1672 1006 1756 1030 Paris.
1781 1007 1866 1029 fautor
1885 1004 1987 1029 Urbani
2006 1004 2049 1033 Vl,
2065 1003 2162 1035 aliique
2181 1002 2240 1026 offi-

1004 1052 1078 1075 ciarii
1102 1060 1117 1075 a
1135 1052 1319 1075 collectoribus
1344 1051 1485 1075 Clementis
1507 1051 1553 1074 Vll
1577 1050 1766 1074 destituuntur.
1788 1049 1864 1073 Natio
1888 1048 2033 1080 Anglicana
2054 1046 2186 1079 imprimis
2211 1055 2239 1070 se

1003 1096 1113 1128 opponit
1116 1107 2237 1121 ............................................

973 1154 1048 1178 Natio
1063 1154 1207 1185 Anglicann
1220 1153 1367 1177 licentiatos
1383 1153 1409 1176 in
1425 1153 1520 1176 Nostra
1533 1152 1642 1176 Domina
1656 1151 1811 1175 auctoritate
1826 1150 1968 1175 Clementis
1978 1150 2033 1178 Vll,
2048 1149 2179 1181 siquidem
2191 1156 2239 1180 per

1003 1198 1190 1222 cancellarium
1205 1198 1351 1221 Johannem
1370 1197 1522 1226 Blanchart,
1539 1197 1572 1220 ad
1591 1196 1724 1220 nationem
1739 1204 1790 1219 non
1806 1195 1909 1227 recipit.
1925 1195 2021 1219 Omnes
2035 1193 2095 1217 novi
2111 1200 2239 1225 procura-

1003 1247 1072 1267 tores
1089 1243 1122 1266 ad
1135 1243 1183 1266 hoc
1201 1242 1394 1273 exsequendum
1407 1250 1455 1273 pet
1465 1242 1644 1273 juramentum
1659 1240 1811 1272 obligantur
1815 1254 2237 1264 .................

972 1302 1081 1325 Rotulus
1098 1301 1228 1324 secundus
1245 1301 1277 1323 ad
1290 1300 1451 1324 Clementem
1466 1300 1512 1323 Vll
1532 1299 1675 1322 mittendus
1697 1298 1872 1328 concluditur,
1887 1297 1991 1320 natione
2006 1295 2152 1328 Anglicans
2162 1294 2237 1318 -reni—

1001 1349 1080 1374 tente,
1096 1349 1121 1368 et
1137 1346 1260 1369 facultate
1278 1345 1441 1368 decretorum
1454 1344 1600 1367 haesitante
1603 1356 2237 1368 .........................

935 1420 940 1426 .
971 1403 1104 1427 Marsilius
1123 1403 1154 1426 dc
1170 1403 1278 1434 lnghen,
1298 1402 1329 1425 de
1349 1402 1475 1425 canonica
1495 1401 1621 1425 electione
1636 1400 1738 1425 Urbani
1757 1401 1790 1424 VI
1813 1399 1941 1428 scribens,
1963 1398 2081 1430 loquitur
2097 1396 2128 1421 de
2150 1396 2237 1420 rotulo

747 1505 896 1528 Decembris
914 1505 924 1528 1

755 1695 890 1719 Februarii
906 1697 920 1719 3

811 1767 839 1771 —
890 1754 919 1776 26

811 1812 919 1834 —26

735 1913 896 1944 Septembris
911 1914 940 1936 18

753 2072 889 2096 Februarii
904 2074 918 2095 9

765 2130 907 2161 Sept.-Oct.

548 2232 696 2259 1387-1388
734 2231 882 2255 Decembris
897 2232 939 2255 15-

589 2334 654 2360 1388

589 2479 655 2505 1389

590 2536 656 2563 1390

751 2263 887 2286 Februarii
901 2265 916 2286 9

765 2334 907 2357 Februario

745 2480 899 2503 Novembris
913 2481 926 2503 2

762 2537 908 2568 Septembri

1002 1447 1189 1471 Universitatis
1206 1447 1290 1471 Paris.
1310 1447 1436 1470 mittendo
1453 1447 1485 1469 nd
1501 1446 1659 1470 Clementem
1673 1446 1719 1468 Vll
1739 1445 1862 1468 concluso
1866 1458 2236 1469 ...............

970 1506 1094 1529 Urbanus
1108 1506 1139 1528 VI
1157 1505 1298 1529 Guillelmo
1315 1505 1347 1528 de
1365 1504 1533 1532 Snlvarvilla,
1549 1514 1562 1526 κ(
1578 1502 1736 1527 cancellario
1753 1502 1817 1526 eccl.
1841 1501 1935 1531 Paris„
1951 1500 1978 1524 in
1993 1508 2015 1524 s,
2032 1499 2131 1531 pagina
2153 1498 2238 1530 magi-

1002 1553 1064 1578 stro,
1088 1550 1232 1581 apostolice
1258 1549 1329 1572 sedis
1353 1549 1448 1572 nuncio
1469 1558 1482 1570 ι)
1504 1548 1619 1580 injungit
1636 1551 1665 1571 ut
1686 1547 1813 1571 Clementi
1835 1546 1881 1570 Vll
1903 1546 1930 1569 in
1951 1544 2057 1568 civitate
2080 1547 2105 1567 ct
2123 1542 2236 1567 dioecesi

1001 1594 1137 1618 Leodiens.
1160 1594 1333 1617 adhaerentes
1356 1594 1411 1616 suis
1427 1593 1521 1617 officiis
1544 1596 1570 1616 et
1586 1592 1720 1616 beneficiis
1742 1591 1830 1623 privet
1845 1598 1941 1622 eosque
1961 1591 2082 1613 amovent
2101 1591 2236 1619 tamquam

1001 1639 1147 1662 haereticos
1163 1642 1188 1662 et
1203 1638 1387 1662 schismaticos
1401 1648 2234 1662 .................................

970 1696 1116 1720 Declaratio
1132 1696 1319 1720 Universitatis
1333 1695 1491 1719 Parisicnsis
1506 1703 1555 1727 pro
1571 1695 1703 1719 Clemente
1718 1694 1772 1717 Vll.
1788 1710 1794 1717 .
1814 1710 1820 1717 .
1840 1710 1846 1716 .
1861 1685 1865 1688 Δ
1866 1706 2234 1716 ...............

971 1755 1067 1778 Eadem
1082 1754 1224 1778 declaratio
1239 1754 1425 1778 Universitutis
1443 1753 1612 1786 Parisionsis,
1625 1752 1650 1776 in
1664 1752 1799 1776 meliorem
1813 1751 1924 1774 formam
1937 1749 2043 1773 redacta
2047 1763 2234 1772 ........

970 1813 1079 1836 Rotulus
1104 1812 1234 1835 secundus
1262 1811 1450 1835 Universitatis
1473 1811 1556 1835 Paris.
1580 1818 1693 1834 unacum
1715 1808 1892 1833 declaratione
1918 1806 2105 1831 Universitatis
2128 1805 2162 1828 ad
2180 1804 2236 1828 Cle-

1000 1860 1112 1880 mentem
1127 1857 1172 1880 vn
1190 1856 1310 1885 mittitur,
1326 1856 1431 1879 natione
1446 1855 1592 1887 Anglicana
1606 1857 1736 1878 annuente
1739 1865 2234 1877 ....................

970 1915 1005 1938 De
1020 1914 1153 1946 deputatis
1170 1914 1358 1938 Universitntis
1374 1914 1458 1938 Paris.
1477 1914 1511 1937 ad
1527 1913 1673 1937 Concilium
1686 1911 1783 1936 Insulis
1799 1909 1986 1945 celebrandum
1994 1922 2234 1932 ..........

969 1972 1063 1996 Omnia
1079 1972 1218 2003 supposita
1235 1971 1421 1995 Univcrsitatis
1439 1971 1523 1995 Paris.
1542 1970 1569 1994 in
1585 1970 1644 1994 sinu
1658 1973 1768 2001 paterno
1788 1967 1929 1992 Clementis
1946 1967 1992 1990 Vll
2005 1964 2158 1989 firmissime
2171 1963 2236 1988 resi-

1000 2017 1062 2040 dent
1074 2020 1099 2040 et
1115 2016 1140 2039 in
1155 2016 1303 2039 obedientia
1316 2016 1389 2039 illius
1405 2018 1576 2048 perseverant
1579 2025 2234 2039 ..........................

970 2074 1115 2098 Declaratio
1131 2082 1198 2097 nova
1213 2074 1399 2098 Universitatis
1414 2073 1571 2097 Parisiensis
1585 2081 1633 2104 pro
1649 2072 1781 2096 Clemente
1797 2070 1843 2094 Vll
1848 2082 2233 2094 ................

970 2133 997 2155 In
1013 2132 1190 2155 Universitate
1206 2131 1422 2163 Heidelbergensi
1437 2131 1565 2155 licentiati
1583 2130 1692 2154 Parisiis
1708 2137 1755 2160 per
1770 2126 1959 2151 cancellarium
1976 2124 2132 2149 auctoritate
2149 2130 2235 2156 papae

1000 2176 1140 2200 Clementis
1156 2177 1202 2199 Vll
1218 2176 1324 2200 minime
1340 2180 1368 2199 ut
1384 2176 1505 2207 magistri
1518 2175 1682 2206 recipiuntur
1685 2183 2233 2198 ......................

969 2234 1060 2257 Plures
1076 2234 1197 2265 magistri
1212 2234 1373 2258 Parisienses
1390 2234 1580 2264 Heidelbergae
1597 2231 1780 2255 conventicula
1800 2229 1907 2262 privata
1922 2227 2034 2256 sueinum
2050 2229 2138 2250 tamen
2157 2225 2236 2248 confi-

999 2282 1095 2305 tentur,
1110 2287 1137 2302 se
1152 2287 1203 2302 non
1218 2287 1275 2302 esse
1288 2279 1441 2310 magistros,
1458 2278 1519 2310 quia
1534 2277 1683 2301 licentiatos
1698 2283 1746 2307 per
1761 2272 2003 2298 anticancellarium
2021 2270 2105 2295 Paris.
2122 2287 2128 2293 .
2148 2286 2154 2293 .
2166 2286 2180 2308 ἡ.
2200 2285 2207 2292 .
2226 2285 2233 2292 .

971 2336 1133 2360 Universitas
1156 2336 1371 2368 Heidelbergens.
1394 2336 1517 2367 Philippo
1539 2336 1571 2358 de
1592 2335 1715 2364 Alengon,
1738 2333 1835 2364 legato,
1856 2330 1998 2362 supplicat,
2014 2332 2043 2352 ut
2062 2326 2233 2351 cancellarios

999 2380 1082 2404 Paris.
1100 2381 1215 2404 declaret
1230 2389 1281 2404 non
1298 2381 1395 2404 habere
1411 2380 1604 2407 auctoritatem,
1621 2382 1647 2402 et
1663 2377 1804 2410 prohibeat
1819 2375 1958 2408 quominus
1977 2372 2109 2405 quispiam
2125 2370 2235 2395 Univer-

999 2425 2232 2455 sitatemParisvisitet..............-.................3...

968 2482 1075 2505 Urbano
1088 2483 1121 2505 VI
1136 2483 1267 2511 defuncto,
1284 2483 1436 2506 Bonisacius
1454 2482 1488 2506 IX
1501 2482 1524 2505 ei
1541 2480 1657 2505 succedit
1660 2488 2232 2504 .......................

968 2540 1058 2571 Legati
1078 2548 1108 2563 ex
1126 2543 1202 2571 parte
1224 2540 1294 2571 regis
1311 2540 1455 2564 Wenceslai
1477 2540 1511 2563 ad
1532 2547 1621 2570 regem
1639 2538 1800 2561 Francorum
1823 2533 1899 2557 missi
1921 2531 2035 2556 offerunt
2061 2528 2233 2558 Universitati

998 2584 1081 2608 Paris-
1096 2584 1244 2616 epistolam,
1258 2593 1310 2616 qua
1324 2586 1479 2608 admonetur
1492 2587 1520 2607 ut
1534 2584 1638 2607 laboret
1654 2582 1687 2605 ad
1703 2580 1825 2604 Schisma
1837 2576 2023 2602 removendum
2028 2590 2232 2598 .........

549 2638 695 2664 1390-1391
731 2655 938 2663 .........
968 2641 1132 2665 Universitas
1148 2642 1233 2666 Paris.
1251 2642 1277 2665 in
1295 2651 1342 2665 sua
1362 2641 1567 2674 congregatione
1582 2638 1716 2664 concludit
1735 2637 1808 2660 adire
1828 2642 1914 2667 regem
1930 2640 2040 2664 eumque
2055 2630 2188 2656 exhortari
2204 2633 2234 2653 ut

587 2735 654 2761 1391

537 2938 540 2941 ’
577 2954 616 2977 87.

998 2694 1046 2716 pra
1064 2686 1159 2709 unione
1174 2687 1298 2711 ecclesiae
1313 2687 1425 2710 laboret.
1441 2687 1494 2710 Rex
1506 2684 1642 2716 magistris
1658 2682 1791 2706 silentium
1805 2679 1944 2711 imponit..
1956 2695 1972 2705 Α
1991 2695 1997 2701 .
2017 2694 2023 2701 .
2043 2694 2049 2700 .
2068 2693 2075 2700 .
2095 2693 2101 2699 .
2121 2693 2127 2699 .
2147 2692 2153 2703 ,
2168 2692 2180 2703 ,.
2199 2691 2206 2698 .
2225 2691 2232 2698 .

731 2753 937 2761 .........
971 2739 1088 2762 Facultas
1104 2739 1267 2763 decretorum
1287 2740 1371 2764 Paris.
1387 2740 1490 2768 asserit,
1512 2737 1691 2762 desistendum
1710 2743 1767 2758 esse
1787 2734 1821 2757 ad
1840 2736 1945 2763 tempus
1960 2739 1991 2754 ex
2004 2732 2081 2762 parte
2100 2727 2234 2752 Universi-

997 2783 1059 2806 tatis
1073 2792 1088 2806 a
1100 2784 1284 2814 prosecutione
1300 2785 1404 2808 unionis
1417 2783 1543 2808 ecclesiae
1555 2784 1666 2814 propter
1682 2781 1853 2811 praeceptum
1866 2776 1936 2808 regis
1940 2788 2232 2799 ............

729 2850 937 2858 .........
968 2836 1105 2859 Tractatus
1121 2837 1259 2867 cujusdam
1273 2837 1391 2869 theologi
1409 2837 1505 2867 Pariss,
1524 2836 1551 2859 in
1569 2843 1620 2867 quo
1634 2833 1739 2865 probat,
1755 2830 1964 2856 Universitatem
1979 2827 2064 2852 Puris.
2079 2825 2113 2850 ad
2128 2831 2234 2857 semper

998 2883 1023 2903 et
1037 2889 1085 2911 pro
1101 2889 1206 2913 semper
1220 2882 1334 2913 obligari
1347 2883 1380 2906 ad
1393 2881 1605 2914 prosequendam
1620 2878 1742 2902 unionem
1761 2875 1886 2910 ecclesiae
1889 2885 2232 2898 ..............

2283 944 2329 967 586

2282 1090 2328 1114 588

2281 1236 2326 1260 587

2281 1338 2326 1362 587

2281 1440 2326 1464 587

2279 1630 2326 1654 589

2279 1692 2326 1716 589

2279 1750 2325 1774 590

2278 1851 2323 1875 591

2278 1908 2323 1933 591

2278 2006 2324 2030 ⁵⁹2
2348 1989 2354 1993 ’

2278 2064 2324 2088 592

2279 2166 2324 2190 593

2278 2267 2323 2291 593

2277 2413 2324 2437 594

2277 2470 2323 2494 594

2277 2571 2323 2595 595

2276 2673 2322 2697 595

2276 2771 2323 2795 595

2276 2868 2322 2892 595
