2488 3386
211 335 307 372 1379]
977 348 1023 369 DE
1060 347 1301 370 sciltSMATE.
2007 342 2068 373 571

209 421 297 454 dixit
318 420 473 454 finaliter
490 421 587 466 quod
608 420 767 453 nesciret
787 420 880 453 bene
902 420 989 465 quid
1008 420 1277 453 concludere³¹.
1301 420 1370 453 Sed
1393 421 1428 453 in
1450 421 1512 454 illo
1529 430 1722 462 momento,
1742 430 1929 468 antequam
1953 424 2070 457 dictus

210 494 329 521 rector
351 488 550 527 recederet,
580 494 615 520 et
643 487 729 520 dicti
757 486 897 527 decani,
919 493 1174 531 procuratores
1196 493 1230 519 et
1257 487 1421 532 magistri
1450 488 1632 520 nationum
1655 496 1687 521 et
1716 489 1919 522 facultatum
1943 502 2071 535 surge-

210 561 291 587 rent
317 554 361 587 de
393 554 470 587 suis
498 553 661 594 sedibus,
695 553 854 598 prefatus
885 553 1058 598 magister
1085 553 1248 585 Amelius
1276 553 1320 585 de
1355 553 1491 594 Brolio,
1524 554 1749 587 decretorum
1782 556 1920 597 doctor,
1947 563 2071 589 cantor

211 620 365 654 ecclesie
387 620 613 653 Turonensis
639 626 817 664 tamquam
848 619 1004 652 nuncius
1035 619 1120 652 dicti
1153 619 1290 652 domini
1321 620 1434 652 nostri
1466 620 1602 652 domini
1630 621 1827 654 Clementis
1859 635 1948 667 pape
1969 623 2070 655 Vllmi

213 687 676 731 reverendissimorumque
703 686 740 718 in
766 685 912 719 Christo
934 692 1071 731 patrum
1095 698 1134 718 ac
1155 685 1384 718 dominorum
1408 686 1634 719 dominorum
1664 695 1892 721 sacrosancte
1913 690 2069 721 Romane

212 766 251 787 ac
269 753 487 787 universalis
504 753 659 786 ecclesie
676 752 924 793 cardinalium,
943 752 1223 785 instrumentum
1242 752 1286 785 de
1304 752 1474 785 omnibus
1491 753 1593 794 actis,
1611 754 1725 798 gestis
1743 761 1777 786 et
1797 755 1898 787 sactis
1920 755 1956 787 in
1978 756 2070 787 dicta

212 820 497 865 congregatione
518 831 557 852 ac
579 819 683 852 etiam
706 819 749 851 de
772 819 878 852 dictis
899 818 1225 852 deliberationibus
1247 826 1281 852 et
1302 819 1620 864 responsionibus.
1643 820 1735 853 sicut
1756 821 1985 865 premittitur,
2010 834 2072 866 per

212 886 325 919 dietas
346 886 525 927 nationes,
555 886 713 918 decanos
735 892 768 918 et
794 886 989 931 magistros
1016 885 1223 918 facultatum
1251 885 1383 918 habitis
1411 898 1427 918 a
1456 898 1511 918 me
1534 886 1672 919 notario
1699 886 1844 931 publico
1866 887 2072 932 subscripto

213 959 248 986 et
266 952 309 985 al)
330 952 410 985 aliis
431 952 481 984 ibi
503 951 737 997 presentibus
755 952 824 985 sibi
841 952 919 984 fieri
937 959 971 985 et
987 952 1116 985 confici
1139 952 1240 997 petiit
1256 959 1291 985 et
1307 952 1497 997 requisivit
1513 964 1623 985 unum
1641 952 1697 985 vel
1719 953 1820 998 plura
1837 953 2073 986 instrumenta

213 1019 370 1064 publica.
403 1020 489 1052 Acta
517 1019 663 1051 suerunt
692 1018 758 1051 hec
795 1018 832 1051 in
861 1018 942 1051 loco
971 1018 1179 1064 supradicto
1211 1031 1318 1058 anno,
1350 1018 1563 1056 indictione,
1592 1019 1662 1059 die,
1693 1031 1832 1060 mense,
1866 1019 2073 1064 pontificatu

214 1085 347 1130 quibus
368 1097 490 1130 supra,
509 1084 742 1130 presentibus
763 1085 806 1117 ad
828 1084 894 1117 hec
910 1084 1183 1118 venerabilibus
1206 1092 1238 1117 et
1260 1085 1429 1117 discretis
1446 1085 1533 1117 viris
1551 1083 1734 1130 magistris
1756 1085 1949 1127 Matheo³²,
1971 1088 2075 1119 Petro

215 1152 259 1185 de
291 1152 455 1197 Souclay,
483 1151 646 1185 Johanne
677 1151 720 1184 de
756 1151 926 1192 Marchia,
961 1151 1142 1196 Stephano
1175 1152 1220 1184 de
1251 1151 1348 1184 Saltu
1379 1151 1607 1190 abscondito,
1634 1153 1739 1184 Petro
1770 1153 1813 1185 de
1844 1152 2075 1198 Clemenges,

213 1218 377 1252 Johanne
399 1218 565 1263 Luqueti,
584 1218 621 1250 in
637 1217 775 1251 artibus
797 1218 995 1263 magistris,
1011 1217 1175 1251 Johanne
1197 1219 1338 1250 Danton
1355 1218 1512 1256 seniore,
1532 1225 1564 1251 et
1581 1218 1742 1251 Johanne
1759 1220 1899 1251 Danton
1915 1220 2074 1263 juniore,

215 1285 335 1318 Bricio
357 1284 538 1326 Monachi,
561 1285 712 1317 notariis
734 1284 903 1329 publicis,
927 1291 962 1317 et
986 1284 1154 1329 pluribus
1175 1284 1254 1317 aliis
1276 1284 1431 1317 testibus
1452 1284 1494 1317 ad
1521 1285 1696 1329 premissa
1717 1285 1852 1318 vocatis
1874 1286 2078 1330 specialiter

215 1357 250 1384 et
270 1351 419 1396 rogatis.

305 1418 382 1450 Et³³
400 1429 468 1462 ego
486 1416 711 1451 Guillermus
729 1417 773 1449 de
791 1418 968 1458 Maresco,
991 1416 1182 1462 presbyter
1200 1417 1364 1462 Sagiens.
1384 1417 1476 1449 dioc.
1495 1417 1693 1462 apostolica
1710 1424 1744 1450 et
1764 1418 1941 1462 imperiali
1962 1425 2078 1451 aucto-

217 1477 319 1517 ritate
341 1483 596 1517 Universitatis
618 1483 835 1516 parisiensis
857 1483 1030 1528 curieque
1052 1484 1320 1516 conservatoris
1342 1483 1615 1528 privilegiorum
1638 1484 1891 1529 magistrorum
1916 1491 1947 1517 et
1970 1485 2079 1517 scola-

218 1551 309 1583 rium
332 1550 495 1595 ejusdem
517 1550 693 1591 notarius,
716 1555 777 1583 etc.

306 1619 349 1650 Et
363 1629 432 1662 ego
447 1617 588 1649 Bricius
601 1616 783 1658 Monachi,
802 1616 958 1649 clericus
980 1618 1160 1649 Leonens.
1181 1617 1292 1657 dioc.,
1309 1616 1477 1662 publicus
1492 1617 1690 1662 apostolica
1712 1625 1746 1650 et
1766 1617 1943 1662 imperiali
1965 1624 2081 1650 aucto·

217 1684 319 1717 ritate
341 1684 503 1717 notarius
522 1684 696 1728 curieque
718 1683 934 1716 Parisiensis
949 1684 1106 1728 juratus,
1128 1689 1191 1717 etc.

306 1752 350 1783 Et
377 1762 445 1796 ego
470 1750 654 1784 Johannes
685 1750 853 1791 Borrelli,
881 1750 1038 1783 clericus
1069 1750 1112 1782 de
1144 1751 1273 1783 Sancto
1303 1751 1457 1783 Juniano
1488 1751 1737 1783 Lemoviccns.
1770 1751 1877 1791 dioc.,
1914 1751 2081 1796 publicus

217 1817 428 1850 auctoritate
449 1817 647 1862 apostolica
669 1823 704 1850 et
724 1816 901 1862 imperiali
923 1817 1099 1858 notarius,
1120 1822 1183 1850 etc.

312 1914 447 1946 Originalc
462 1914 487 1937 in
503 1914 581 1938 Areh.
592 1915 659 1943 Vnt„
674 1915 798 1939 Instrum.
810 1915 885 1938 misc.
902 1916 932 1944 D,
948 1915 1021 1938 Fase.
1039 1917 1061 1945 3,
1079 1919 1107 1938 11⁰
1121 1917 1144 1945 9,
1161 1915 1213 1938 div.
1231 1916 1253 1938 1.
1271 1916 1373 1946 Atei-go
1389 1915 1517 1945 inscripta
1528 1918 1567 1937 est
1578 1914 1685 1945 antiqua
1701 1914 1805 1937 rubrica
1821 1922 1886 1945 quae
1902 1923 1991 1945 supra.
2004 1914 2080 1942 Ibid.,

218 1967 284 1982 nrm.
301 1959 338 1987 54,
356 1963 386 1981 n⁰
402 1959 440 1987 19,
458 1958 502 1982 sol.
524 1959 576 1986 157,
596 1959 787 1991 apographum,
808 1959 853 1982 uhi
872 1960 898 1982 in
918 1960 1037 1991 margine
1054 1960 1202 1991 superiori:
1219 1969 1231 1981 α
1245 1959 1380 1989 Originale
1395 1959 1474 1982 habet
1489 1959 1609 1981 dominus
1626 1959 1801 1986 camerarius;
1819 1967 1869 1981 non
1886 1958 1934 1981 suit
1948 1962 2080 1981 ostensum

220 2003 455 2032 umbaxiatoribus,
472 2012 518 2026 nec
534 2007 574 2026 est.
588 2003 751 2036 vid[enduin]
768 2012 788 2026 ».
804 2005 899 2027 Textus
918 2004 944 2027 in
959 2004 1001 2027 his
1018 2004 1199 2027 instrumentis
1216 2012 1266 2027 non
1283 2012 1387 2035 semper
1403 2007 1545 2032 correctuS‚
1565 2003 1695 2034 imprimis
1713 2004 1797 2035 quoad
1814 2003 1932 2031 nomina;
1947 2003 1991 2026 sed
2006 2003 2081 2034 pejus

218 2048 412 2079 apographum.
423 2061 454 2065 --
468 2048 595 2072 Vidimus
611 2048 636 2071 in
653 2048 721 2071 Bibl.
736 2051 789 2071 nat.
806 2049 889 2072 Paris.
905 2057 953 2072 ηις.
970 2049 1015 2072 lat.
1031 2049 1100 2078 1472,
1117 2049 1161 2072 rol.
1177 2049 1226 2081 1-4‚
1240 2049 1288 2071 sub
1305 2048 1411 2071 rubrica
1425 2056 1430 2071 ”.
1449 2056 1459 2071 ((
1477 2048 1558 2079 Copia
1573 2048 1648 2071 litere
1663 2047 1848 2071 Universitatis
1863 2047 1946 2070 Paris.
1964 2047 2043 2070 studii
2060 2056 2081 2070 J).

218 2092 291 2115 Istud
312 2092 435 2117 Vidimus
455 2092 639 2123 complectitur
659 2096 719 2124 post
735 2093 954 2116 introductionem
970 2093 1078 2116 rectoris
1095 2096 1119 2116 ct
1138 2093 1324 2117 Universitatis
1348 2093 1432 2116 solum
1452 2092 1681 2123 congregationem
1702 2092 1761 2115 Maii
1782 2093 1819 2121 24,
1837 2092 1914 2114 finem
1936 2100 2081 2123 congrega-

217 2136 296 2159 tionis
318 2136 379 2159 Maii
400 2137 429 2159 26
451 2139 476 2159 et
497 2140 546 2159 num
571 2137 640 2160 1627.
662 2137 784 2165 Bulaeus,
808 2138 849 2164 IV.
873 2138 927 2166 566,
951 2146 981 2160 ex
1006 2138 1131 2162 Vidimus
1153 2146 1194 2160 un.
1215 2137 1315 2166 eodem,
1336 2137 1388 2160 Jul.
1408 2138 1447 2168 29,
1463 2136 1592 2160 Avenione
1617 2137 1742 2164 consecto,
1766 2136 1834 2167 quod
1852 2135 1931 2158 simul
1953 2140 1990 2158 n0⁵
2011 2136 2080 2164 1624,

218 2181 279 2204 1626
299 2184 324 2204 et
343 2181 403 2204 1627
419 2180 542 2209 continet,
559 2181 603 2204 ubi
619 2184 704 2204 textus
727 2190 778 2204 non
798 2182 950 2204 emendatus
970 2185 995 2205 et
1010 2182 1115 2205 nomina
1138 2182 1295 2205 adulterata.
1315 2181 1454 2210 Avenioue,
1472 2181 1548 2204 Arch.
1567 2181 1598 2203 de
1613 2181 1750 2205 vaucluse.
1767 2180 1830 2203 olim
1850 2180 1935 2202 simile
1957 2180 2081 2204 Vidimus

219 2225 348 2253 exstabat,
365 2233 433 2248 nunc
455 2233 516 2248 vero
533 2226 616 2248 solum
635 2225 818 2257 apographum
840 2234 907 2249 saec.
925 2233 979 2249 xvn
1003 2226 1098 2255 (Fonds
1115 2226 1159 2249 des
1176 2226 1314 2255 Ce'lestins,
1332 2226 1362 2249 11.
1378 2226 1412 2255 4).
1430 2239 1456 2243 ·—
1474 2226 1572 2248 Harum
1588 2224 1820 2255 congregationum
1836 2224 1932 2247 mentio
1952 2224 1981 2247 fit
2001 2232 2081 2255 supra

218 2278 245 2300 p.
263 2270 307 2292 247
323 2272 347 2292 et
363 2270 416 2292 249.

313 2354 334 2376 1.
354 2354 412 2377 Nat.
429 2354 597 2384 Anglieanae.
621 2353 805 2376 determinavit
827 2353 853 2376 in
876 2357 925 2377 art.
949 2357 973 2377 et
995 2354 1143 2377 licentiatus
1163 2357 1203 2377 est
1223 2363 1264 2377 an.
1284 2355 1344 2377 1379
1361 2356 1488 2383 (Auctar.
1505 2353 1640 2381 Clitertul„
1657 2353 1675 2380 I,
1699 2353 1752 2380 421,
1776 2353 1818 2380 2ος
1838 2353 1892 2380 425,
1910 2353 1958 2382 34),
1980 2352 2010 2375 de
2033 2360 2081 2383 quo

220 2397 318 2429 pluries
338 2398 400 2421 ibid.
418 2412 444 2416 —
460 2399 482 2421 2.
501 2399 536 2421 De
552 2398 601 2421 isto
618 2402 642 2421 et
662 2398 831 2429 sequentihus
849 2398 905 2430 jam
921 2398 1020 2429 pluries
1037 2398 1063 2421 in
1082 2399 1210 2423 Chartul.
1228 2399 1286 2422 vid.
1307 2398 1441 2426 Iudicem,
1461 2401 1485 2421 et
1509 2402 1546 2420 „0⁵
1567 2398 1708 2420 1426-1433.
1731 2411 1761 2414 —
1785 2398 1807 2420 3.
1829 2398 1875 2420 An.
1900 2397 1959 2419 1370
1983 2397 2082 2420 haveat.

221 2443 347 2474 Pragcns.
365 2443 502 2471 (Monum.
526 2443 589 2467 hist.
617 2443 742 2467 L'nivers.
759 2443 858 2473 Pray„
880 2443 897 2471 I,
921 2443 984 2473 142),
1007 2443 1169 2475 Parisiisque
1192 2452 1259 2466 anno
1283 2444 1342 2466 1376
1366 2443 1389 2465 in
1411 2446 1459 2465 art.
1483 2442 1630 2464 licentiatus
1654 2445 1692 2464 est
1715 2442 1777 2471 (vid.
1799 2444 1917 2465 Auctar.
1942 2442 2081 2469 Chai-tul„

223 2487 316 2515 l,*500,
335 2488 356 2514 7,
378 2487 426 2516 37).
442 2488 506 2510 -4.
528 2487 577 2510 Ms.
594 2495 598 2510 z
617 2496 628 2509 <‹
647 2487 734 2510 Benue
750 2496 771 2510 ».
787 2501 815 2504 --
829 2489 851 2510 5.
868 2487 925 2510 Vid.
944 2491 995 2509 num
1011 2488 1079 2511 1429.
1100 2501 1125 2505 —
1144 2489 1168 2511 G.
1186 2488 1243 2511 Bul.
1261 2496 1265 2510 z
1286 2497 1298 2508 «
1315 2487 1414 2511 Gerone
1431 2496 1452 2509 υ.
1471 2486 1624 2508 Francisvus
1641 2486 1672 2508 de
1692 2485 1847 2511 Mediolano,
1868 2489 1959 2516 postea
1978 2485 2082 2512 allatus,

223 2531 271 2554 suit
285 2531 348 2554 Ord.
366 2532 506 2554 Servorum
523 2532 550 2554 B.
568 2532 612 2559 M„
628 2540 670 2555 an.
692 2532 751 2554 1372
771 2531 899 2555 scholaris
916 2532 1032 2554 bursalis
1048 2532 1153 2563 collegii
1170 2533 1327 2555 Torum-ens.
1346 2531 1431 2560 (ΑΜ-11.
1451 2530 1572 2554 Univcrs.
1589 2530 1683 2558 Paris„
1699 2530 1773 2552 theca
1793 2530 1820 2557 V,
1843 2530 1873 2553 B.
1893 2530 1914 2553 1.
1936 2531 1980 2558 in),
1997 2530 2083 2552 licent.

222 2575 248 2597 in
263 2575 341 2598 theol,
364 2584 405 2598 an.
425 2576 484 2598 1377
502 2584 515 2598 e
531 2576 617 2600 Calai.
635 2576 727 2600 licent.
740 2590 770 2593 ——
786 2577 807 2599 7.
825 2576 889 2599 Cum
905 2579 990 2599 rector
1006 2585 1018 2599 e
1036 2576 1140 2599 natione
1156 2577 1301 2607 Anglicana
1318 2576 1417 2603 suisset,
1433 2584 1498 2606 quae
1519 2578 1579 2597 tunc
1598 2574 1686 2605 potius
1702 2574 1808 2597 Urbano
1822 2575 1854 2597 Vt
1870 2574 2039 2596 adhaerebat.
2054 2587 2084 2590 —

223 2621 246 2642 8.
259 2619 381 2643 Nationes
397 2619 533 2643 Gallicana
546 2623 571 2643 et
579 2620 763 2644 Normannica.
778 2633 806 2637 —
822 2622 845 2644 9.
859 2621 890 2644 Et
905 2620 1011 2651 quidem
1023 2621 1079 2652 jam
1095 2624 1179 2644 antea.
1192 2635 1216 2638 -
1228 2621 1264 2643 10.
1280 2620 1401 2643 Nationes
1420 2619 1553 2642 Picardica
1569 2622 1594 2641 et
1609 2618 1800 2649 Angli‹·ana.—
1816 2619 1842 2641 11
1873 2618 1998 2642 Vidimus
2016 2618 2083 2640 Bibl.

224 2667 277 2687 nat.
293 2667 354 2694 post
369 2664 587 2687 introductionem
603 2664 644 2687 hic
662 2664 753 2696 incipit
771 2672 776 2687 z
795 2673 805 2688 α
819 2665 946 2688 Yidelieet
961 2665 1030 2696 quod
1047 2674 1115 2688 anno
1131 2674 1145 2688 a
1161 2665 1342 2688 Nativitate....
1358 2664 1382 2686 in
1400 2663 1448 2686 mei
1465 2663 1590 2686 notarii...
1602 2663 1734 2694 presentia
1749 2662 1924 2693 personaliter
1937 2661 2084 2685 constitutis

224 2716 280 2732 ven.
295 2707 359 2730 viris
373 2716 442 2738 mag.
461 2718 483 2736 ι),
499 2712 546 2732 etr.
559 2722 589 2725 —
604 2709 643 2732 12.
655 2708 729 2740 Orig.
745 2712 770 2732 et
781 2717 873 2740 apogr.
887 2717 892 2732 ”.
911 2718 922 2732 (t
936 2709 1005 2732 Vakc
1022 2718 1048 2737 »;
1063 2710 1121 2733 Bul.
1135 2718 1139 2732 z
1158 2718 1168 2732 ·:‹
1187 2709 1258 2732 Bulie
1272 2719 1293 2731 n.
1311 2723 1340 2725 —
1356 2709 1392 2731 13.
1408 2708 1491 2738 Orig.,
1509 2715 1600 2738 apogr.
1617 2710 1642 2730 et
1663 2707 1789 2731 Vidimus
1804 2715 1813 2730 :
1833 2715 1844 2729 (t
1861 2706 1946 2729 tjriski
1962 2714 1987 2733 ));
2005 2706 2062 2728 Bul.
2079 2713 2083 2727 z

224 2761 234 2774 «
248 2752 359 2775 Chi-istri
377 2761 398 2775 ι).
409 2766 440 2769 -
451 2752 488 2776 14.
505 2753 602 2783 Apogr.
617 2760 622 2775 ·.
641 2762 652 2775 α
666 2753 755 2776 Crozie
769 2763 791 2775 n.
804 2767 831 2770 —
844 2754 881 2776 15.
896 2754 947 2776 Iste
958 2756 981 2776 et
993 2762 1103 2785 sequens
1120 2754 1213 2777 desunt
1229 2753 1254 2775 in
1269 2753 1398 2776 Vidimus
1410 2755 1434 2774 et
1451 2752 1530 2782 apud.
1548 2751 1604 2774 Bul.
1614 2765 1644 2768 —
1655 2751 1693 2774 16.
1710 2751 1737 2773 In
1752 2751 1823 2774 Gall.
1839 2751 1943 2774 christ..
1962 2750 2001 2777 IX,
2015 2750 2084 2774 1034.

224 2803 363 2831 perperam
380 2796 516 2825 asseritur,
529 2805 588 2819 eum
599 2805 642 2820 an.
656 2797 716 2820 1374
727 2797 833 2820 obiisse.
850 2810 881 2816 --
903 2798 940 2821 17.
960 2798 1049 2820 Simon
1069 2806 1079 2820 (ι
1094 2798 1219 2822 Garnetot
1239 2806 1260 2825 υ,
1284 2798 1379 2820 decret.
1400 2796 1498 2823 doctor,
1516 2804 1558 2818 an.
1575 2796 1643 2822 1379,
1662 2796 1770 2818 Januar.
1790 2796 1827 2822 24,
1845 2796 1927 2817 sactus
1944 2797 1982 2816 est
2004 2793 2086 2815 abbas

225 2840 254 2863 B.
271 2840 368 2872 Mariae
383 2841 482 2864 Bonon.
499 2841 561 2864 Ord.
580 2841 607 2864 S.
623 2842 688 2872 Aug.
705 2842 778 2872 (Reg,
793 2842 873 2864 Aven.
887 2841 967 2865 Clem.
988 2842 1040 2870 vll,
1061 2843 1112 2866 vol.
1137 2843 1187 2870 XV,
1210 2844 1225 2864 1“,
1249 2841 1326 2870 Cimb).
1351 2841 1470 2863 Mancum
1496 2839 1520 2862 iu
1543 2839 1614 2863 Gall.
1630 2840 1735 2866 christ„
1755 2839 1782 2868 X,
1800 2839 1867 2861 1587.
1891 2852 1918 2855 —
1946 2838 1981 2860 18.
1999 2838 2060 2859 Mss.
2078 2845 2083 2859 2

227 2895 236 2906 (ι
256 2885 343 2907 Benue
365 2894 386 2908 υ.
407 2898 435 2902 -
453 2885 490 2909 19.
512 2886 562 2908 Seu
582 2886 613 2908 de
633 2885 816 2916 Langenstein.
838 2885 922 2916 orig„
943 2894 1035 2917 apogr.
1053 2890 1077 2909 et
1097 2886 1224 2910 Vidimus
1241 2894 1250 2910 :
1270 2894 1280 2908 (t
1298 2885 1390 2908 Rastia
1410 2893 1436 2913 »;
1453 2885 1510 2907 Bul.
1527 2892 1531 2906 z
1552 2894 1564 2905 <z
1580 2883 1671 2907 Gastia
1687 2885 1712 2905 »l
1731 2897 1756 2900 —
1778 2884 1815 2905 20.
1833 2883 1867 2905 De
1887 2890 1936 2912 quo
1960 2881 2036 2904 etiam
2060 2881 2085 2903 in
