2488 3386
463 336 528 368 386
1032 343 1348 367 annTULARmM
1385 342 1573 363 exiveris.
1611 340 1739 362 PARtS.
2223 325 2323 362 [1385

463 420 530 452 lxiiij
547 427 694 445 annorum
710 421 752 446 vel
766 420 848 447 circa.
866 420 1047 446 examinatus
1060 427 1145 452 super
1161 418 1212 451 vij⁰
1225 419 1253 443 et
1268 417 1329 450 viij⁰
1345 416 1472 442 articulis
1488 416 1555 449 ipsis
1570 415 1621 441 sibi
1636 415 1719 447 prius
1733 414 1811 440 lectis
1826 415 1854 439 et
1869 421 1920 447 per
1934 421 2003 439 eum
2019 413 2135 442 auditis,
2149 414 2184 438 ut
2198 412 2321 443 dicebat,

463 468 534 493 dixit
549 470 685 494 contenta
699 468 729 493 in
745 468 827 494 dictis
842 469 968 494 articulis
990 468 1049 494 fore
1068 475 1143 496 vera.
1160 467 1281 492 reddens
1296 473 1412 491 causam
1433 472 1483 490 sue
1504 463 1620 490 scientie
1640 463 1708 496 quia
1725 463 1832 496 plures.
1853 462 1905 496 qui
1920 462 2145 487 assumebantur
2159 461 2195 487 ad
2208 460 2322 487 dietum

463 517 592 542 officium
608 517 783 543 cancellarie.
801 517 871 543 vidit
891 518 998 550 jurare.
1023 518 1056 542 ut
1078 516 1107 541 in
1127 515 1209 541 dictis
1228 514 1356 540 articulis
1375 513 1552 540 continetur.
1570 514 1598 538 et
1617 511 1776 545 specialiter
1790 511 1965 544 magistrum
1984 510 2151 536 Johannem
2171 509 2208 536 de
2222 510 2323 537 Calore

462 565 690 598 predecessorem
711 565 792 591 istius
807 565 977 595 cancellarii,
994 567 1022 591 et
1044 565 1142 598 ipsum
1164 563 1367 590 cancellarium
1388 562 1576 590 modernum.
1598 560 1730 586 videlicet
1752 559 1927 593 magistrum
1949 559 2115 585 Johannem
2137 558 2319 585 Blanchardi.

462 613 626 646 Requisitus
640 613 661 639 si
675 613 744 639 vidit
759 615 903 639 statutum
919 614 948 639 in
964 621 1024 647 quo
1039 613 1206 639 continetur
1222 613 1313 637 forma
1325 610 1486 644 juramenti
1499 610 1535 636 de
1550 616 1610 642 quo
1625 608 1759 642 loquitur
1773 608 1922 636 articulus.
1937 607 2010 634 dixit
2025 608 2105 641 quod
2124 607 2172 637 sic,
2189 609 2218 633 et
2235 608 2276 634 est
2290 608 2322 633 in

462 662 588 695 capitulo
605 662 751 688 Parisiensi
774 663 803 688 in
826 663 900 688 libro
919 662 970 695 qui
990 663 1108 687 vocatur
1127 660 1277 687 pastorale.
1296 660 1493 692 Interrogatus
1508 658 1529 684 si
1548 658 1619 683 vidit
1633 657 1703 683 alios
1718 665 1809 691 quam
1829 657 2008 690 supradictos
2025 657 2135 690 jurare.
2153 656 2227 682 dixit
2241 656 2321 690 quod

462 718 532 739 non,
549 710 596 736 sed
611 711 641 736 in
657 711 771 737 ecclesia
787 711 933 737 Parisiensi
956 712 997 736 est
1011 718 1169 736 commune
1184 709 1307 737 dictum,
1324 708 1391 741 quia
1407 707 1490 733 aliter
1505 715 1565 733 non
1580 706 1808 732 admitterentur
1826 706 1863 732 ad
1881 706 1995 732 dictum
2017 706 2158 735 officium.
2176 705 2230 731 nisi
2244 705 2321 732 face-

461 761 526 785 rent
540 759 653 785 dictum
664 760 914 793 juramentum....

549 807 620 842 lxiii.
643 809 715 834 Item
741 808 876 841 magister
902 808 1044 833 JOIIANNES
1069 815 1104 832 m:
1131 806 1330 834 Kar-:novumn
1358 804 1459 830 doctor
1485 804 1515 829 in
1540 804 1686 837 theologia
1711 803 1868 830 canonicus
1893 803 2008 830 ecclesie
2034 803 2211 833 parisiensis,
2239 803 2322 829 etatis

460 856 533 889 lviijo
548 863 695 882 annorum
711 857 753 882 vel
769 856 851 885 circa,
868 856 1094 882 examinatus....
1111 854 1277 888 Requisitus
1298 855 1410 887 quanto
1426 855 1558 886 tempore
1578 853 1635 879 suit
1655 853 1812 879 canonicus
1831 851 2027 886 prebendatus
2046 851 2172 878 residens
2187 851 2319 882 Parisius,

459 904 531 930 dixit
546 905 625 938 quod
639 913 690 938 per
705 905 741 938 xij
755 912 846 930 annos
861 905 903 930 vel
918 904 1000 930 circa.

547 954 619 980 Item
635 962 720 987 super
736 959 801 979 xxv0
816 954 888 979 dixit
903 953 981 986 quod
1004 952 1125 986 quidam
1148 951 1264 981 Servita,
1281 952 1316 978 de
1331 952 1414 985 quus
1434 951 1554 977 nomine
1569 958 1629 977 non
1644 951 1822 980 recordatur.
1838 951 1893 976 fuit
1912 950 2094 976 bachalarius
2112 949 2167 975 suh
2182 949 2320 982 magistro

458 1002 591 1028 Johanne
606 1002 640 1028 tle
656 1003 764 1032 Calore,
782 1002 975 1036 predecessore
991 1001 1124 1027 moderni
1139 1001 1309 1030 cancellarii,
1327 1008 1386 1034 quo
1407 1000 1577 1026 cancellario
1596 1000 1746 1026 detl'uncto
1770 1000 1829 1033 ipse
1845 999 1951 1025 Servita
1966 998 2052 1032 elegit
2067 998 2120 1024 sibi
2135 1005 2188 1032 pro
2202 998 2320 1025 doctore

459 1051 631 1083 magistrum
648 1051 820 1076 Baldoinum
836 1051 871 1076 de
885 1050 1019 1076 Serbona.
1034 1050 1098 1083 Quo
1113 1050 1212 1077 electo.
1230 1049 1348 1082 quando
1364 1049 1442 1075 venit
1456 1049 1551 1075 dictus
1571 1048 1679 1074 Servita
1702 1048 1737 1074 ad
1761 1047 1912 1074 licenciam
1937 1047 2112 1076 habendam.
2129 1047 2186 1072 fuit
2204 1052 2318 1073 recom-

458 1099 612 1125 mendatus
627 1107 677 1133 per
692 1100 804 1125 dictum
820 1100 993 1132 magistrum
1006 1099 1181 1125 Baldoinum
1201 1098 1277 1124 dicto
1299 1098 1468 1124 cancellario
1487 1099 1516 1124 et
1535 1097 1665 1123 facultati
1687 1097 1842 1130 theologie.
1867 1098 1896 1122 et
1919 1096 2014 1122 dictus
2037 1095 2224 1122 cancellarius
2245 1095 2319 1122 dixit

457 1148 537 1181 quod
558 1148 617 1181 ipse
632 1156 690 1174 non
706 1148 840 1174 transiret
855 1148 908 1173 sub
926 1148 987 1181 ipso
1001 1148 1140 1181 magistro
1156 1147 1304 1174 Baldoino.
1322 1155 1374 1173 nec
1390 1147 1486 1180 ipsum
1507 1146 1679 1174 licenciaret.
1696 1146 1766 1179 quia
1780 1145 1936 1172 bachalarii
1952 1144 2155 1179 predecessoris
2169 1144 2214 1170 sui
2227 1143 2317 1171 debo-

457 1197 527 1222 bant
548 1197 691 1222 licenciati
713 1197 766 1222 sub
787 1197 848 1230 ipso
870 1196 1038 1222 cancellario
1058 1198 1086 1222 et
1107 1203 1167 1222 non
1190 1196 1244 1221 sub
1261 1196 1360 1221 altero.
1383 1195 1417 1221 Et
1433 1195 1559 1221 finaliter
1571 1195 1679 1228 incepit
1694 1196 1723 1220 et
1738 1194 1794 1220 suit
1809 1194 1976 1220 licenciatus
1992 1194 2046 1219 sub
2060 1193 2122 1226 ipso
2136 1193 2315 1219 cancellario.

455 1245 619 1279 Requisitus
633 1246 654 1271 si
670 1246 724 1271 hoc
738 1246 780 1271 est
794 1246 829 1271 de
843 1253 924 1271 more
939 1245 1019 1278 quod
1035 1245 1188 1271 bachalarii
1204 1245 1365 1271 cancellarii
1381 1244 1522 1270 deffuncti
1537 1244 1663 1270 debeant
1677 1243 1804 1276 incipere
1816 1243 1860 1269 vel
1877 1243 2022 1269 licenciari
2042 1242 2096 1268 sub
2113 1248 2271 1268 successore
2285 1241 2317 1268 ln

455 1294 559 1323 ossicio,
576 1294 647 1319 dixit
660 1294 739 1327 quod
755 1302 815 1320 non
830 1296 871 1320 est
885 1294 921 1320 de
936 1302 1026 1323 more,
1044 1302 1096 1320 nec
1114 1294 1199 1320 debet
1214 1294 1286 1323 fieri.
1309 1293 1363 1319 nisi
1385 1293 1453 1319 dicti
1479 1293 1635 1319 bachalarii
1659 1294 1762 1326 sponte
1783 1300 1835 1318 sua
1855 1292 2009 1318 voluerint.
2033 1291 2198 1325 Requisitus
2218 1290 2241 1317 si
2264 1288 2318 1317 scit

454 1343 534 1376 quod
555 1343 648 1369 dictus
669 1343 805 1376 magister
827 1343 982 1368 Baldoinus
1001 1343 1185 1372 consenserit.
1203 1342 1283 1376 quod
1305 1342 1400 1368 dictus
1423 1342 1531 1368 Servita
1552 1341 1640 1368 suerit
1661 1341 1829 1368 licenciatus
1848 1341 1902 1366 sub
1916 1341 1994 1367 dicto
2009 1340 2188 1370 cancellario.
2201 1338 2274 1365 dixit
2288 1345 2317 1366 se

454 1391 543 1417 nichil
558 1392 640 1420 scire:
656 1393 754 1417 tamen
769 1392 800 1417 in
819 1392 914 1425 prima
933 1391 1220 1418 recommendacione
1239 1391 1407 1424 displicebat
1427 1390 1504 1417 dicto
1524 1390 1663 1423 magistro
1686 1390 1835 1416 Baldoino.
1859 1390 2025 1423 Requisitus
2045 1389 2165 1422 quando
2178 1387 2235 1414 fuit
2250 1388 2314 1415 hoc.

453 1440 524 1466 dixit
537 1440 616 1474 quod
630 1440 685 1466 fuit
699 1440 730 1466 in
745 1440 870 1466 secunda
885 1440 1068 1474 expedicione
1083 1440 1209 1474 rigorosa
1225 1441 1297 1466 facta
1313 1448 1363 1473 per
1377 1440 1491 1465 dictum
1505 1439 1712 1466 cancellarium
1729 1440 1762 1464 ut
1777 1439 1829 1465 sibi
1842 1438 1967 1465 videtur.
1986 1438 2151 1471 Requisitus
2165 1437 2316 1471 quomodo

453 1489 504 1515 scit
519 1489 665 1522 premissa.
682 1489 753 1515 dixit
768 1489 847 1522 quod
862 1489 921 1523 ipse
937 1489 992 1515 suit
1007 1497 1168 1523 presens...

539 1537 623 1571 lxiiii.
645 1538 742 1563 Frater
757 1537 904 1567 V1cron³³‚
918 1538 997 1571 prior
1012 1540 1170 1564 conventus
1183 1537 1445 1571 Augustinensium
1460 1537 1557 1566 Paris..
1575 1536 1756 1563 bachalarius
1769 1537 1912 1562 formatus
1925 1536 1957 1562 in
1970 1535 2125 1568 theologia,
2142 1535 2178 1561 de
2195 1535 2315 1561 nacione

452 1585 552 1615 Ytalie‚
568 1586 649 1612 etatis
664 1594 736 1612 xxxv
749 1594 896 1612 annorum
912 1587 955 1612 vel
976 1587 1059 1616 circa,
1075 1586 1256 1612 examinatus
1278 1594 1364 1619 super
1386 1586 1426 1611 lv⁰
1448 1586 1581 1616 articulo,
1598 1586 1671 1611 dixit
1685 1593 1787 1612 verum
1807 1592 1865 1611 esse
1884 1585 2047 1611 secundum
2068 1584 2149 1618 quod
2172 1585 2216 1610 est
2237 1584 2315 1610 fama

452 1635 567 1668 publica
580 1635 609 1660 in
623 1635 811 1661 Universitate
827 1635 985 1664 Parisiensi,
1002 1636 1081 1669 quod
1096 1635 1190 1661 dictus
1202 1635 1388 1661 cancellarius
1403 1635 1482 1661 ultra
1501 1642 1615 1661 morem
1631 1635 1757 1661 aliorum
1772 1634 2012 1660 cancellariorum
2027 1635 2056 1659 et
2070 1633 2314 1659 consuetudinem

452 1684 640 1717 collegiorum
655 1686 683 1710 et
698 1684 774 1709 ultra
789 1684 1031 1710 consuetudinem
1048 1684 1083 1710 dc
1099 1686 1230 1717 tempore
1248 1692 1308 1717 quo
1324 1684 1478 1710 baclialarii
1501 1684 1632 1710 solebant
1652 1685 1725 1709 stare
1747 1683 1777 1708 in
1798 1683 1895 1709 studio
1917 1682 2066 1708 Parisiensi
2088 1683 2152 1716 post
2170 1681 2314 1708 lecturam

451 1732 563 1765 aliquos
577 1732 717 1765 expedivit
734 1732 827 1758 dictus
842 1733 1035 1758 cancellarius.
1058 1733 1222 1766 Requisitus
1243 1733 1263 1758 si
1286 1733 1337 1758 scit
1360 1733 1473 1766 aliquos
1494 1732 1572 1761 tales.
1589 1732 1663 1758 dixit
1686 1732 1766 1766 quod
1790 1733 1869 1766 patet
1883 1732 1914 1757 in
1929 1731 2124 1765 expedicione,
2140 1732 2169 1756 et
2183 1730 2264 1764 quod
2278 1730 2314 1757 de

451 1781 621 1806 nominibus
636 1788 695 1806 non
711 1781 797 1807 habet
814 1782 996 1807 memoriam.
1014 1782 1177 1815 Requisitus
1192 1782 1317 1815 qualiter
1333 1782 1384 1807 scit
1399 1781 1537 1815 predicta.
1554 1781 1704 1814 respondit
1719 1780 1800 1814 quod
1815 1781 1910 1806 dictus
1930 1779 2117 1806 cancellarius
2130 1780 2220 1812 prout
2231 1778 2312 1808 vidit.

450 1830 592 1863 expedivit
604 1829 716 1863 aliquos
729 1830 873 1863 religiosos
889 1838 948 1856 non
964 1832 1150 1863 presentatos.
1167 1838 1219 1856 nec
1231 1831 1266 1856 de
1281 1830 1331 1856 illo
1346 1832 1478 1863 tempore
1492 1830 1710 1863 presentandos.
1727 1829 1893 1863 Requisitus
1905 1829 1957 1863 qui
1973 1830 2042 1854 sunt
2057 1828 2108 1858 illi,
2122 1830 2151 1854 et
2163 1827 2314 1862 quomodo

450 1879 561 1904 constat
576 1878 611 1907 ei,
625 1878 697 1903 dixit
712 1879 791 1911 quod
807 1880 918 1904 constat
933 1879 963 1904 in
978 1879 1148 1912 Cordigeris,
1168 1879 1219 1912 qui
1240 1879 1408 1905 habuerunt
1428 1887 1506 1905 anno
1524 1879 1659 1912 proximo
1683 1879 1822 1912 preterito
1846 1878 1912 1912 iiij⁰¹·
1934 1878 2107 1907 licenciatos‚
2124 1878 2153 1903 et
2171 1877 2263 1903 eciam
2277 1876 2314 1903 de

450 1926 557 1952 Ordine
579 1926 667 1960 ipsius
688 1927 834 1960 loquentis
855 1927 1014 1953 licenciavit
1033 1929 1090 1954 tres
1110 1928 1186 1954 ultra
1209 1928 1462 1958 consuetudinem,
1484 1936 1542 1961 que
1561 1928 1744 1954 consuetudo
1765 1929 1806 1954 est
1828 1927 1908 1961 quod
1929 1934 2008 1952 anno
2029 1925 2162 1960 quolibet
2185 1926 2313 1959 rigoroso

449 1976 601 2009 quodlibet
615 1976 671 2001 tale
683 1976 837 2009 collegium
851 1977 935 2002 debet
950 1977 1055 2003 habere
1068 1985 1164 2002 unum
1179 1979 1378 2010 presentatum
1393 1979 1421 2002 ct
1437 1985 1533 2002 unum
1546 1977 1776 2010 presentandum
1789 1976 1826 2002 ad
1841 1976 1916 2010 plus.
1930 1975 2096 2009 Requisitus
2110 1973 2204 2010 qui[d]
2221 1972 2313 2001 movit
2343 1996 2347 2000 s

448 2023 561 2049 dictum
576 2024 780 2050 cancellarium
794 2025 830 2050 ad
846 2025 909 2054 hoc,
925 2025 997 2051 dixit
1012 2033 1040 2051 se
1054 2025 1194 2051 audivisse
1209 2027 1273 2059 post
1288 2026 1398 2051 sactum
1413 2033 1429 2051 a
1444 2026 1588 2059 pluribus,
1603 2026 1683 2059 quod
1699 2026 1755 2051 fuit
1770 2025 1809 2051 eis
1828 2025 1961 2051 multum
1977 2024 2132 2058 graciosus.
2148 2023 2218 2057 quia
2231 2023 2311 2049 indi-

448 2072 532 2105 gebat
545 2072 692 2106 peccunia,
707 2073 774 2099 alias
790 2074 862 2100 sorte
878 2075 995 2107 propter
1010 2074 1185 2100 bachalarios
1200 2074 1340 2107 graciosos
1355 2074 1406 2107 qui
1428 2074 1575 2100 habebant
1596 2074 1690 2100 bullas
1708 2074 1877 2108 apostolicas
1898 2073 1972 2099 forte
1986 2074 2130 2106 cogentes.
2147 2071 2312 2106 Requisitus

447 2121 468 2147 si
483 2121 534 2147 scit
549 2121 676 2154 aliquem
692 2121 722 2147 in
735 2122 834 2155 specie.
850 2123 901 2156 qui
916 2122 1026 2149 dederit
1041 2123 1093 2149 sibi
1108 2123 1238 2157 aliquam
1254 2123 1434 2156 peccuniam,
1451 2123 1523 2149 dixit
1539 2131 1599 2149 non
1612 2123 1767 2150 recordari.
1784 2123 1820 2149 Et
1836 2123 1922 2156 plura
1937 2122 2010 2148 dixit
2025 2129 2054 2147 se
2069 2120 2180 2148 nescire
2191 2119 2228 2147 de
2239 2126 2311 2147 con—

447 2170 533 2195 tentis
548 2170 578 2195 in
593 2169 670 2196 dicto
683 2171 812 2199 articulo.
828 2179 914 2204 super
929 2172 983 2197 hoc
997 2171 1152 2205 diligenter
1165 2172 1367 2205 requisitus...

535 2219 593 2245 lxv.
614 2219 711 2244 Frater
726 2220 876 2245 Reimarus
893 2219 1067 2249 Porrevrx³³¹,
1083 2221 1263 2246 bachalarius
1284 2222 1425 2247 formatus
1446 2221 1477 2246 in
1497 2221 1652 2255 theologia,
1673 2221 1709 2247 de
1731 2220 1852 2247 nacione
1864 2219 2028 2249 Normanie,
2046 2219 2171 2245 Parisius
2181 2217 2310 2247 studens.

448 2267 531 2292 etatis
545 2267 618 2300 xxxij
633 2275 781 2293 annorum
794 2269 837 2294 vel
853 2269 971 2294 circam.

533 2315 602 2349 lxvj.
625 2316 721 2342 Frater
735 2317 901 2343 Cms'rmxcs
916 2326 952 2343 DE
968 2318 1042 2343 Arm
1058 2318 1154 2347 Rtrrx.
1170 2317 1285 2344 Ordinis
1299 2318 1573 2351 Augustinensium,
1589 2318 1691 2344 doctor
1705 2318 1860 2351 theologie.
1877 2318 1912 2344 de
1928 2317 2048 2343 nacione
2064 2316 2200 2345 Picardie.
2216 2315 2311 2342 senior

448 2364 583 2397 magister
598 2367 756 2391 conventus
770 2366 1031 2398 Augustincnsium
1055 2367 1152 2396 Paris,
1169 2367 1252 2392 etatis
1274 2375 1347 2392 xxxv
1367 2375 1517 2392 annorum
1536 2367 1580 2393 vel
1604 2367 1687 2393 circa.
1705 2367 1895 2393 Examinatus
1973 2373 2060 2399 super
2076 2365 2160 2398 xxxiij
2176 2364 2310 2394 articulo,

447 2412 519 2437 dixit
535 2420 636 2438 verum
651 2421 707 2439 essc
722 2414 801 2446 quod
826 2415 903 2440 misit
924 2415 1001 2441 dicto
1023 2416 1191 2441 cancellario
1214 2423 1266 2449 pro
1287 2416 1398 2449 signeto
1422 2416 1465 2449 xvj
1487 2416 1608 2445 francos,
1632 2424 1664 2442 ac
1687 2416 1879 2442 familiaribus
1900 2415 1969 2441 dicti
1990 2413 2163 2443 cancellarii,
2179 2413 2311 2440 videlicet

448 2461 545 2493 Sigero
558 2462 586 2487 et
601 2461 757 2488 Guillelmo
772 2463 878 2491 Rolins.
893 2464 1011 2489 cuilibet
1025 2464 1096 2490 duas
1112 2465 1191 2490 alnas
1205 2464 1296 2497 panni
1319 2465 1349 2489 in
1364 2464 1410 2490 die
1425 2464 1583 2498 magisterii
1604 2465 1657 2490 sui.
1682 2465 1848 2498 Requisitus
1863 2464 1899 2490 ad
1913 2471 2004 2497 quem
2019 2463 2111 2489 finem
2126 2462 2206 2488 misit
2219 2461 2310 2488 dictos

447 2509 491 2542 xvj
507 2510 626 2539 francos,
643 2511 671 2535 ct
685 2519 737 2543 pro
751 2519 809 2544 qua
824 2519 907 2538 causa
923 2512 1000 2538 misit
1012 2520 1069 2542 eos.
1083 2513 1155 2538 dixit
1170 2513 1249 2546 quod
1266 2513 1343 2538 misit
1358 2521 1405 2538 eos
1419 2521 1472 2546 pro
1485 2514 1606 2547 signeto.
1623 2521 1657 2540 eo
1672 2514 1752 2547 quod
1765 2513 1803 2539 sic
1817 2514 1859 2539 est
1874 2513 2049 2539 consuetum
2065 2512 2095 2537 in
2108 2511 2217 2537 Ordine
2229 2511 2308 2545 ipso—

446 2565 515 2583 rum
531 2559 559 2583 et
573 2558 608 2583 ab
621 2558 742 2591 antiquo
758 2560 828 2584 vidit
849 2562 877 2586 et
899 2560 978 2586 scivit
999 2561 1150 2587 observari.
1168 2562 1241 2587 Item
1257 2561 1413 2594 requisitus
1425 2569 1515 2594 quare
1530 2562 1610 2587 dedit
1624 2562 1716 2591 robas,
1733 2562 1806 2587 dixit
1821 2561 1901 2595 quod
1916 2568 2000 2587 causa
2016 2560 2135 2586 honoris
2149 2560 2178 2586 et
2189 2558 2308 2586 curiali—

447 2606 512 2631 tatis
525 2606 604 2632 dedit
618 2614 672 2636 cas,
687 2608 715 2632 et
729 2607 826 2640 plures
840 2609 907 2634 alias
919 2609 1053 2641 pluribus
1069 2610 1196 2643 personis
1212 2610 1243 2635 in
1257 2609 1303 2635 die
1318 2610 1387 2635 dicti
1402 2610 1560 2643 magisterii
1573 2611 1662 2636 sui....

534 2654 616 2688 lxvij.
638 2656 734 2681 Frater
749 2656 968 2687 GU1L1.E1.xius²‘³³.
992 2658 1071 2690 prior
1093 2658 1259 2684 monasterii
1277 2658 1371 2684 Sancti
1388 2659 1502 2684 Martini
1517 2659 1552 2685 de
1570 2659 1685 2693 Campis
1705 2659 1836 2687 Parisius.
1852 2658 1954 2684 doctor
1967 2658 2122 2691 theologie,
2136 2657 2172 2683 de
2187 2655 2308 2683 nacione

447 2751 566 2777 scolares
581 2752 724 2785 theologie
739 2753 882 2786 incipiunt
898 2762 997 2780 cursus
1011 2757 1039 2780 et
1052 2756 1123 2780 sacta
1139 2763 1189 2780 sua
1206 2755 1259 2780 sub
1272 2755 1451 2783 cancellario,
1466 2757 1494 2781 ct
1509 2756 1600 2782 eciam
1619 2757 1774 2783 bachalarii
1794 2757 1941 2789 recipiunt
1962 2756 2059 2789 ipsum
2081 2756 2112 2780 in
2132 2755 2305 2788 magistrum

446 2800 693 2833 contemplacione
709 2801 820 2831 favoris,
835 2803 863 2827 ct
878 2804 910 2827 ut
924 2803 1033 2828 facilius
1045 2804 1246 2836 expediantur,
1258 2805 1286 2829 et
1299 2803 1367 2836 quia
1381 2803 1480 2829 vident
1495 2805 1574 2837 quod
1587 2805 1719 2831 licenciat
1731 2813 1805 2839 quos
1815 2805 1888 2834 vult,
1901 2806 1929 2830 et
1944 2804 2079 2838 preponit
2093 2805 2145 2829 aut
2157 2800 2306 2838 postponit

445 2856 518 2881 quos
533 2849 604 2878 vult,
628 2857 687 2875 non
708 2850 859 2876 attendens
881 2852 989 2877 meritis
1005 2852 1047 2877 vel
1070 2852 1185 2878 scientie
1206 2859 1396 2885 personarum
1419 2852 1546 2878 illarum.
1570 2855 1735 2887 Requisitus
1759 2854 1781 2880 si
1802 2854 1972 2880 recordatur
1985 2853 2021 2879 de
2035 2853 2134 2886 aliquo
2156 2851 2216 2881 tali,
2233 2849 2305 2877 dixit

446 2897 525 2930 quod
541 2904 600 2923 non
614 2898 643 2923 in
659 2899 758 2931 specie,
773 2899 820 2924 sed
833 2900 1030 2926 communiter
1042 2900 1147 2926 dicitur
1160 2901 1195 2927 de
1209 2901 1347 2926 omnibus
1363 2901 1416 2926 sub
1431 2901 1492 2934 ipso
1507 2901 1713 2935 incipientibus
1725 2905 1754 2929 et
1768 2910 1837 2929 eum
1854 2903 1884 2928 in
1897 2901 2073 2934 magistrum
2088 2900 2302 2935 recipientibus.

568 2946 607 2969 49.
