2488 3386
424 346 488 378 516
1004 354 1320 377 CHARTULARlUM
1355 354 1545 376 UvaERS.
1582 353 1712 375 PARls.
2190 338 2288 375 [1387

425 429 554 462 bularii
586 430 746 470 Francie⁷
775 430 940 474 Hugonis
969 429 1012 462 de
1041 429 1206 470 Saluciis‚
1228 442 1267 462 ac
1290 428 1572 462 reverendorum
1595 428 1631 460 in
1652 427 1798 461 Christo
1825 433 1963 472 patrum
1990 438 2029 458 ac
2058 425 2287 458 dominorum

426 503 631 529 nostrorum
662 496 836 529 Bernardi
867 496 1132 541 Lingonensis¹
1160 503 1194 528 et
1228 495 1384 540 Philippi
1415 494 1692 527 Noviomensis²
1720 494 1975 538 episcoporum
2005 492 2142 525 domini
2173 491 2288 524 nostri

427 563 643 594 Francorum
666 562 764 607 regis
785 562 912 606 prefati
931 562 1223 594 consiliariorum
1248 573 1254 594 :
1278 573 1421 594 necnon
1443 561 1599 606 plurium
1621 560 1772 593 aliorum
1796 559 2038 604 dominorum,
2062 564 2289 590 nostrorum-

427 640 496 673 que
517 629 737 661 notariorum
761 628 988 673 publicorum
1011 628 1300 672 subscriptorum
1319 634 1354 660 et
1374 628 1518 660 testium
1541 627 1631 659 infra
1649 627 1914 659 nominatorum
1932 625 1975 658 ad
1996 624 2062 657 hec
2079 631 2286 657 vocatorum

427 695 632 739 specialiter
654 701 688 727 et
717 701 923 739 rogatorum
951 695 1145 739 presentia,
1170 694 1410 739 personaliter
1436 693 1622 726 constituti
1642 692 1863 726 venerabilis
1884 699 1919 725 et
1938 693 2214 736 circunspectus
2234 690 2289 724 vir

428 762 600 806 magister
614 761 798 794 Johannes
820 762 985 801 Manson,
1004 767 1122 793 rector
1139 760 1394 793 Universitatis
1415 759 1645 800 Parisiensis‚
1664 766 1699 792 et
1718 759 1942 792 reverendus
1964 759 1999 790 in
2021 757 2167 791 Christo
2190 763 2290 802 pater

427 839 465 860 ac
487 827 655 860 dominus
677 827 846 860 dominus
874 827 1061 859 Ferricus³
1090 827 1155 859 Dei
1183 826 1296 870 gratia
1317 826 1634 859 Autisiodorensis
1662 825 1871 870 episcopus,
1894 836 2037 857 necnon
2060 823 2288 863 venerabiles

426 901 461 926 et
481 894 628 926 discreti
649 894 715 926 viri
739 893 899 938 magistri
921 895 1048 926 Petrus
1072 893 1116 925 de
1136 892 1301 934 Ailliaco⁷
1327 892 1539 925 Dominicus
1565 892 1681 933 Parvi7
1704 903 1805 924 sacre
1833 891 2018 936 theologie
2043 891 2287 936 professores,

425 960 619 993 Galtherus
648 960 786 998 Grassi,
815 960 1041 992 decretorum
1072 959 1210 999 doctor,
1232 958 1417 992 Johannes
1441 960 1636 1003 Voygnon7
1659 958 1833 1003 magister
1856 958 1893 991 in
1919 957 2110 998 medicina,
2134 956 2287 989 Michael

425 1027 601 1072 Prepositi
628 1027 788 1066 Francie,
813 1026 1023 1070 Radulphus
1051 1026 1095 1058 de
1121 1025 1212 1058 Tilia
1238 1025 1413 1063 Picardie,
1437 1025 1632 1058 Nicholaus
1654 1025 1816 1057 Pitemen
1842 1024 2050 1064 Normanie,
2074 1030 2108 1056 et
2133 1023 2287 1068 Egidius

424 1094 467 1126 de
487 1093 643 1126 Jutfaes²
667 1092 867 1137 Anglicane
889 1092 1073 1124 nationum
1096 1098 1364 1136 procuratores,
1389 1091 1432 1124 ab
1454 1091 1577 1124 eadem
1599 1091 1840 1124 Universitate
1861 1091 1898 1123 in
1918 1090 1983 1123 hac
2007 1097 2106 1135 parte
2127 1089 2287 1134 deputati

423 1166 457 1192 et
483 1159 681 1199 commissi,
711 1159 827 1191 eidem
854 1158 1001 1190 domino
1032 1165 1157 1191 nostro
1186 1158 1263 1203 regi
1292 1170 1356 1203 per
1381 1170 1556 1202 organum
1588 1157 1716 1203 prefati
1746 1157 1909 1202 magistri
1937 1157 2032 1189 Petri
2063 1157 2107 1189 de
2134 1156 2286 1189 Ailliaco

421 1226 590 1258 dixerunt
615 1232 650 1258 et
674 1231 932 1270 exposuerunt7
956 1225 1054 1269 quod
1082 1225 1152 1269 ipsi
1179 1225 1223 1257 ad
1249 1225 1404 1257 eundem
1432 1225 1618 1257 dominum
1647 1231 1811 1257 nostrum
1844 1236 1966 1269 regem
1995 1236 2036 1256 ex
2064 1230 2163 1269 parte
2192 1223 2286 1256 dicte

423 1292 676 1325 Universitatis
693 1304 757 1336 pro
775 1292 883 1324 certis
905 1291 1063 1336 negotiis
1084 1292 1197 1336 ipsam
1216 1291 1452 1336 tangentibus
1469 1298 1501 1324 et
1524 1303 1588 1336 pro
1606 1291 1848 1336 responsione
1865 1290 2028 1324 habenda
2049 1303 2067 1323 a
2085 1289 2286 1323 reverendo

421 1365 518 1403 patre
539 1358 686 1391 domino
708 1358 946 1398 Guillermo⁵‚
972 1358 1016 1390 de
1038 1357 1175 1391 Ordine
1196 1359 1343 1396 fratrum
1366 1358 1635 1391 Predicatorum
1666 1369 1730 1391 seu
1755 1357 2012 1397 Jacobitarum,
2036 1369 2177 1390 necnon
2204 1368 2286 1402 pre—

419 1426 478 1458 fati
508 1425 643 1457 domini
675 1425 790 1457 nostri
825 1425 922 1469 regis
949 1425 1173 1465 consessore,
1204 1425 1377 1469 episcopo
1406 1424 1634 1465 Ebroicensi‚
1664 1425 1708 1457 de
1737 1431 1772 1457 et
1803 1436 1914 1469 super
1941 1423 2157 1468 quibusdam
2186 1423 2286 1456 salsis

420 1491 720 1524 conclusionibus
750 1490 984 1535 tangentibus
1016 1490 1120 1523 fidem
1154 1503 1218 1536 per
1247 1491 1365 1536 ipsum
1396 1492 1606 1536 episcopum
1644 1491 1903 1524 Ebroicensem
1936 1490 2086 1536 prolatis
2116 1497 2151 1523 et
2180 1489 2287 1523 dictis

420 1558 587 1591 destinati
617 1558 776 1597 fuerant3
807 1558 942 1590 idcirco
973 1564 1162 1602 antequam
1192 1558 1236 1590 ad
1266 1558 1333 1590 alia
1363 1558 1509 1603 negotia
1540 1565 1575 1591 et
1603 1558 1692 1591 facta
1723 1557 1886 1603 predicte
1918 1557 2186 1598 Universitatis,
2216 1568 2286 1601 que

418 1625 533 1657 eidem
557 1625 703 1657 domino
726 1631 850 1657 nostro
874 1625 962 1668 regi‚
990 1631 1024 1657 et
1051 1624 1087 1656 in
1116 1625 1195 1669 ejus
1220 1637 1259 1657 ac
1285 1625 1430 1657 consilii
1452 1625 1508 1657 sui
1537 1625 1719 1670 presentia
1741 1636 1923 1669 exponere
1944 1623 2137 1664 habebant,
2159 1635 2286 1668 proce-

418 1692 545 1724 derent
566 1691 712 1723 nomine
735 1691 827 1723 dicte
850 1691 1118 1732 Universitatis7
1143 1691 1276 1724 dictum
1300 1692 1509 1737 episcopum
1534 1691 1794 1724 Ebroicensem
1817 1693 1995 1724 instanter
2016 1689 2287 1735 requisiverunt

419 1758 542 1803 prefati
572 1758 730 1802 deputati
759 1769 823 1802 per
844 1770 1019 1802 organum
1048 1758 1225 1803 sepedicti
1253 1758 1417 1803 magistri
1446 1758 1541 1791 Petri
1570 1758 1614 1791 de
1639 1758 1807 1798 Ailliaco,
1835 1764 2014 1802 quatenus
2040 1757 2076 1789 in
2105 1755 2285 1801 presentia

418 1825 554 1857 domini
576 1825 690 1857 nostri
719 1825 831 1869 regis,
858 1831 893 1856 et
920 1825 1139 1869 prefatorum
1167 1825 1395 1858 dominorum
1420 1832 1455 1858 et
1479 1825 1639 1858 omnium
1662 1824 1814 1858 aliorum
1841 1824 1975 1857 ibidem
1999 1823 2229 1856 existentium
2252 1828 2287 1855 et

417 1891 639 1936 presentium
670 1891 850 1935 predictas
878 1891 1136 1924 conclusiones
1164 1903 1228 1936 per
1255 1892 1373 1936 ipsum
1403 1891 1560 1937 prolatas
1582 1898 1617 1924 et
1643 1892 1756 1924 dictas
1782 1898 1950 1936 tanquam
1981 1889 2070 1923 male
2099 1896 2134 1922 et
2162 1895 2286 1922 contra

418 1958 523 1990 tidem
546 1964 581 1990 et
600 1958 784 1990 veritatem
808 1957 921 1990 dictas
948 1965 983 1990 et
1012 1965 1184 1991 sonantes
1211 1970 1381 1991 revocare
1402 1958 1524 1998 vellet,
1552 1965 1660 2003 prout
1687 1959 1805 1991 facere
1834 1956 2024 1990 tenebatur
2045 1963 2079 1989 et
2108 1956 2195 1989 alias
2226 1967 2286 1989 eas

418 2036 586 2057 revocare
614 2024 841 2069 promiserat.
865 2024 933 2066 Qui
965 2024 1109 2069 quidem
1139 2025 1336 2070 episcopus
1365 2025 1600 2058 Ebroicensis
1629 2037 1701 2057 non
1730 2031 1889 2065 coactus,
1917 2036 1990 2056 non
2011 2023 2197 2063 seductus7
2220 2022 2285 2055 sed

418 2091 561 2135 propria
582 2090 766 2123 voluntate
788 2102 851 2123 sua
873 2097 992 2124 motus
1014 2091 1195 2135 predictas
1217 2091 1475 2124 conclusiones
1498 2104 1561 2136 per
1583 2092 1715 2136 ipsum,
1740 2092 1792 2124 sic
1814 2098 1851 2123 ut
1872 2091 2103 2136 premittitur,
2129 2089 2286 2134 prolatas

418 2164 450 2190 et
473 2157 585 2190 dictas
607 2157 788 2190 revocavit
808 2157 916 2190 modo
939 2164 973 2190 et
999 2158 1111 2190 forma
1134 2158 1315 2191 contentis
1343 2159 1380 2191 in
1406 2158 1557 2203 quadam
1586 2158 1731 2203 papirea
1752 2157 1893 2198 cedula,
1921 2169 2025 2202 quam
2056 2156 2189 2189 ibidem
2217 2155 2285 2189 alta

419 2231 449 2256 et
473 2223 694 2268 intelligibili
715 2236 802 2256 voce
825 2224 868 2256 de
889 2224 1001 2257 verbo
1023 2224 1066 2256 ad
1087 2224 1236 2257 verbum
1259 2224 1360 2270 legit,
1384 2226 1488 2269 cujus
1510 2225 1615 2258 etiam
1637 2232 1742 2258 tenor
1763 2224 1844 2257 talis
1866 2230 1945 2256 est:

506 2314 565 2347 Ego
586 2314 771 2343 Guillelmus,
789 2314 967 2340 Ebroicensis
982 2315 1143 2348 episcopus,
1161 2315 1236 2341 male
1257 2317 1365 2345 motus.
1383 2315 1548 2341 inconsulte
1562 2317 1592 2341 et
1611 2315 1687 2341 male
1705 2315 1893 2344 informatus,
1910 2313 1969 2339 dixi
1989 2313 2059 2339 alias
2074 2312 2286 2346 propositiones

418 2371 475 2397 que
501 2364 648 2389 secuntur.
670 2363 705 2387 Et
725 2363 819 2395 primo
847 2363 927 2396 quod
949 2363 1124 2389 Universitas
1146 2364 1309 2390 Parisicnsis
1328 2365 1556 2398 condempnavit
1577 2364 1663 2390 istam
1683 2363 1913 2397 propositionem
1931 2371 1936 2388 :
1959 2372 1971 2386 «
1990 2362 2088 2387 anima
2110 2361 2285 2387 intellectiva

418 2414 460 2438 est
472 2412 645 2437 immortalis
661 2422 685 2435 n.

507 2461 579 2485 Item
594 2460 651 2484 dixi
667 2460 746 2492 quod
763 2460 973 2493 propositiones
994 2461 1091 2494 alique
1111 2462 1306 2488 condemnate
1328 2463 1449 2488 suerunt
1470 2470 1521 2495 per
1543 2462 1767 2488 Universitatcm
1787 2468 1845 2494 que
1865 2462 1935 2486 sunt
1954 2468 2018 2486 vere
2037 2462 2066 2486 et
2085 2460 2235 2489 catholice,
2256 2461 2285 2486 et

420 2509 499 2542 quod
514 2509 651 2534 auderem
667 2516 712 2534 eas
723 2509 869 2541 predicare
883 2511 908 2534 et
925 2509 1120 2542 dogmatizare
1137 2518 1235 2536 coram
1250 2519 1316 2544 rege
1331 2511 1375 2537 vel
1388 2519 1463 2545 papa
1478 2513 1529 2536 aut
1543 2511 1612 2536 alias
1624 2511 1806 2543 ubicunque.

508 2558 580 2583 Item
595 2557 668 2582 (lum
684 2557 822 2582 dominus
841 2558 992 2590 episcopus
1011 2559 1254 2585 Autisiodorensis
1268 2560 1404 2586 ultimate
1423 2560 1575 2593 proposuit
1590 2567 1689 2586 coram
1705 2567 1781 2592 rege,
1800 2558 1898 2584 iddem
1919 2558 2020 2591 repetii
2035 2558 2158 2583 dicendo
2175 2566 2181 2583 ε
2201 2567 2214 2581 «
2229 2557 2285 2584 hoc

419 2606 476 2631 dixi
489 2607 517 2631 ct
532 2606 627 2631 adhuc
640 2605 713 2632 dico.
730 2608 758 2631 ct
773 2606 951 2638 predicarem
966 2615 1064 2632 coram
1078 2615 1161 2641 papa,
1178 2610 1206 2634 et
1222 2608 1330 2634 faciatis
1345 2617 1392 2635 me
1408 2609 1556 2634 conveniri
1569 2608 1689 2641 quando
1703 2607 1861 2635 volueritis.
1879 2609 1907 2632 et
1922 2607 1995 2632 hene
2014 2614 2062 2632 me
2076 2606 2252 2632 deflendam.
2269 2616 2283 2630 »

509 2656 581 2679 ltcm
597 2654 654 2679 dixi
670 2654 760 2686 quod,
777 2654 847 2679 sicut
867 2655 968 2687 viginti
983 2656 1065 2681 octos·
1085 2657 1216 2689 magistri
1231 2657 1262 2682 in
1278 2658 1424 2690 theologia
1443 2657 1641 2683 Universitatis
1657 2656 1742 2682 Paris.
1764 2656 2052 2688 condempnaveraut
2075 2655 2285 2689 propositiones

420 2705 455 2730 (le
480 2704 657 2731 Montesono,
683 2703 721 2727 ila
746 2705 825 2728 crant
850 2704 950 2735 viginti
975 2706 1040 2730 octo
1061 2705 1096 2731 (16
1117 2705 1225 2731 Ordine
1248 2708 1356 2734 nostro.
1381 2706 1513 2732 videlicet
1539 2706 1574 2731 de
1595 2705 1758 2739 majoribus
1782 2706 1810 2730 et
1829 2704 2053 2730 solemnioribus
2070 2704 2177 2730 clericis
2196 2703 2285 2730 totius

423 2752 537 2780 mundi,
554 2752 605 2784 qui
617 2759 680 2776 cam
696 2752 935 2784 approbaverant.
953 2755 980 2778 ct
995 2754 1032 2779 sic
1048 2756 1179 2786 poteram
1193 2762 1238 2780 eas
1251 2755 1411 2788 approhare
1424 2757 1452 2780 et
1466 2755 1623 2788 predicare.

509 2802 581 2826 Item
596 2800 693 2825 addidi
709 2802 737 2825 ct
751 2800 809 2825 dixi
826 2801 905 2833 quod
921 2802 1051 2834 magistri
1068 2803 1265 2829 Universitatis
1281 2803 1443 2829 Parisiensis
1458 2811 1518 2829 non
1534 2803 1737 2837 intelligebant
1752 2803 1917 2829 doctrinam
1933 2803 2024 2829 sancti
2036 2803 2056 2828 T
2059 2803 2157 2828 home.

508 2850 567 2882 J'ay
583 2856 669 2875 vcuec
684 2849 709 2873 la
725 2850 857 2874 sentence
871 2849 905 2875 dc
921 2850 947 2874 la
963 2850 1067 2876 saculte
1082 2851 1117 2877 de
1130 2850 1285 2885 theologie,
1300 2851 1464 2886 approuve'e
1479 2854 1508 2878 et
1523 2853 1680 2878 soustenue
1696 2859 1748 2885 par
1762 2849 1943 2877 l'Universitc
1958 2852 1994 2877 de
2009 2852 2096 2881 Paris,
2113 2853 2141 2877 ct
2156 2851 2232 2877 aussi
2247 2851 2282 2877 de

422 2898 626 2931 monscigneur
637 2897 777 2930 l'evesque
789 2897 823 2922 dc
838 2898 922 2927 Paris,
934 2898 1047 2925 ‹lonncc
1060 2901 1159 2926 contre
1171 2902 1308 2934 quatorze
1321 2901 1504 2927 conclusions
1519 2901 1608 2927 dictes
1623 2902 1651 2926 et
1663 2899 1812 2926 affermees
1826 2908 1879 2933 par
1894 2898 1966 2926 frere
1981 2900 2073 2926 Jehan
2086 2900 2122 2926 de
2137 2900 2280 2928 Montson.
