2488 3386
201 312 295 349 1383]
966 325 1012 346 DE
1048 324 1289 346 scmsnm'rn.
1999 315 2062 347 589

202 427 343 466 1649.
372 437 501 463 Urbanus
522 438 560 463 VI
574 436 725 462 Guillermo
743 436 778 462 de
794 435 975 470 Salvarvilla,
994 445 1008 462 «
1028 435 1202 461 cancellario
1219 435 1285 461 eccl.
1303 436 1411 470 Paris.,
1430 436 1458 461 in
1478 445 1503 461 s.
1517 436 1628 471 pagina
1645 436 1791 471 magistro,
1810 436 1968 472 apostolice
1984 437 2062 462 sedis

286 486 387 512 nuncio
408 495 432 521 1»,
452 485 574 521 injungit
590 489 620 511 ut
635 485 766 519 Roberto,
787 484 853 510 olim
874 486 931 510 XII
947 486 1046 520 Apost.
1065 484 1145 510 card.
1163 484 1313 519 (Clementi
1334 485 1393 518 VII)
1417 485 1445 509 in
1465 485 1578 510 ciuitate
1595 488 1621 510 et
1637 484 1761 511 dioecesi
1783 485 1930 511 Leodiens.
1949 485 2061 511 adhae-

285 538 378 561 rentes
395 535 456 560 suis
474 534 574 567 officiis
594 537 622 560 et
641 533 787 568 beneficiis
803 534 894 569 privet
914 542 1018 568 eosque
1038 537 1167 559 amoveat
1183 537 1321 568 tanquam
1342 533 1501 559 haereticos
1523 537 1550 558 et
1568 533 1777 559 schismaticos.
1795 535 1859 560 Dat.
1878 535 1968 561 Rome
1983 535 2062 568 apud

286 584 312 610 S.
330 584 450 610 Petrum
464 584 521 609 kal.
539 584 618 613 Dec.,
634 583 822 617 pontificatus
835 582 926 608 nostri
942 590 1020 608 anno
1035 582 1149 616 quinto.
1170 593 1183 606 κ
1198 582 1242 608 Ad
1257 582 1440 608 audienciam
1456 584 1586 608 nostram
1600 593 1624 608 n.

1422 666 1496 696 1382,
1513 667 1628 693 Decemb.
1645 668 1663 696 1,
1677 668 1777 693 Romae.

288 756 350 787 Reg.
366 756 424 779 Vnt.
438 755 539 779 Urbani
556 756 597 784 VI,
613 759 642 778 n⁰
657 755 712 783 310,
730 755 775 778 sol.
797 755 864 778 28511.
882 754 959 783 lbid.,
976 755 1021 778 sol.
1038 756 1082 777 288
1098 758 1123 778 et
1138 755 1205 784 28911,
1226 755 1292 778 duae
1310 755 1377 778 aliae
1392 755 1520 786 epistolae
1536 755 1567 778 de
1586 755 1677 778 eodem
1693 758 1847 786 argumento
1863 758 1888 778 et
1907 755 1956 777 sub
1972 755 2062 778 eadem

194 799 321 830 temporis
343 803 405 823 nota
425 802 537 828 exstant,
553 799 667 823 directae
687 799 771 822 eidem
796 799 967 823 cancellario
988 799 1050 823 eccl.
1073 800 1178 827 Paris„
1201 808 1259 822 cum
1279 802 1367 822 tamen
1387 800 1544 823 Guillelmus
1561 800 1646 822 solum
1667 803 1757 822 cantor
1777 799 1840 822 eccl.
1860 799 1944 822 Paris.
1960 799 2060 827 suisset,

195 852 246 876 qua
263 844 380 867 cantoria
395 844 525 875 tuncjam
542 844 663 875 privatus
684 847 740 869 erat
756 844 818 873 (vid.
833 852 861 875 p.
878 845 931 870 290,
949 847 1003 867 not.
1020 844 1051 873 l).
1071 844 1130 867 Fuit
1145 844 1347 867 archidiaconus
1368 844 1527 867 Brabantiae
1544 844 1570 867 in
1587 844 1648 867 eccl.
1665 844 1811 872 Leodiens„
1829 844 1861 866 ad
1877 852 1954 874 quem
1970 843 2063 867 Gerar-

194 889 243 911 dus
265 888 353 917 Groet,
373 888 436 911 olim
456 888 540 911 schol.
561 888 655 917 Paris„
678 888 822 919 epistolam
841 889 873 912 de
893 888 1046 912 Schismate
1065 887 1160 911 direxit
1178 888 1252 916 (Cod.
1270 889 1328 912 Vat.
1349 889 1395 912 lat.
1416 889 1487 918 4027,
1511 889 1555 912 sol.
1580 889 1639 921 1375
1660 889 1729 911 Bibl.
1747 896 1816 911 caes.
1838 888 1984 911 Vindobon.
2012 896 2061 911 ins.

194 933 239 956 lat.
255 931 325 962 4923,
342 933 387 956 fol.
405 933 469 963 192).
488 934 536 956 An.
553 933 621 961 1385,
638 933 703 956 Nov.
720 933 756 961 17,
771 933 827 964 jam
843 932 981 956 defunctus
995 936 1059 956 erat.
1071 933 1130 957 Vid.
1146 933 1224 956 Arch.
1238 937 1291 956 nat.
1304 933 1388 957 Paris.
1404 934 1436 956 M.
1454 935 1492 961 75,
1507 938 1535 956 n‘¹
1551 933 1604 957 131.

199 1096 339 1133 1650.
363 1114 377 1131 ‹
393 1104 559 1131 Declaratio
582 1105 780 1131 Universitatis
793 1104 970 1130 Parisiensis
986 1113 1000 1130 x·
1013 1113 1066 1140 pro
1085 1103 1224 1130 Clemente
1243 1105 1301 1130 VII.

1390 1183 1462 1212 1383,
1477 1182 1611 1208 Februarii
1622 1183 1647 1212 3,
1664 1182 1777 1208 Parisiis.

282 1270 472 1304 Universis
494 1270 630 1304 Christi
650 1270 822 1303 fidelibus
844 1277 1072 1303 sacrosancte
1100 1270 1254 1303 ecclesie
1285 1270 1408 1303 matris
1429 1277 1554 1303 nostre
1575 1270 1660 1303 filiis
1682 1277 1717 1303 et
1736 1270 1928 1315 alumpnis,
1951 1283 2062 1303 unum

192 1337 321 1378 Deum,
342 1348 453 1369 unum
474 1337 682 1378 Dominum,
706 1349 809 1369 unam
834 1336 954 1378 fidem,
973 1337 1194 1381 unicumque
1215 1336 1405 1382 baptisma,
1433 1336 1469 1369 in
1491 1336 1624 1381 quibus
1647 1336 1847 1369 orthodoxe
1869 1337 2062 1382 discipline

192 1403 329 1436 residet
352 1403 564 1436 intemerata
588 1409 768 1436 structura
801 1410 834 1436 et
860 1403 1014 1436 formula
1037 1403 1317 1444 credendorum,
1344 1402 1552 1436 tenentibus
1584 1403 1815 1445 inconcusse,
1844 1404 2062 1437 parisiensis

192 1469 430 1511 Universitas,
449 1469 691 1514 primogenita
705 1470 907 1503 studiorum
926 1470 963 1502 in
980 1476 1170 1515 tetragono
1185 1470 1384 1502 celebrium
1403 1470 1649 1502 doctrinarum
1667 1470 1825 1511 fundata,
1845 1470 1881 1502 in
1898 1470 2061 1515 apicibus

191 1536 276 1569 fidei
297 1548 315 1569 a
336 1536 392 1569 sui
414 1536 563 1569 exordio
584 1536 760 1569 hactenus
782 1536 960 1569 stabiliter
982 1537 1148 1578 radicata,
1174 1543 1302 1569 terram
1331 1537 1408 1569 suis
1428 1536 1617 1581 ymbribus
1640 1537 1825 1581 saporosis
1847 1537 1890 1569 ad
1914 1538 2060 1570 modum

191 1602 292 1636 ssuvii
313 1603 471 1648 paradisi
491 1603 650 1648 irrigans
672 1603 893 1644 universam,
914 1603 1090 1636 limitibus
1111 1603 1273 1636 veritatis
1295 1603 1546 1636 indesinenter
1568 1603 1761 1645 adherens,
1786 1603 1943 1648 singulis
1963 1604 2062 1637 salsi-

190 1669 335 1714 graficis
361 1669 612 1714 supplantatis,
637 1669 778 1702 scibilia
798 1676 926 1702 cuncta
948 1669 1103 1702 sorbens
1125 1670 1218 1711 aliis,
1242 1669 1655 1714 habundantissimeque
1677 1670 1897 1714 rependens,
1920 1682 2060 1703 morum

190 1736 419 1777 naturalium,
438 1736 736 1769 intellectualium
760 1743 795 1769 et
816 1736 1003 1769 moralium
1022 1743 1150 1770 tenens
1173 1737 1351 1778 dextrum,
1370 1736 1635 1781 eliminansque
1653 1737 1855 1778 sinistrum,
1874 1749 1946 1769 non
1964 1737 2061 1770 deci-

191 1802 282 1835 dens
298 1803 335 1835 in
355 1803 531 1844 adversis,
546 1803 582 1835 in
604 1803 791 1847 prosperis
812 1803 949 1848 absque
967 1804 1094 1836 timore
1112 1804 1329 1848 perdurans,
1346 1804 1428 1836 fons
1448 1803 1518 1836 sibi
1540 1803 1793 1848 proprius,cui
1811 1816 1883 1836 non
1900 1816 2061 1837 commu-

190 1869 286 1902 nicat
310 1868 463 1910 alienus,
487 1869 637 1914 gratiam
666 1875 701 1902 et
730 1882 902 1911 amorem,
930 1870 1167 1903 reverentiam
1197 1877 1232 1903 et
1261 1870 1435 1903 honorem
1468 1870 1504 1902 in
1536 1870 1683 1902 salutari
1714 1882 1898 1915 supremo,
1922 1870 1958 1902 in
1988 1883 2059 1915 quo

190 1936 350 1969 omnium
373 1936 609 1981 singulariter
629 1942 685 1969 est
704 1948 788 1969 vera
809 1937 940 1969 salus¹.
963 1938 1093 1970 Notum
1122 1937 1234 1982 igitur
1260 1937 1411 1970 facimus
1433 1949 1498 1982 per
1518 1943 1710 1982 presentes
1732 1935 1901 1969 omnibus
1928 1942 1963 1968 et
1986 1936 2060 1968 sin—

190 2002 287 2047 gulis
307 2002 538 2047 presentibus
560 2002 694 2047 pariter
712 2009 747 2035 et
762 2003 894 2036 futuris
915 2003 979 2036 has
1000 2010 1143 2036 nostras
1163 2003 1302 2036 litteras
1322 2004 1544 2048 inspecturis
1564 2003 1662 2048 quod
1683 2003 1719 2035 in
1740 2003 1890 2036 veritate
1912 2002 2059 2035 scienda

190 2069 351 2114 plenarie
373 2069 553 2102 scismatis
574 2069 611 2101 in
632 2069 785 2101 ecclesia
807 2076 928 2102 sancta
950 2070 1029 2111 Dei,
1052 2070 1164 2114 proch
1185 2070 1302 2111 dolor,
1326 2077 1395 2103 tam
1418 2070 1589 2102 diuturne
1605 2069 1777 2114 vigentis,
1797 2075 1831 2101 et
1852 2069 2059 2101 diuturnius

191 2135 406 2180 disponatur
427 2135 571 2176 durare,
596 2135 667 2168 nisi
689 2135 858 2168 dominus
879 2137 986 2169 Jesus
1008 2136 1176 2170 Christus
1202 2137 1357 2169 ecclesie
1385 2149 1494 2170 verus
1516 2148 1675 2181 sponsus
1698 2147 1824 2168 manus
1850 2135 2060 2180 apposuerit

189 2202 398 2247 adjutrices,
412 2202 699 2247 interposuimus
711 2202 810 2235 vices
824 2209 966 2235 nostras
980 2210 1150 2247 quantum
1167 2203 1350 2248 potuimus
1366 2203 1541 2243 essicaees,
1557 2202 1674 2234 modis
1689 2202 1821 2234 nedum
1838 2201 2057 2246 patentibus,

190 2269 255 2301 sed
276 2269 442 2310 secretis,
460 2268 593 2301 nedum
615 2280 728 2313 penes
750 2269 949 2313 proximos,
967 2269 1032 2301 sed
1052 2269 1290 2314 longinquos,
1309 2270 1441 2302 nedum
1464 2281 1577 2314 penes
1598 2268 1828 2308 favorabiles,
1848 2268 1913 2300 sed
1934 2268 2059 2301 adver-

190 2346 265 2376 sos,
287 2335 420 2368 nedum
443 2347 556 2380 penes
576 2334 743 2376 clericos,
767 2335 832 2368 sed
857 2335 1045 2380 plebanos,
1069 2336 1201 2368 nedum
1228 2348 1340 2380 penes
1362 2335 1536 2376 Gallicos,
1560 2335 1625 2368 sed
1645 2335 1805 2367 Ytalicos
1828 2341 1862 2367 et
1887 2334 2058 2367 Lonibar—

190 2401 269 2442 do'S,
291 2402 425 2434 nedum
447 2413 560 2446 penes
583 2401 750 2434 dominos
772 2402 986 2443 cardinales,
1009 2403 1052 2434 ad
1074 2414 1166 2447 quos
1188 2403 1224 2434 in
1246 2402 1402 2435 solidum
1425 2408 1574 2447 spectat,
1593 2402 1658 2434 sed
1680 2401 1783 2434 etiam
1807 2412 1920 2446 penes
1941 2401 2055 2442 civcs;

190 2475 224 2502 et
253 2468 408 2501 finaliter
437 2468 607 2501 omnibus
634 2468 856 2512 ponderatis,
886 2469 1116 2501 concorditer
1140 2469 1346 2502 invenimus
1379 2468 1706 2508 Bartholomcum²,
1738 2467 1823 2499 olim
1859 2468 2057 2500 Barenseln

189 2534 515 2579 archiepiscopum,
544 2535 581 2567 in
609 2535 695 2567 sede
721 2535 919 2579 apostolica
950 2547 1013 2580 per
1040 2535 1318 2580 impressionem
1348 2535 1524 2568 notoriam
1555 2535 1734 2567 intrusum
1764 2541 1798 2566 et
1826 2534 1964 2566 nullum
1995 2546 2058 2578 per

189 2613 419 2646 consequens
440 2601 477 2634 in
497 2607 627 2646 papatu
643 2602 705 2646 jus
726 2601 858 2634 habere
880 2609 940 2634 aut
960 2602 1064 2634 etiam
1086 2602 1272 2643 habuisse,
1291 2602 1475 2635 dominum
1493 2613 1579 2635 vero
1601 2601 1825 2634 Clementem
1843 2600 2057 2633 electionem

189 2668 397 2712 canonicam
418 2667 591 2700 habuisse
612 2674 647 2701 et
667 2680 731 2713 pro
753 2680 839 2702 vero
862 2680 951 2713 papa
972 2668 1105 2701 debere
1127 2668 1170 2701 ab
1192 2668 1362 2701 omnibus
1384 2668 1572 2701 catholicis
1593 2667 1773 2700 affirmari.

279 2735 478 2779 Eapropter
503 2734 681 2767 veraciter
711 2735 763 2767 sic
794 2735 965 2776 consulti,
993 2735 1192 2768 deliberato
1225 2735 1344 2767 animo
1372 2741 1407 2767 et
1429 2735 1615 2776 diuturno,
1640 2746 1713 2766 non
1744 2733 1956 2778 precipitato
1991 2732 2056 2765 sed

190 2807 342 2842 maturo,
358 2812 375 2833 a
393 2800 631 2845 philosopho³
650 2801 784 2834 eruditi
801 2801 898 2845 quod
917 2816 932 2832 «
952 2813 1140 2834 sermones
1156 2802 1192 2834 in
1212 2801 1391 2846 principio
1410 2800 1545 2834 debent
1561 2812 1642 2833 esse
1660 2800 1773 2844 longi,
1791 2799 1954 2831 executio
1969 2810 2055 2831 vero

188 2866 341 2907 velox»,
365 2866 578 2900 notorietate
600 2866 863 2911 premissorum
890 2874 1038 2912 pensata
1064 2875 1099 2901 et
1126 2875 1237 2901 matre
1264 2880 1384 2901 rerum
1411 2867 1633 2912 experientia
1655 2866 1845 2907 declarata,
1869 2877 1972 2910 quam
1994 2865 2056 2909 qui
