2488 3386
407 334 474 365 1122
987 341 1299 364 cuAnTULAmuM
1335 340 1523 362 uatvssns.
1563 339 1690 361 PARIS.
2170 325 2271 362 [1386

408 417 499 449 toris
528 416 621 449 dicte
647 416 823 448 sacultatis
850 416 1077 449 decretorum
1105 422 1139 448 et
1165 427 1257 459 mag.
1283 414 1418 447 Nicolai
1444 413 1645 447 Chaudart⁵
1677 412 1842 445 canonici
1872 411 1966 444 dicte
1991 411 2145 444 ecclesie
2173 412 2270 444 Pari-

410 483 543 515 siensis
565 482 911 526 condempnatorum
933 494 997 527 per
1016 488 1190 514 arrestum
1214 487 1335 525 quarta
1363 480 1419 512 die
1440 479 1537 512 Junii
1565 490 1658 511 anno
1681 478 1825 511 Domini
1852 479 1904 510 M⁰
1915 478 2022 511 CCC⁰
2042 478 2269 523 octogesimo

405 555 523 582 sexto.
1805 546 2005 578 JoUVENCE.

503 642 617 666 Min-um
636 642 660 664 iu
679 642 756 665 Arch.
780 645 832 664 nat,
858 642 939 664 Paris.
958 642 1001 664 X¹0
1021 643 1049 664 52
1065 642 1213 671 (Ac-cordo),
1232 644 1260 662 110
1284 641 1337 663 288.
1364 641 1382 662 A
1404 643 1477 670 tergo
1499 638 1658 662 exscribitur
1679 639 1762 661 altera
1781 647 1858 661 manu
1883 638 1996 669 epistola
2019 638 2108 661 Karon
2127 638 2208 669 regis,
2225 638 2269 670 qui

407 686 487 717 hujus
502 686 656 709 concordiae
673 687 829 709 mentionem
847 686 916 714 sarit,
932 695 943 708 «
958 686 989 708 ad
1006 686 1075 716 quod
1090 685 1194 716 quidem
1210 685 1349 707 arcui-dum
1366 684 1505 706 tenendum
1522 692 1532 706 1)
1550 683 1746 706 Pax-lamentum
1762 691 1809 714 per
1824 686 1956 706 arrestum
1974 683 2065 706 ambas
2078 686 2168 714 partes
2179 693 2192 704 ι(
2207 692 2269 706 con-

404 731 562 762 dempnavit
578 734 602 754 et
619 731 802 762 condempnat,
826 734 851 753 ct
868 738 896 753 ca
918 733 945 753 ut
966 733 1096 753 arrestum
1118 729 1188 752 cut-Ie
1210 728 1353 751 executioni
1378 728 1531 751 demandari
1554 728 1638 751 voluit
1657 731 1682 751 et
1698 727 1842 758 praecepit.
1862 728 1889 750 In
1910 727 1984 758 cujus
2005 727 2194 757 testimonium,
2220 731 2269 751 etc.

405 821 555 843 chancre...
573 824 668 844 contre
684 819 721 844 les
736 820 825 843 δίαινε
840 823 958 847 rec-leur,
975 820 1076 848 doyens
1093 822 1117 841 ec
1131 821 1256 847 supposts
1271 819 1302 841 de
1321 817 1496 841 I'Universite'
1511 818 1542 841 de
1560 817 1654 843 Paris.
1672 825 1698 847 p.
1716 818 1754 842 74.
1769 820 1794 839 ct
1811 817 1948 845 Jourdain,
1965 821 1994 839 110
2011 817 2066 840 817.
2085 817 2135 840 Sed
2155 817 2180 839 in
2200 817 2270 842 Bibl.

409 864 499 887 Arsen.
517 864 600 887 Paris.
620 872 667 887 ms.
688 864 756 892 1121,
773 872 798 894 p.
816 864 844 886 85
863 863 884 893 (e
903 871 951 886 ms.
967 862 1136 885 Cheltenhaln
1153 866 1181 884 11Ο
1195 862 1272 890 2863),
1290 864 1317 884 ut
1332 869 1422 892 supra.
1437 862 1543 892 dempto
1556 861 1688 892 principio
1708 869 1712 883 :
1732 870 1742 883 (ι
1759 862 1809 884 Pro
1829 861 1897 884 hono
1969 862 2053 884 formu
2070 869 2092 884 ».
2109 861 2222 885 Rubrica
2239 869 2270 885 ex

407 908 457 931 hoc
474 908 661 939 manuscripto.
679 908 810 935 Quantum
828 907 860 930 nd
873 907 946 930 litem
959 907 1013 930 vid.
1027 915 1107 937 supra
1123 910 1161 928 n⁰¹³
1176 906 1319 929 11186-1480.

502 987 523 1010 1.
542 987 613 1014 Quae
635 990 780 1018 sequuntur
797 995 879 1017 usque
899 995 909 1008 t<
930 986 1075 1017 regentium
1092 995 1104 1007 11
1119 986 1201 1008 altera
1219 985 1246 1014 (i.
1262 993 1284 1008 e.
1306 985 1429 1012 secunda)
1452 993 1530 1007 manu
1549 985 1575 1008 in
1596 985 1645 1008 fine
1666 985 1815 1007 documenti
1835 988 1895 1008 ante
1917 993 1928 1007 1(
1948 986 2021 1008 Anno
2042 985 2146 1008 Domini
2166 994 2187 1013 n,
2209 988 2270 1015 etv„

406 1031 497 1054 addita
514 1034 582 1054 suut.
599 1045 628 1048 —
639 1031 660 1054 ἱ).
671 1032 761 1054 Arsen,
776 1031 848 1053 addit
862 1039 866 1053 t
885 1040 897 1051 α
914 1030 938 1052 111
954 1030 1068 1052 claustro
1085 1029 1201 1052 Brunelli
1219 1038 1240 1052 ».
1260 1043 1289 1046 —
1304 1030 1326 1053 3.
1347 1029 1486 1060 Sequentia
1505 1029 1636 1060 exscripta
1655 1032 1717 1052 sunt
1731 1029 1783 1052 alio
1797 1029 1958 1058 charactere,
1977 1029 1995 1052 i.
2011 1037 2034 1053 e.
2050 1030 2164 1054 secunda
2180 1038 2270 1054 manu.

404 1088 438 1093 —
452 1077 475 1098 [Δ.
493 1077 582 1098 Arsen.
599 1075 671 1098 addit
685 1083 689 1097 z
706 1085 718 1096 «ι
735 1076 796 1097 Item
813 1075 903 1097 ductor
919 1075 1007 1105 legens
1024 1074 1048 1096 in
1064 1075 1179 1097 claustro
1194 1074 1287 1097 Nostro
1304 1074 1410 1097 Domine
1427 1077 1454 1097 ut
1474 1082 1554 1105 supra
1571 1082 1621 1096 non
1637 1077 1725 1105 potest
1745 1073 1842 1096 habere
1858 1073 1883 1096 in
1906 1073 2022 1097 claustro
2043 1074 2161 1097 Brunelli
2184 1074 2269 1097 scolas

406 1120 562 1147 doctorales,
579 1120 638 1142 licet
654 1119 750 1142 ibidem
766 1119 861 1141 habeat.
874 1119 959 1149 legere
975 1118 1077 1149 aliquas
1091 1118 1223 1146 lectiones,
1240 1122 1318 1149 prout
1331 1118 1399 1141 infra
1415 1118 1518 1149 plenius
1534 1118 1714 1142 continetur».
1727 1132 1758 1135 —
1769 1120 1791 1143 5,
1806 1119 1834 1141 ln
1850 1126 1899 1141 ms.
1915 1118 2004 1149 potius
2018 1126 2030 1141 «
2042 1118 2175 1143 Chaudret
2188 1127 2208 1147 11,
2224 1118 2270 1142 sed

407 1164 432 1186 in
447 1164 522 1187 Arch.
538 1167 592 1187 nat.
608 1164 655 1186 LL.
673 1164 729 1186 105³
743 1171 846 1194 semper
860 1172 870 1186 (ι
885 1163 1035 1186 Chaudardi
1051 1172 1071 1186 11.

411 1298 550 1335 1524.
577 1307 776 1333 Ordinationes
796 1307 921 1342 Capituli
935 1306 1080 1341 generalis
1099 1307 1164 1333 ord.
1182 1307 1285 1333 Praed.
1302 1307 1336 1332 de
1351 1307 1532 1333 studentibus
1549 1308 1642 1333 Paris.
1661 1307 1882 1341 Assignationes
1899 1306 2143 1333 baccalareorum.

1622 1383 1700 1412 1386,
1716 1383 1786 1408 duni}
1799 1383 1836 1412 10,
1852 1383 1982 1410 tivernione.

494 1457 717 1502 Precipimus
743 1457 779 1489 111
800 1458 931 1490 virtute
953 1464 1075 1490 sancte
1097 1457 1303 1490 obedientie
1325 1457 1508 1499 omnibus,
1532 1464 1567 1490 et
1587 1457 1745 1502 singulis
1767 1457 1971 1491 bacallariis
1993 1458 2269 1503 quomodolibet

406 1523 565 1556 Parisius
587 1524 795 1568 assignatis,
819 1531 852 1556 et
880 1524 988 1557 eciam
1013 1524 1235 1569 inposterum
1263 1525 1507 1568 assignandis,
1531 1531 1709 1569 quatenus
1737 1524 1890 1569 quilibet
1920 1531 2122 1561 conventus
2152 1525 2269 1558 solvat

405 1590 509 1623 aunis
530 1590 686 1634 siugulis
703 1591 896 1623 conventui
919 1591 1114 1623 Parisiensi
1136 1603 1199 1635 pro
1216 1591 1491 1624 contribucione
1508 1591 1771 1636 quinquaginta
1792 1591 1978 1624 ssorennos
1999 1591 2077 1624 auri
2097 1592 2160 1624 ....¹
2179 1591 2267 1625 alias

406 1656 616 1689 mandamus
642 1656 710 1689 sub
732 1657 857 1689 eodem
886 1664 1056 1702 precepto
1078 1657 1277 1702 presidenti
1302 1665 1503 1691 conventus
1533 1658 1729 1691 Parisiens.
1842 1670 1887 1691 ne
1912 1658 2122 1703 hujusmodi
2148 1658 2266 1691 bacal-

406 1723 505 1755 lariis
542 1729 576 1755 et
605 1723 775 1756 fratribus
812 1724 873 1756 det
907 1736 1033 1769 panem
1062 1731 1095 1757 et
1122 1725 1242 1757 vinum
1278 1731 1311 1757 et
1347 1725 1572 1770 pictanciam,
1604 1731 1664 1758 aut
1698 1737 1926 1770 quecumque
1961 1725 2027 1758 alia
2061 1725 2267 1759 necessaria

405 1789 534 1833 quovis
556 1790 718 1822 modo....

494 1857 580 1888 Item
604 1856 806 1901 privilegia,
831 1869 899 1901 que
921 1857 1049 1890 fratres
1068 1857 1250 1890 Johannes
1271 1858 1417 1891 Merici²
1443 1858 1617 1905 magister
1637 1858 1674 1891 in
1695 1870 1795 1891 sacra
1822 1859 1966 1904 pagina,
1989 1865 2025 1892 et
2051 1859 2267 1893 Laurentius

403 1921 447 1954 de
470 1923 688 1967 Borgognis,
708 1922 921 1956 bacallarius
943 1924 1158 1957 Parisieusis
1178 1937 1271 1957 auno
1293 1925 1497 1958 immediate
1519 1925 1693 1970 preterito
1711 1925 1923 1958 auctoritate
1940 1926 2133 1959 reverendi
2154 1926 2266 1971 patris

404 1989 566 2033 magistri
589 1989 692 2022 Οι·(1.3
720 1990 952 2023 studentibus
980 1991 1092 2023 Paris.
1120 1992 1312 2032 extraneis,
1335 1998 1403 2024 tam
1426 1991 1672 2037 presentibus,
1695 2004 1800 2037 quam
1822 1993 1968 2034 futuris,
1989 1999 2265 2035 concesserunt,

404 2066 582 2099 quamque
610 2056 885 2088 concessionem
918 2057 961 2089 ad
997 2063 1137 2102 tempus
1167 2058 1284 2090 dictus
1315 2059 1487 2103 magister
1513 2059 1662 2092 Ordinis
1691 2059 1916 2092 reverendus
1946 2059 2053 2093 etiam
2087 2071 2152 2104 per
2181 2071 2266 2093 suas

405 2120 527 2153 literas
548 2121 784 2163 confirmavit,
803 2123 1057 2168 approbamus,
1077 2124 1292 2158 ratificamus
1310 2132 1343 2158 et
1364 2125 1620 2158 confirmamus
1643 2138 1707 2170 pro
1729 2126 1916 2171 perpetuis
1937 2125 2163 2171 temporibus
2185 2138 2267 2172 pre-

405 2188 559 2220 sentium
583 2199 647 2232 per
674 2195 850 2230 tenorem,
871 2189 1101 2234 imponentes
1129 2191 1290 2224 districtc
1313 2192 1585 2236 presidentibus
1613 2199 1815 2226 conventus
1845 2192 2078 2234 Parisiensis,
2107 2193 2168 2238 qui
2199 2205 2265 2238 pro

405 2259 566 2298 tempore
587 2254 733 2296 suerint,
761 2262 799 2288 ut
819 2255 911 2288 dicta
940 2256 1129 2302 privilegia
1155 2258 1271 2302 quoad
1298 2259 1417 2291 omnia
1443 2265 1475 2291 et
1502 2259 1646 2304 singula
1674 2265 1804 2304 puncta
1834 2271 1898 2292 sua
1927 2259 1965 2291 in
1995 2259 2110 2292 literis
2137 2259 2266 2304 prefati

405 2320 596 2352 reverendi
621 2321 783 2366 magistri
809 2322 895 2355 Ord.
925 2329 1104 2365 contenta,
1133 2323 1341 2369 hujusmodi
1370 2325 1602 2359 studentibus
1632 2332 1792 2367 servent,
1815 2332 1973 2367 teneant,
1999 2332 2105 2370 atque
2135 2338 2265 2359 conce-

406 2385 491 2418 dant
517 2386 683 2419 similiter
704 2387 855 2428 illibata;
879 2389 1007 2422 eodem
1030 2396 1156 2423 tenore
1185 2390 1443 2425 nichilominus
1472 2392 1711 2434 declarantes,
1733 2392 1831 2437 quod
1851 2392 1942 2425 celle
1970 2392 2007 2425 in
2028 2392 2149 2425 studio
2170 2393 2266 2426 Pari-

406 2451 520 2484 siensi
541 2458 575 2485 et
594 2452 631 2485 in
652 2453 731 2486 aliis
753 2454 883 2487 studiis
899 2456 1133 2500 generalibus
1154 2457 1385 2491 studentibus
1406 2459 1687 2503 provinciarum,
1705 2459 1766 2504 qui
1787 2458 1961 2492 hactenus
1983 2465 2068 2492 sunt
2089 2459 2262 2504 deputati,

406 2529 581 2550 concesse
603 2530 667 2551 seu
687 2520 883 2565 assignate,
901 2534 973 2554 non
994 2522 1128 2555 debent
1148 2524 1316 2569 occupari
1338 2536 1401 2569 per
1421 2525 1624 2564 studentes,
1647 2525 1709 2570 qui
1738 2524 1874 2558 ibidem
1902 2537 1967 2570 per
1992 2525 2149 2571 graciam
2175 2538 2265 2572 quo-

407 2583 606 2617 modolibet
630 2585 873 2630 assignantur,
896 2587 966 2620 nisi
990 2589 1090 2633 prius
1111 2589 1197 2632 illis,
1222 2590 1283 2635 qui
1304 2602 1367 2636 per
1389 2592 1594 2636 provincias
1615 2592 1861 2637 assignantur,
1883 2592 2069 2637 provisum
2090 2592 2200 2626 suerit
2219 2593 2264 2626 de

406 2649 509 2682 cellis
529 2649 742 2684 melioribus
763 2651 910 2685 ibidem.

1089 2709 1161 2742 Iste
1178 2715 1259 2743 sunt
1278 2711 1540 2756 assignationes
1561 2724 1571 2744 .·

495 2800 735 2845 Assignamus
755 2802 798 2834 ad
818 2802 1013 2848 legendum
1031 2805 1234 2840 sententias
1253 2808 1412 2841 Parisius
1429 2820 1493 2853 pro
1510 2821 1604 2842 anno
1626 2809 1788 2854 presenti
1807 2809 1954 2842 fratrem
1970 2809 2084 2842 Adam
2105 2808 2199 2842 Petit
2218 2808 2262 2841 de

405 2865 589 2910 provincia
620 2867 780 2909 Francie,
809 2869 867 2901 cui
896 2869 1149 2904 substituimus
1176 2873 1320 2906 fratrem
1346 2874 1545 2908 Johannem
1573 2875 1760 2921 Nicholay,
1790 2887 1896 2921 quem
1925 2887 1990 2921 pro
2021 2875 2137 2920 primo
2167 2886 2261 2908 anno
