2488 3386
448 349 511 381 310
1025 355 1340 378 ann‘rULAan
1376 353 1565 375 UNivens.
1604 353 1732 375 PAms.
2212 341 2310 377 [1382

445 432 567 456 cellarius
583 432 645 455 eccl.
665 431 831 455 Noviomens.
849 432 921 461 (Reg.
940 432 1019 454 Aven.
1035 430 1117 453 Clom.
1133 430 1188 456 VH,
1206 429 1257 452 vol.
1278 429 1385 456 XXXIV,
1399 429 1443 451 sol.
1459 428 1593 457 119).—l1.
1610 428 1656 451 An.
1674 428 1733 450 1384
1749 428 1840 451 decan.
1853 428 1917 450 ecel.
1930 428 2065 451 Gamerae.
2081 427 2105 456 (1.
2123 436 2155 454 c..
2169 428 2214 451 sol.
2228 428 2310 459 1141)),

446 477 504 500 Fuit
520 476 597 499 etiam
615 476 738 498 collector
754 476 780 498 in
797 475 933 507 provincia
951 476 1098 505 Rotonmg.,
1116 474 1147 496 de
1165 482 1216 504 quo
1232 476 1256 496 et
1275 473 1393 495 Johnnne
1410 471 1537 495 Mauberti
1557 471 1582 494 in
1598 471 1675 495 Arch.
1698 475 1752 495 nat.
1776 471 1862 495 Paris.
1883 472 1928 495 X¹¹
1947 473 1985 500 32,
2003 472 2047 495 sol.
2068 471 2140 495 33912.
2153 485 2184 489 ——
2201 474 2223 495 5.
2241 472 2288 496 Ms.
2308 480 2313 495 ’-

446 530 456 544 <ι
471 520 600 544 Bancuria
612 529 633 543 ».
651 534 678 537 —
698 521 721 543 6.
741 520 789 543 Ms.
807 528 811 543 z
829 530 841 541 «
859 520 961 542 Harnen
982 529 1002 541 n.
1021 518 1179 549 Designatur
1201 517 1330 540 Arnoldus
1351 517 1383 539 de
1409 516 1480 547 Gise,
1501 515 1567 538 alins
1585 516 1616 539 de
1639 516 1763 548 (λι-111101117
1783 516 1871 539 licent.
1888 516 1914 539 in
1933 519 1982 540 art..
1999 524 2041 539 un.
2059 516 2128 539 1375.
2149 530 2180 534 —
2201 518 2221 540 7.
2238 516 2286 540 Ms.
2304 525 2308 540 z

446 574 457 587 (ί
473 564 608 596 extraponl
619 572 771 595 processum
787 574 809 587 υ.

453 687 589 723 1469.
617 695 740 721 Clemens
762 696 814 720 VII
825 694 961 726 (Iohanni
976 693 1144 724 Blanchart)
1162 691 1335 718 cancellario
1360 692 1465 725 Paris„
1489 694 1519 716 ut
1543 690 1692 716 Guillelmo
1707 691 1901 725 Poularderii,
1923 691 1989 718 Ord.
2010 694 2080 726 frat.
2099 692 2243 727 Praedia,
2261 693 2310 728 qui

528 746 615 780 juxta
631 744 778 779 regularia
793 744 925 769 instituta
941 742 1033 778 ipsius
1052 741 1117 767 Ord.
1137 742 1164 767 in
1183 741 1346 774 Turonenst’,
1368 740 1581 774 Cenomanensi‚
1599 740 1763 766 Pictavensi
1777 744 1803 766 et
1818 740 2020 774 Andegavensi
2034 740 2140 766 studiis
2155 741 2310 768 secundum

535 802 637 819 morem
659 793 729 818 dicti
753 792 818 818 Ord.
843 792 930 817 lector
943 792 1001 825 fuit
1013 789 1184 826 principalis
1201 793 1228 815 et
1250 790 1278 815 in
1302 789 1385 815 theol.
1403 791 1461 823 fac.
1479 789 1564 814 annis
1577 788 1711 824 pluribus
1733 792 1791 814 tam
1812 789 1840 815 in
1860 789 2023 815 Parisiensi
2038 799 2123 825 quam
2144 790 2172 817 in
2189 789 2310 816 diuersis

534 842 602 867 aliis
616 841 722 867 studiis
738 840 974 876 quamplurimum
995 839 1144 871 laboravit,
1167 838 1313 864 licentiam
1333 838 1447 872 legendi
1466 837 1570 863 librum
1594 838 1806 863 Sententiarum
1829 839 1858 864 in
1880 838 1961 864 domo
1976 840 2101 873 fratrum
2116 839 2211 865 Paris.
2234 847 2309 865 anno

532 892 629 925 futuro
646 894 769 925 tempore
789 888 923 915 aestivali
937 897 998 914 cum
1018 887 1146 913 omnibus
1167 891 1194 913 el
1213 887 1335 921 singulis
1352 886 1534 912 libertatibus
1560 890 1587 912 et
1599 886 1759 922 privilegiis
1774 889 1899 921 fratrum
1915 887 2021 913 dictum
2038 887 2141 914 librum
2162 887 2310 914 ordinarie

1684 1012 1756 1041 1382,
1771 1012 1833 1038 «tulii
1845 1012 1879 1042 12,
1895 1012 2024 1040 avenione,

538 1090 600 1120 Reg.
616 1090 672 1112 Vat.
695 1090 773 1111 Aven.
796 1088 935 1111 Clementis
951 1088 1006 1116 Vll,
1027 1088 1077 1110 vol.
1099 1087 1186 1116 XXVI,
1206 1087 1250 1110 sol.
1272 1087 1326 1110 156.
1346 1101 1376 1104 —
1398 1086 1582 1109 Verisimiliter
1600 1090 1639 1110 est
1654 1087 1698 1110 ille
1712 1095 1723 1110 «
1743 1087 1900 1111 Guillelmus
1921 1087 2055 1111 Poullardi
2072 1096 2093 1115 »‚
2112 1087 2157 1119 qui
2174 1096 2218 1111 an.
2238 1088 2306 1116 138³.

446 1134 506 1158 Maii
521 1136 544 1162 9,
561 1133 658 1164 recepit
672 1133 804 1156 licentiam
820 1141 847 1155 se
860 1132 1034 1155 transferendi
1053 1132 1084 1154 ad
1101 1131 1164 1155 Ord.
1184 1131 1209 1154 S.
1229 1131 1362 1154 Benedicti
1379 1132 1451 1162 (Reg.
1471 1131 1528 1154 vat.
1547 1131 1628 1154 elem.
1644 1132 1700 1159 Vll,
1718 1136 1746 1154 n⁰
1761 1132 1814 1158 294,
1838 1133 1854 1154 f.
1874 1131 1955 1162 11112),
1971 1132 2003 1155 de
2022 1140 2074 1163 quo
2093 1132 2198 1164 negotio
2217 1135 2309 1164 postea

443 1179 532 1210 plures
548 1178 674 1209 epistolae
687 1177 838 1200 Clementis.
854 1177 909 1200 Non
925 1176 1044 1207 pervenit
1059 1176 1092 1199 ud
1110 1175 1293 1206 magisterium
1310 1176 1334 1198 in
1351 1175 1430 1198 theol.

450 1344 589 1382 1470.
614 1353 801 1378 Ιιιιέηἰανίιιιιι
819 1352 951 1377 bonor-um
968 1355 994 1377 el
1004 1351 1143 1387 jocalium
1159 1355 1333 1387 repet-torum
1350 1352 1377 1377 ιή
1394 1361 1463 1377 arca
1480 1352 1606 1378 nationis
1622 1351 1803 1378 Picardicae.

1652 1435 1723 1463 1382.
1740 1434 1857 1460 Octobris
1870 1435 1895 1463 6,
1909 1435 2022 1461 Parisiis.

535 1510 614 1542 Fuit
638 1510 767 1542 sactum
796 1509 1035 1542 inventarium
1066 1508 1242 1541 bonorum
1273 1516 1307 1542 et
1331 1509 1504 1554 jocalium
1536 1516 1762 1554 repertorum
1795 1509 1830 1542 in
1857 1521 1937 1542 arca
1965 1509 2059 1542 dicte
2086 1509 2242 1542 nationis
2270 1509 2306 1542 in

446 1577 602 1609 claustro
625 1576 658 1608 S.
682 1576 851 1608 Maturini
873 1576 984 1608 Paris.
1008 1575 1197 1616 existente,
1217 1582 1283 1608 ete.

533 1675 630 1700 Primo
643 1682 702 1699 una
715 1674 811 1707 imago
826 1674 907 1699 beate
922 1674 1008 1699 Mario
1022 1675 1157 1707 argentea
1173 1674 1319 1700 deaurata,

532 1725 605 1749 Item
620 1723 691 1749 calix
705 1725 733 1748 ct
748 1724 851 1756 patena
866 1723 1002 1748 deaurato
1015 1724 1042 1748 et
1058 1731 1181 1756 parvum
1195 1723 1304 1749 coclear
1320 1731 1380 1748 non
1394 1723 1580 1749 deauratum.

532 1773 606 1798 Item
620 1772 679 1797 duo
692 1772 760 1797 disci
776 1772 914 1804 argentei*

532 1822 605 1847 Item
619 1821 679 1846 duo
694 1820 863 1846 candelabra
879 1822 1023 1853 argentea.

533 1870 606 1895 Item
621 1869 680 1894 duo
693 1869 806 1894 vascula
820 1870 964 1902 argentea.

534 1919 606 1944 Item
622 1925 681 1943 una
696 1925 751 1951 pax
765 1919 910 1950 argentea.

532 1967 605 1992 Item
621 1966 810 1992 thuribulum
826 1974 894 1991 cum
908 1966 972 1991 navi
988 1968 1171 1999 argenteum,

534 2016 606 2041 Item
622 2015 675 2040 tria
691 2015 901 2048 superpellicia.

532 2065 605 2090 Item
620 2064 753 2097 quinque
766 2071 864 2097 cappe,
881 2064 986 2089 scilicet
1000 2064 1058 2090 due
1072 2064 1203 2097 antIquc.
1218 2065 1276 2091 due
1293 2073 1365 2091 nove
1380 2067 1408 2091 et
1423 2074 1482 2091 una
1499 2066 1602 2092 melior
1618 2074 1669 2100 pro
1683 2067 1858 2100 presbytero.

530 2113 601 2138 Item
618 2113 670 2138 tria
685 2114 857 2138 ornamenta
871 2113 960 2138 rubea
974 2113 1142 2146 presbyteri,
1159 2114 1272 2139 diaconi
1288 2116 1315 2140 et
1331 2115 1509 2140 subdiaconi.

532 2162 604 2187 Item
627 2161 681 2186 tria
702 2161 756 2186 alia
778 2163 950 2187 ornamenta
972 2162 1036 2187 alba
1055 2162 1223 2195 presbyteri,
1248 2163 1360 2188 diaconi
1380 2165 1408 2189 et
1430 2164 1598 2190 subdiaconi
1618 2165 1763 2198 completa
1786 2173 1855 2191 cum
1877 2165 2016 2190 omnibus
2038 2164 2254 2198 pertinentibus
2270 2163 2305 2190 ad

444 2210 537 2236 officia
551 2210 648 2235 divina
663 2210 842 2236 celebranda.

531 2259 603 2284 Item
618 2259 746 2291 sigillum
763 2266 906 2291 magnum
922 2259 1046 2285 nationis
1061 2260 1186 2285 Picardie
1201 2262 1374 2294 argenteum
1389 2269 1458 2287 cum
1474 2262 1687 2295 contrasigneto
1703 2265 1730 2288 et
1746 2264 1849 2288 catena
1864 2264 2011 2296 argentea.
2029 2262 2160 2296 positum
2175 2262 2206 2287 in
2222 2269 2308 2296 parva

443 2315 515 2333 arca.

530 2356 602 2381 Item
617 2363 695 2381 unus
710 2364 833 2388 magnus
846 2356 917 2382 liber
933 2364 1084 2390 papyreus.
1103 2357 1152 2382 ubi
1167 2358 1356 2384 continentur
1372 2359 1444 2384 sacia
1458 2361 1484 2385 01
1501 2359 1724 2386 deliberationes
1738 2360 1874 2386 nationis.

531 2405 604 2430 Item
619 2404 678 2429 duo
691 2405 769 2437 parvi
785 2405 849 2430 libri
861 2405 892 2430 in
907 2406 1014 2438 quibus
1029 2406 1218 2432 continentur
1232 2407 1326 2440 vigilie
1343 2409 1540 2437 mortuorum,
1558 2409 1685 2442 cooperti
1701 2409 1853 2435 asseribus.

531 2454 604 2479 Item
620 2454 675 2478 tres
690 2454 768 2486 parvi
784 2453 847 2478 libri
863 2456 964 2479 cantus
979 2455 1009 2479 in
1024 2455 1131 2487 quibus
1146 2456 1314 2481 continetur
1329 2456 1460 2482 officium
1477 2458 1566 2483 sancti
1584 2458 1698 2483 Nicolai.

532 2502 604 2527 Item
620 2501 679 2526 duo
693 2502 779 2534 pallia
791 2502 827 2526 ad
841 2503 1019 2535 sepeliendos
1035 2505 1175 2529 mortuos.

532 2551 605 2575 Item
620 2550 740 2582 quidam
754 2551 867 2576 rotulus
883 2551 1006 2576 nationis
1022 2552 1147 2577 Picardie
1162 2553 1253 2578 sactus
1268 2553 1436 2579 immediate
1453 2556 1515 2587 post
1531 2557 1658 2580 mortem
1674 2556 1719 2581 bo.
1734 2564 1790 2582 me.
1805 2555 1919 2582 domini
1935 2555 2065 2588 Gregorii
2079 2563 2153 2589 pape
2168 2556 2202 2581 XI
2214 2554 2231 2580 ¹.

532 2599 605 2624 Item
626 2598 683 2624 due
705 2606 790 2631 parve
814 2607 875 2625 arce
901 2600 993 2632 lignee
1015 2601 1197 2626 continentes
1221 2601 1331 2627 diversa
1355 2603 1551 2628 instrumenta
1572 2612 1703 2630 unacum
1726 2605 1843 2631 diversis
1864 2605 1926 2630 aliis
1946 2605 2034 2630 literis
2054 2604 2183 2637 sigillatis
2205 2603 2304 2637 sigillis

444 2647 569 2676 diversis,
586 2647 616 2672 in
631 2654 758 2680 quarum
774 2655 831 2672 una
848 2650 916 2672 sunt
931 2656 1037 2680 magne
1051 2649 1131 2674 litere
1146 2649 1266 2682 sigillato
1280 2658 1388 2682 magno
1401 2651 1494 2683 sigillo
1510 2652 1635 2678 nationis
1652 2653 1786 2679 Picardie.

533 2696 605 2720 Item
625 2702 671 2720 sex
692 2695 738 2720 alii
758 2695 823 2720 libri
842 2696 957 2729 papyrei
977 2697 1091 2729 antiqui
1111 2705 1179 2722 cum
1202 2698 1335 2730 pluribus
1355 2699 1415 2724 aliis
1435 2699 1523 2725 literis
1545 2708 1594 2726 seu
1620 2701 1822 2728 instrumentis
1841 2702 2029 2728 existentibus
2051 2701 2082 2727 in
2100 2701 2220 2735 parvula
2241 2708 2306 2727 arca

445 2743 582 2769 existente
596 2743 627 2768 in
643 2751 749 2775 magna
764 2744 976 2776 prenominata.

533 2831 620 2862 Acta
642 2836 726 2862 sunt
751 2830 815 2862 hec
837 2831 873 2862 in
894 2831 1051 2864 claustro
1080 2833 1198 2866 Sancti
1227 2835 1409 2876 Maturini‚
1438 2835 1525 2868 hora
1547 2836 1809 2870 decantationis
1830 2849 2064 2882 vesperarum
2094 2837 2210 2882 ipsius
2233 2836 2304 2869 diei

446 2896 513 2929 sub
535 2908 640 2937 anno,
665 2896 874 2936 indictione,
898 2904 978 2938 ete⁴7
1006 2900 1237 2942 presentibus
1259 2901 1529 2935 venerabilibus
1551 2909 1585 2935 et
1606 2903 1774 2936 discretis
1797 2904 1885 2936 viris
1911 2904 2096 2949 magistris
2122 2903 2305 2948 prenomi-
