2488 3386
455 341 517 373 118
1026 345 1346 370 CHARTULAMUM
1380 346 1571 368 uutvsns.
1607 346 1739 368 PARIS.
2220 334 2320 372 [1364

452 422 692 468 intelligendo
720 422 810 455 hanc
840 422 957 467 legem
984 421 1116 454 amoris
1144 426 1181 452 ut
1206 419 1427 452 auferentem
1457 431 1599 452 omnem
1631 420 1889 464 proprietatem
1920 426 1955 453 et
1984 420 2196 462 dominium,
2227 421 2321 455 sicut

454 489 639 522 conclusio
660 488 759 529 dicit,
778 488 829 521 sic
851 487 1072 520 intellectum
1097 492 1223 531 reputo
1244 485 1388 524 falsum,
1406 497 1599 518 erroneum
1621 492 1657 518 et
1676 485 1890 527 hereticum,
1909 492 1943 519 et
1964 493 2087 519 contra
2104 486 2321 521 determina-

451 556 593 588 cionem
616 554 783 587 ecclesie.
807 555 894 587 Dico
916 554 1034 594 etiam,
1054 552 1151 597 quod
1171 552 1365 585 auctoritas
1383 563 1488 596 quam
1510 551 1663 596 allegavi
1685 564 1758 584 non
1775 558 1831 585 est
1849 552 1892 585 ad
1914 553 2154 598 propositum.

543 636 557 652 «
581 622 713 664 Quarta
734 621 921 653 conclusio
943 632 1019 652 mea
1041 626 1076 652 et
1102 618 1221 651 finalis
1246 618 1325 659 suit,
1352 617 1449 662 quod
1479 617 1630 651 actualis
1657 617 1842 651 abdicacio
1869 618 2040 652 cordialis
2065 619 2262 654 voluntatis
2287 627 2322 654 et

452 687 663 732 temporalis
693 687 894 732 potestatis,
923 686 1073 719 dominii
1100 697 1164 717 seu
1192 684 1430 724 auctoritatiS,
1459 690 1588 717 statum
1618 685 1922 729 perfectissimum
1952 685 2112 718 ostendit
2136 693 2171 719 et
2200 686 2319 720 efficit.

453 754 618 791 Probavi,
637 754 718 798 quia
739 753 807 786 hee
829 765 893 798 pro
915 752 1039 797 regula
1063 751 1297 796 perfectionis
1315 763 1332 783 a
1349 749 1496 783 Christo
1518 750 1638 783 datum
1661 757 1729 792 est,
1751 751 1901 792 Matth„
1918 755 1995 783 X1x⁰
2011 755 2055 792 [v.
2074 753 2127 793 21]
2148 764 2154 784 :
2179 753 2250 795 «,Si
2265 753 2321 786 vis

452 835 469 852 α
493 821 675 865 perfectus
705 831 798 860 esse,
828 819 917 852 vade
948 825 983 851 et
1013 818 1131 851 vende
1162 817 1280 850 omnia
1311 828 1381 861 que
1413 816 1526 850 habes
1556 823 1592 850 et
1624 817 1667 850 da
1697 817 1932 862 pauperibus,
1958 823 2022 852 etc.
2049 832 2064 849 »
2093 818 2191 851 Idem
2216 820 2320 860 Luc„

452 888 572 919 xvn1⁰⁰
596 891 640 927 [v.
664 887 733 926 22];
757 886 851 918 idem
869 885 1003 925 Marc„
1026 889 1061 917 x⁰
1084 889 1128 925 [v.
1151 885 1218 924 21].
1238 883 1342 916 Unde
1364 895 1437 916 non
1458 883 1548 916 dixit
1566 895 1573 916 ε
1597 884 1695 916 Pone
1716 884 1753 916 in
1774 883 1879 917 archa
1900 891 1960 917 aut
1979 884 2016 917 in
2037 885 2186 927 scrinio,
2204 892 2264 918 et:
2284 885 2320 919 Si

452 953 576 987 videas
604 964 794 998 pauperes,
823 952 882 992 da,
910 951 1006 996 quia,
1034 957 1071 983 ut
1102 950 1192 983 dixit
1219 949 1400 990 Christus,
1430 950 1580 990 Matth„
1607 953 1707 982 ΧΧἯ0
1732 954 1776 991 [v.
1806 951 1857 991 11]
1887 962 1893 983 ε
1925 965 1941 981 «
1969 952 2152 996 Pauperes
2177 963 2322 997 semper

453 1033 469 1051 «
490 1019 670 1052 habebitis
690 1018 892 1052 vobiscum,
917 1029 973 1050 me
994 1023 1110 1050 autem
1133 1028 1206 1049 non
1228 1028 1384 1061 semper.
1410 1030 1425 1046 n
1455 1017 1498 1049 Et
1518 1016 1695 1058 dicebam,
1723 1017 1821 1061 quod
1847 1031 1863 1048 «
1888 1017 1971 1050 ideo
1995 1029 2068 1050 non
2094 1017 2190 1051 dicat
2212 1017 2322 1051 homo

452 1100 468 1116 «
490 1085 580 1118 hanc
601 1084 763 1130 regulam
787 1095 869 1117 esse
896 1096 913 1116 a
942 1085 1017 1116 Deo
1044 1083 1172 1124 datam,
1201 1081 1402 1115 secundum
1429 1082 1538 1115 animi
1566 1083 1869 1127 preparationem,
1900 1083 2053 1124 scilieet,
2079 1083 2110 1117 si
2139 1095 2232 1129 opus
2261 1084 2320 1126 sit,

452 1166 468 1182 «
492 1152 574 1196 quia
596 1162 739 1195 semper
760 1162 851 1195 opus
873 1156 945 1190 est3
969 1161 1057 1194 ergo
1081 1161 1226 1194 semper
1246 1148 1355 1182 debet
1375 1148 1465 1181 fieri.
1497 1149 1567 1182 Sed
1593 1149 1676 1194 quia
1703 1161 1829 1182 revera
1850 1161 1982 1195 parvus
2002 1149 2103 1183 color
2123 1150 2256 1184 sufficit
2277 1150 2321 1184 ad

452 1232 468 1249 «
490 1217 758 1250 excusationem
779 1228 887 1261 agere
909 1215 1059 1257 nolenti,
1085 1215 1145 1248 isti
1170 1215 1298 1249 volunt
1325 1215 1409 1248 dare
1435 1215 1657 1261 intelligere,
1679 1215 1777 1260 quod
1798 1215 2015 1249 auricalcum
2042 1223 2097 1250 est
2126 1228 2265 1258 aurum,
2287 1223 2323 1250 et

452 1298 467 1314 «
490 1284 538 1316 sel
559 1283 646 1324 mel,
675 1283 740 1316 sed
762 1283 791 1315 si
820 1294 862 1315 ex
883 1282 1087 1327 ignorantia
1112 1282 1313 1321 crederem,
1342 1288 1460 1314 tamen
1481 1288 1537 1315 est
1563 1282 1624 1326 qui
1647 1289 1773 1327 querat
1800 1289 1835 1315 et
1856 1282 2008 1327 judicet.
2038 1297 2053 1313 n
2081 1283 2171 1326 Quia
2192 1282 2323 1328 proba-

451 1350 568 1382 tiones
586 1349 710 1382 dicunt
729 1348 820 1381 hanc
842 1348 1115 1381 conclusionem
1138 1360 1220 1380 esse
1241 1347 1498 1381 universaliter
1518 1348 1685 1393 positam,
1709 1348 1793 1381 ideo
1814 1348 1919 1381 istam
1941 1349 2197 1382 universaliter
2216 1349 2323 1382 intel-

452 1415 576 1448 lectam
601 1421 728 1460 reputo
749 1415 887 1456 falsam,
915 1426 1102 1447 erroneam
1130 1421 1164 1447 et
1190 1413 1400 1456 hereticam,
1428 1415 1510 1459 quia
1532 1426 1598 1447 nec
1619 1414 1788 1448 Christus
1814 1426 1880 1447 nec
1907 1414 2062 1460 apostoli
2090 1421 2221 1448 statum
2242 1427 2324 1461 per-

452 1482 689 1515 fectissimum
711 1481 941 1521 habuissent·‚
960 1487 995 1513 et
1015 1481 1247 1513 auctoritates
1264 1480 1411 1514 inducte
1428 1481 1471 1514 ad
1489 1493 1565 1513 eam
1583 1480 1804 1526 probandam
1822 1493 1896 1514 non
1913 1488 1998 1514 sunt
2017 1481 2061 1514 ad
2081 1482 2322 1527 propositum,

453 1555 490 1581 ut
517 1554 612 1592 patet
637 1559 700 1592 per
721 1547 843 1592 glosas
869 1547 1071 1580 ordinarias
1100 1554 1133 1580 et
1161 1547 1330 1580 doctores
1361 1547 1584 1592 solempnes,
1611 1547 1648 1580 in
1671 1547 1739 1580 hoc
1767 1547 1888 1580 studio
1916 1554 1952 1581 et
1977 1547 2063 1581 alibi
2090 1548 2320 1594 approbatos.

457 1614 552 1647 Alias
570 1613 817 1659 probationes,
834 1620 873 1646 ut
889 1613 1041 1658 probant
1059 1614 1188 1646 dictam
1211 1614 1499 1655 conclusionem,
1519 1614 1600 1647 dico
1619 1625 1701 1647 esse
1720 1614 1829 1647 falsas
1850 1621 1886 1647 et
1905 1626 2093 1655 erroneas;
2112 1621 2147 1648 et
2162 1614 2322 1648 ultimam

457 1681 538 1713 dico
558 1680 696 1721 falsam,
718 1680 928 1725 injuriosam
952 1687 987 1713 et
1007 1680 1269 1713 scandalosam.

544 1762 559 1777 ι(
585 1749 634 1779 Ex
655 1747 814 1792 predicta
838 1746 1073 1779 conclusione
1095 1753 1219 1791 quarta
1240 1747 1439 1780 inferebam
1462 1747 1618 1792 primum
1639 1747 1890 1789 cor'relarium,
1916 1748 2014 1792 quod
2040 1747 2224 1781 Christum
2250 1759 2324 1781 nou

455 1813 642 1846 abdicasse
668 1813 877 1857 hujusmodi
899 1814 1170 1858 possessionem
1195 1820 1230 1846 et
1244 1815 1306 1858 jus
1327 1814 1364 1846 in
1386 1813 1661 1859 temporalibus,
1684 1826 1756 1846 non
1777 1813 1930 1847 habetur
1951 1826 1994 1847 ex
2014 1826 2104 1847 nova
2125 1814 2220 1859 lege,
2241 1826 2324 1860 ymo

456 1880 576 1924 potius
604 1879 824 1924 oppositum,
851 1879 932 1924 quia
958 1880 1107 1921 Mattlz„
1131 1883 1211 1912 vu1⁰
1234 1884 1276 1921 [v.
1301 1881 1354 1921 20]
1385 1892 1391 1913 :
1416 1895 1431 1911 «
1456 1880 1569 1913 Filius
1590 1880 1748 1913 hominis
1770 1892 1843 1913 non
1863 1879 1972 1913 habet
1998 1880 2060 1913 ubi
2086 1887 2192 1926 caput
2218 1892 2323 1914 suum

457 1960 472 1976 «
496 1945 694 1978 reclinet.»
719 1947 819 1986 Item,
847 1946 1046 1978 secundum
1070 1946 1305 1979 correlarium
1334 1947 1413 1987 suit,
1441 1947 1539 1992 quod
1571 1946 1661 1980 hanc
1692 1946 1811 1992 legem
1840 1959 1905 1992 pro
1933 1947 2060 1990 regula
2090 1946 2325 1992 perfectionis
2352 1990 2357 1994 ,

456 2012 624 2046 Christus
641 2012 765 2045 docuit
781 2018 815 2044 et
831 2012 996 2057 exemplo
1014 2012 1178 2045 firmavit.
1198 2013 1350 2046 Probavi
1368 2025 1432 2058 per
1449 2013 1611 2059 regulam
1629 2013 1857 2055 antedictam,
1877 2028 1893 2045 «
1909 2013 2010 2047 Vade
2026 2020 2062 2046 et
2076 2013 2206 2055 vende,
2223 2018 2287 2047 etc.
2306 2026 2323 2044 »

458 2078 583 2119 Etiam,
611 2078 693 2122 quia
720 2078 836 2111 vocati
864 2078 981 2111 omnia
1009 2079 1239 2119 dimiserunt,
1266 2079 1446 2112 Mattheus
1474 2079 1698 2121 theloneum,
1722 2081 1850 2113 Petrus
1874 2086 1909 2113 et
1932 2079 1993 2112 alii
2019 2079 2150 2121 rethia3
2172 2079 2323 2120 Matth„

455 2148 530 2179 x1x⁰
546 2148 590 2185 [v.
609 2145 662 2185 27]
683 2155 690 2176 t
715 2158 730 2174 «
754 2145 846 2176 Ecce
868 2156 935 2177 nos
956 2145 1197 2189 relinquimus
1219 2146 1350 2178 omnia.
1372 2160 1387 2176 n

547 2225 562 2241 «
586 2211 656 2243 Ista
678 2210 749 2242 duo
771 2210 964 2243 correlaria
993 2223 1123 2244 revoco
1150 2218 1315 2256 tauquam
1342 2212 1442 2253 salsa,
1468 2224 1620 2245 erronea
1646 2219 1679 2245 et
1707 2212 1879 2254 heretica,
1903 2219 1939 2245 et.
1964 2219 2088 2246 contra
2109 2212 2326 2246 determina-

457 2277 591 2309 tionem
615 2276 805 2309 decretalis
828 2277 965 2309 domini
985 2277 1160 2311 Johannis
1182 2290 1271 2323 pape
1292 2279 1457 2311 vicesimi
1478 2279 1644 2320 secundi,
1662 2291 1732 2324 que
1753 2279 1880 2324 incipit
1903 2290 1909 2311 :
1935 2280 2028 2324 Quia
2043 2278 2324 2324 quorumdam²⁰,

458 2343 552 2375 inter
579 2349 696 2375 cetera
724 2343 878 2376 dicentis
905 2356 911 2376 :
943 2359 958 2374 «
981 2345 1059 2386 Que
1085 2345 1231 2389 quidem
1258 2345 1412 2378 assertio
1440 2346 1604 2378 continet
1628 2345 1738 2378 multa
1763 2345 1865 2387 salsa,
1889 2358 1969 2378 cum
1997 2357 2114 2390 neque
2140 2345 2324 2379 Christum

460 2423 476 2440 (c
499 2409 825 2454 expropriationem
844 2410 1039 2454 predictam
1063 2411 1181 2443 omnis
1197 2411 1292 2455 juris
1314 2412 1351 2444 in
1372 2413 1634 2456 cujuscumque
1655 2412 1708 2444 rei
1729 2412 1949 2457 proprietate
1975 2419 2011 2445 et
2036 2412 2073 2444 in
2094 2413 2173 2457 ejus
2198 2424 2268 2445 usu
2288 2412 2325 2445 in

460 2489 476 2506 <‹
499 2487 538 2508 se
565 2487 744 2516 servasse,
772 2487 837 2508 nec
865 2488 940 2508 eam
970 2477 1191 2521 imposuisse
1222 2478 1412 2522 apostolis,
1441 2490 1559 2523 neque
1588 2478 1656 2511 sub
1685 2485 1770 2511 voto
1797 2478 1840 2511 ab
1870 2478 1923 2511 eis
1951 2479 2064 2511 fuisse
2091 2485 2324 2524 assumptam,

461 2556 476 2572 «
500 2541 708 2586 evangelica
730 2553 793 2574 seu
820 2542 1017 2586 apostolica
1040 2543 1165 2576 doceat
1194 2544 1372 2589 hystoria;
1401 2545 1465 2577 sed
1493 2545 1713 2578 contrarium
1742 2545 1948 2578 evidentius
1975 2545 2181 2578 manifestet
2200 2558 2231 2577 ».
2253 2546 2327 2578 Hec

460 2607 665 2640 decretalis.
702 2608 790 2640 Dico
827 2609 930 2641 etiam
968 2609 1064 2653 quod
1099 2611 1332 2643 auctoritates
1363 2623 1435 2643 non
1470 2618 1556 2644 sunt
1587 2611 1631 2644 ad
1666 2611 1907 2656 propositum,
1938 2618 1977 2643 ut
2008 2610 2146 2656 liquide
2180 2617 2327 2656 apparet

462 2673 617 2706 intuenti
637 2680 770 2706 textum
790 2680 824 2706 et
844 2674 967 2718 glosas
988 2675 1189 2708 ordinarias
1211 2683 1246 2709 et
1265 2676 1493 2721 approbatas.

551 2754 566 2770 «
590 2741 758 2772 Preterea
784 2740 851 2772 fuit
876 2747 1040 2785 quartum
1067 2742 1299 2775 cori-elarium
1324 2743 1420 2788 quod
1450 2743 1569 2785 intuli,
1594 2743 1704 2788 quod,
1723 2743 1907 2776 abdicacio
1931 2755 2051 2776 rerum
2074 2743 2326 2788 temporalium

462 2805 662 2838 secundum
684 2806 793 2838 animi
814 2807 1116 2851 preparationem,
1135 2808 1268 2841 nullam
1286 2816 1346 2841 aut
1365 2809 1469 2842 valde
1487 2810 1733 2854 imperfectam
1755 2817 1790 2842 et
1809 2809 1973 2855 fragilem
1991 2809 2151 2842 ostendit
2171 2816 2206 2842 et
2221 2809 2327 2842 efficit

460 2871 733 2915 perfectionem.
759 2872 913 2905 Probavi
934 2873 1063 2917 primo,
1088 2874 1170 2918 quia
1196 2886 1341 2919 semper
1362 2875 1496 2908 habent
1516 2888 1713 2920 pauperes3
1737 2876 1912 2917 secundo,
1940 2876 2023 2920 quia
2050 2887 2123 2908 non
2143 2875 2237 2909 valet
2255 2875 2327 2909 nisi
