2488 3386
404 342 468 375 550
984 347 1303 370 CHARTULARIUM
1339 346 1528 369 umvans.
1567 346 1693 368 0111115.
2172 332 2270 369 [1393

409 493 548 530 1603.
572 503 720 527 Decretum
734 500 888 535 facultatis
904 500 1063 526 medicinae
1077 508 1128 535 pro
1149 498 1294 525 abolenda
1312 499 1444 534 practica
1465 498 1640 532 medicinali,
1664 498 1743 533 vulgo
1761 498 1841 537 dieta
1857 507 1871 523 ‹<
1886 497 2086 524 escarmouche
2101 507 2130 529 »,
2153 497 2273 523 duorum

492 553 624 584 fratrum.

1620 597 1697 626 1393,
1713 597 1800 622 Martii
1812 597 1854 625 22,
1870 596 1985 622 Parisiis.

495 697 535 728 In
557 696 702 728 nomine
724 695 881 735 Domini,
905 707 1020 727 amen.
1051 695 1118 726 Per
1138 693 1206 726 1100
1228 705 1381 738 presens
1402 705 1527 725 verum
1558 699 1592 726 et
1611 693 1797 738 publicum
1821 693 2102 726 instrumentum
2131 692 2271 725 cunctis

406 769 523 808 pateat
547 762 736 796 evidenter
759 769 793 794 et
819 768 942 794 notum
966 761 1023 801 sit,
1048 760 1145 805 quod
1171 772 1265 792 anno
1295 759 1458 804 ejusdem
1489 760 1633 792 Domini
1663 759 1857 793 millesimo
1879 760 2136 793 trecentesimo
2163 771 2274 792 nona-

406 829 546 874 gesimo
576 828 750 869 secundo,
783 828 981 860 indictione
1012 827 1138 871 prima,
1167 826 1304 859 mensis
1335 826 1454 859 Martii
1482 826 1540 859 die
1567 826 1739 859 vicesima
1763 826 1935 867 secunda,
1965 826 2196 871 pontificatus

405 895 605 929 Clementis
634 895 755 928 divina
779 894 1006 939 providentia
1033 905 1122 938 pape
1149 892 1294 938 septimi
1323 904 1417 926 anno
1443 893 1569 937 quinto
1591 892 1745 933 decimo,
1770 899 1919 938 propter
1939 892 2008 926 hoc
2030 892 2273 938 personaliter

406 962 626 994 constitutus
658 972 787 1005 magne
818 960 1051 993 discretionis
1081 972 1119 992 ac
1148 959 1341 1004 prudentie
1362 959 1417 992 vir
1438 959 1613 1004 magister
1634 959 1860 992 Godefridus
1881 959 1985 992 Parvi
2016 959 2060 992 de
2080 959 2275 1001 Varennis,

407 1029 580 1073 magister
609 1028 646 1060 in
676 1027 814 1060 artibus
844 1034 879 1059 et
908 1027 944 1059 in
971 1026 1162 1067 medicina,
1190 1026 1351 1059 Parisius
1382 1033 1460 1059 actu
1489 1038 1622 1071 regens
1651 1026 1687 1058 in
1714 1026 1807 1059 dicta
1833 1026 2000 1059 facultate
2031 1026 2209 1059 medicine
2237 1038 2276 1059 ac

407 1095 570 1139 ejusdem
599 1094 779 1127 facultatis
813 1093 991 1126 medicine
1018 1093 1189 1134 decanus,
1213 1093 1250 1125 in
1271 1093 1558 1138 congregatione
1584 1092 1806 1126 venerabilis
1830 1093 2009 1126 facultatis
2037 1092 2217 1126 medicine
2238 1104 2277 1126 ac

408 1162 661 1206 magistrorum
692 1160 976 1193 reverendorum
1000 1160 1204 1205 regentium
1233 1167 1267 1193 et
1289 1172 1362 1192 non
1384 1160 1587 1205 regentium
1611 1161 1647 1193 in
1674 1160 1853 1193 medicina
1874 1160 1966 1193 infra
1988 1160 2220 1205 scriptorum,
2244 1166 2279 1192 et

408 1238 472 1270 per
486 1227 689 1270 juramenta
707 1237 769 1258 sua
791 1231 1000 1258 vocatorum
1022 1232 1055 1258 et
1074 1224 1142 1258 sub
1164 1225 1262 1257 omni
1285 1236 1375 1270 pena
1396 1237 1435 1258 30
1457 1237 1537 1258 011111
1562 1225 1690 1258 cedula
1713 1232 1747 1258 et
1768 1237 1834 1270 pro
1859 1225 2019 1258 secunda
2040 1225 2118 1258 vice
2139 1224 2183 1257 ad
2205 1230 2276 1257 sta-

409 1292 581 1325 tuendum
603 1298 638 1324 et
658 1291 958 1336 dispensandum,
982 1292 1012 1324 si
1036 1303 1128 1336 opus
1150 1292 1208 1332 sit,
1232 1298 1267 1324 et
1288 1303 1399 1336 super
1423 1291 1639 1336 quibusdam
1666 1291 1760 1332 aliis,
1789 1292 1826 1324 in
1847 1291 2031 1336 presentia
2051 1291 2122 1323 mei
2148 1290 2278 1324 notarii

408 1358 544 1403 publici
561 1358 771 1403 subscripti,
788 1358 1147 1403 reverendorumque
1165 1358 1419 1403 magistrorum
1439 1371 1478 1391 30
1495 1359 1639 1391 1051111111
1655 1358 1958 1403 subscriptorum,
1973 1358 2091 1391 dictus
2109 1357 2278 1391 dominus

408 1426 568 1458 decanus
590 1425 735 1458 nomine
758 1425 883 1458 decani
902 1425 1082 1458 facultatis
1103 1425 1284 1458 medicine
1306 1425 1464 1459 narravit
1485 1432 1520 1458 et
1540 1425 1664 1458 retulit
1684 1432 1719 1458 et
1738 1425 1782 1458 ad
1799 1425 2007 1458 memoriam
2030 1425 2174 1458 reduxit
2196 1436 2202 1457 :

497 1492 701 1535 Quomodo,
724 1492 870 1525 nomine
892 1504 962 1536 quo
980 1503 1102 1537 supra,
1120 1492 1198 1537 ipse
1219 1492 1319 1533 alias,
1338 1491 1510 1525 videlicet
1530 1504 1636 1533 anno,
1656 1492 1868 1533 indictione,
1893 1491 2123 1537 pontificatus
2145 1491 2279 1536 quibus

410 1571 532 1604 supra,
554 1559 681 1603 prefati
703 1559 840 1591 mensis
864 1559 981 1591 Martii
1005 1559 1062 1591 die
1085 1566 1220 1599 octava,
1244 1559 1329 1591 fecit
1351 1559 1472 1592 vocari
1494 1559 1689 1604 magistros
1711 1566 1882 1604 regentes
1904 1565 1939 1591 et
1959 1571 2032 1591 non
2054 1565 2224 1603 regentes
2245 1564 2281 1591 et

410 1637 475 1670 per
490 1626 692 1669 juramenta
714 1625 875 1670 ipsorum
898 1625 942 1658 ad
958 1626 1283 1671 congregationem
1301 1626 1379 1659 sine
1401 1625 1528 1659 cedula
1545 1626 1582 1658 in
1599 1625 1756 1671 capitulo
1779 1625 1898 1658 Sancti
1915 1625 2087 1658 Maturini
2103 1625 2277 1666 Parisius,

410 1692 473 1724 ubi
493 1698 706 1725 consuetum
729 1699 784 1725 est
808 1693 920 1737 ipsam
944 1692 1147 1725 facultatem
1169 1693 1378 1734 convenire,
1402 1704 1512 1738 super
1538 1692 1721 1737 aliquibus
1746 1691 1980 1737 tangentibus
2001 1699 2035 1724 et
2055 1703 2279 1725 concernen-

411 1758 508 1791 tibus
528 1758 702 1790 honorem
727 1758 821 1791 dicte
842 1759 1021 1792 facultatis
1042 1759 1236 1801 medicine,
1260 1766 1295 1792 et
1319 1759 1362 1792 ad
1384 1759 1629 1800 statuendum,
1657 1759 1687 1792 si
1709 1771 1801 1804 opus
1823 1765 1940 1800 esset;
1970 1770 2009 1791 ac
2038 1758 2194 1791 ulterius
2221 1758 2279 1791 die

410 1825 490 1857 date
509 1825 690 1869 presentis
712 1825 943 1858 instrumenti
960 1826 1045 1858 fecit
1061 1826 1256 1871 magistros
1274 1826 1368 1859 dicte
1385 1826 1564 1859 facultatis
1582 1826 1762 1859 medicine
1779 1832 1950 1871 regentes
1968 1832 2003 1858 et
2018 1837 2091 1858 non
2109 1831 2279 1870 regentes

411 1891 648 1936 solempniter
676 1892 796 1924 vocari
824 1904 901 1924 cum
934 1893 1060 1926 cedula
1092 1899 1127 1925 et
1157 1892 1224 1925 sub
1246 1893 1343 1926 omni
1371 1905 1461 1938 pena
1489 1899 1523 1925 et
1544 1905 1609 1938 pro
1631 1893 1791 1926 secunda
1818 1893 1897 1925 vice
1923 1892 1966 1925 ad
1993 1892 2224 1925 statuendum
2246 1898 2281 1924 et

412 1958 711 2003 dispensandum,
740 1959 770 1991 51
799 1971 890 2003 opus
920 1966 1029 1992 esset.
1066 1960 1106 1992 In
1137 1972 1205 2004 qua
1240 1960 1526 2005 congregatione
1553 1960 1632 2004 ipse
1664 1959 1855 2004 requisivit
1877 1971 1894 1992 a
1916 1958 2081 2004 quolibet
2105 1959 2279 2003 magistro

410 2025 640 2069 infrascripto
669 2032 804 2066 votum,
833 2026 1070 2058 intentionem
1102 2033 1136 2059 et
1168 2026 1468 2059 deliberationem
1501 2039 1539 2059 30
1570 2027 1780 2071 opinionem
1814 2037 1925 2071 super
1952 2025 2182 2070 infrascripta
2208 2031 2280 2058 513-

411 2091 542 2123 tuenda
564 2092 786 2132 successive,
810 2092 1010 2125 secundum
1034 2093 1131 2137 quod
1151 2093 1187 2125 in
1209 2092 1341 2126 talibus
1364 2093 1475 2126 moris
1493 2100 1548 2125 est
1568 2105 1606 2126 ac
1629 2093 1707 2125 fieri
1729 2099 1957 2126 consuetum.
1982 2093 2143 2135 Quorum
2166 2091 2279 2137 magi-

410 2164 566 2190 strorum
594 2158 702 2199 votis,
733 2158 1012 2200 intentionibus,
1043 2159 1370 2192 deliberationibus
1397 2167 1431 2192 et
1457 2159 1694 2204 opinionibus
1723 2171 1787 2204 per
1813 2160 1931 2204 ipsum
1961 2159 2150 2200 decanum,
2174 2165 2281 2203 prout

411 2236 454 2256 ex
488 2225 604 2257 officio
638 2237 703 2257 suo
734 2225 899 2266 interest,
931 2226 967 2258 in
1001 2238 1110 2258 unum
1144 2226 1364 2268 recollectis,
1397 2227 1516 2259 dictus
1548 2227 1717 2259 dominus
1753 2226 1912 2259 decanus
1945 2237 1988 2258 ex
2017 2225 2279 2258 deliberatione

412 2291 559 2334 majoris
589 2298 623 2323 et
651 2292 807 2324 sanioris
838 2292 950 2337 partis
982 2293 1238 2338 magistrorum
1267 2293 1304 2325 in
1331 2293 1424 2326 dicta
1455 2293 1741 2338 congregatione
1770 2292 2014 2333 existentium,
2045 2298 2083 2324 ut
2110 2291 2279 2331 asseruit,

414 2358 559 2389 nomine
581 2358 708 2390 decani
731 2365 764 2390 et
790 2359 969 2392 facultatis
993 2360 1183 2399 medicine,
1207 2372 1245 2392 ac
1267 2367 1337 2392 tam
1359 2360 1580 2404 conjunctim
1606 2372 1711 2404 quam
1738 2359 1882 2392 divisim
1905 2370 1968 2403 per
1990 2358 2135 2391 modum
2158 2358 2281 2391 statuti

412 2423 543 2455 virtute
570 2424 843 2457 deliberationis
872 2426 1051 2458 dictorum
1078 2427 1335 2472 magistrorum
1358 2427 1408 2459 ibi
1437 2427 1668 2459 existentium
1692 2433 1726 2459 et
1750 2426 1902 2458 inferius
1934 2425 2225 2470 subscriptorum
2247 2431 2282 2458 et

416 2501 478 2533 pro
501 2490 659 2522 secunda
681 2491 771 2530 vice,
794 2492 986 2530 conclusit,
1009 2493 1106 2537 quod
1124 2494 1278 2538 practica
1300 2494 1526 2526 medicinalis
1548 2493 1789 2538 expectatoria
1807 2499 1842 2525 et
1862 2492 2060 2536 vulgariter
2076 2498 2281 2536 nuncupata

415 2570 429 2586 α
449 2556 704 2589 escarmouche
728 2571 757 2598 ›>,
781 2570 850 2602 que
871 2559 1003 2591 cotidie
1025 2567 1216 2592 exercetur
1234 2560 1324 2593 ultra
1347 2567 1476 2605 pontes
1494 2560 1654 2592 Parisius
1675 2560 1711 2592 111
1729 2559 1835 2592 (101110
1858 2559 2011 2591 duorum
2033 2559 2195 2599 fratrum,
2214 2558 2281 2591 sita

416 2622 450 2653 in
480 2622 559 2654 vico
582 2623 700 2655 Sancti
731 2624 899 2665 Dionisii,
922 2625 1075 2658 faciente
1107 2639 1216 2659 unum
1239 2639 1369 2659 conum
1396 2627 1465 2660 vici
1492 2626 1733 2666 Tablatorie¹,
1757 2633 1792 2658 et
1817 2626 1853 2658 in
1879 2626 1987 2658 domo
2013 2625 2129 2658 eidem
2158 2624 2281 2657 domui

415 2688 567 2721 duorum
589 2689 736 2721 fratrum
764 2691 940 2734 opposita,
965 2704 1033 2736 que
1059 2693 1141 2725 facit
1162 2693 1314 2726 alterum
1337 2706 1467 2726 conum
1498 2693 1583 2726 dicti
1609 2693 1679 2726 vici
1705 2693 1915 2726 Tablatorie
1937 2699 1971 2725 et
1992 2692 2029 2724 in
2053 2692 2179 2725 eodem
2201 2691 2280 2724 vico

415 2755 535 2789 Sancti
562 2756 730 2796 Dionisii,
758 2756 964 2790 aboleretur
990 2759 1032 2790 de
1060 2759 1170 2799 sacto,
1203 2772 1272 2804 que
1306 2760 1460 2804 practica
1489 2760 1532 2792 de
1558 2760 1650 2792 facto
1679 2766 1735 2792 est
1762 2760 1798 2791 in
1829 2759 2062 2804 vituperium,
2086 2758 2279 2799 infamiam,

414 2821 597 2862 vilitatem,
622 2822 781 2855 dedecus
803 2830 835 2855 et
858 2823 1114 2857 detrimentum
1141 2826 1251 2859 totius
1279 2826 1459 2859 facultatis
1489 2826 1666 2859 medicine
1694 2833 1727 2858 et
1753 2826 1982 2871 singulorum
2007 2825 2279 2870 suppositorum

416 2888 578 2931 ejusdem
598 2888 790 2930 facultatis,
812 2890 999 2935 ipsamque
1021 2892 1210 2935 practicam
1230 2893 1510 2937 suprascriptam
1537 2893 1654 2925 dictus
1677 2892 1846 2925 dominus
1868 2893 2026 2925 decanus
2044 2892 2189 2925 nomine
2207 2903 2278 2936 quo
