2488 3386
443 351 507 382 224
1025 359 1338 381 ann'ruman
1376 358 1562 379 UNians.
1600 357 1726 378 tuuis.
2201 342 2300 377 {1:375

442 434 536 478 logia
558 434 730 478 magistri,
749 440 954 466 asserentes
971 433 1014 465 ad
1036 444 1158 465 eorum
1177 433 1336 465 auditum
1361 444 1475 476 nuper
1493 443 1657 463 rumores
1674 429 1880 465 devenisse,
1900 435 1934 461 61
1951 428 2020 461 sibi
2044 441 2106 473 per
2124 428 2298 473 quosdam

442 507 560 533 certos
578 501 729 532 nuncios
747 500 880 532 dudum
902 512 964 544 pro
983 506 1080 544 parte
1097 499 1275 531 facultatis
1293 499 1475 543 theologie
1494 498 1603 531 studii
1625 496 1854 533 Parisiensis,
1872 496 1914 528 ad
1933 496 2116 528 dominum
2136 502 2298 528 nostrum

442 579 619 599 summum
644 567 847 611 pontificem
870 567 1114 611 supradictum
1136 566 1182 598 ob
1203 573 1298 598 certa
1322 566 1465 609 negotia
1488 565 1581 597 dicte
1602 563 1781 596 facultatis
1802 563 2016 604 destinatos»,
2039 569 2074 595 61
2099 562 2182 595 inde
2204 563 2300 595 Pari-

442 634 518 665 sius
540 645 719 674 reversos,
744 633 890 665 relatum
915 633 1090 671 extitisse,
1114 633 1312 677 predictum
1336 632 1520 664 dominum
1549 638 1711 663 nostrum
1735 642 1859 675 papam
1881 630 2040 674 graviter
2055 630 2243 674 conqueri,
2266 636 2301 662 61

443 712 513 732 11011
545 700 622 732 31116
652 711 756 732 causa
785 699 876 732 male
905 699 1105 732 contentari
1136 711 1245 744 super
1274 711 1330 740 eo,
1357 699 1453 743 quod
1480 698 1623 743 quidam
1647 697 1740 730 liber
1766 697 1901 729 dudum
1929 696 2216 741 condempnatus
2237 708 2301 741 per

442 766 562 798 sedem
585 766 830 810 apostolicam,
854 772 1081 810 nuncupatus
1103 766 1213 799 Liber
1233 766 1492 810 magistrorum
1515 764 1683 798 Marsilii
1703 764 1745 797 de
1766 763 1891 797 Padua
1912 769 1945 797 et
1964 763 2138 797 Jolzanm's
2152 762 2194 797 de
2213 764 2300 797 ,lan-

440 832 545 873 duno,
568 832 761 864 translatus
787 833 951 864 extiterat
971 832 1015 864 de
1037 832 1146 864 latino
1168 832 1205 863 in
1227 831 1410 876 gallicum,
1434 843 1496 863 seu
1520 831 1588 864 11116
1611 831 1767 875 ydioma,
1791 830 1887 875 quod
1909 830 1946 862 in
1967 830 2124 863 savorem
2147 836 2182 862 et
2204 842 2300 863 6001-

442 899 649 943 placentiam
682 899 909 943 imperatoris
942 905 974 930 et
1008 898 1243 942 quorumdam
1275 898 1476 942 principum
1511 905 1751 935 terrenorum,
1782 904 1814 929 et
1846 897 1881 929 in
1913 897 1996 930 dicti
2029 897 2166 930 domini
2196 909 2299 942 pape,

440 965 550 998 Jhesu
567 965 701 998 Christi
719 965 855 997 domini
873 965 987 997 nostri
1004 965 1140 1003 vicarii,
1156 965 1315 997 dedecus
1333 971 1367 997 et
1383 964 1662 1009 displicentiam,
1680 977 1719 997 ac
1736 971 1980 1008 contemptum
1999 964 2154 997 ecclesie
2170 966 2301 997 cedere

440 1031 628 1064 videbatur
647 1044 653 1063 :
677 1032 846 1075 quodque
869 1031 1028 1075 suspicio
1051 1031 1260 1071 habebatur,
1285 1043 1328 1063 ne
1349 1031 1481 1076 aliquis
1503 1031 1696 1075 theologus
1719 1031 1762 1063 de
1789 1031 1910 1063 studio
1936 1030 2112 1075 generali,
2134 1031 2301 1076 quisquis

441 1099 498 1138 sit,
518 1098 759 1130 transtulisset
783 1098 915 1129 dictum
939 1097 1085 1138 librum,
1108 1098 1143 1129 in
1166 1110 1237 1142 quo
1260 1110 1404 1130 errores
1427 1097 1592 1130 nonnulli
1613 1104 1737 1130 eontra
1760 1097 1866 1130 fidem
1888 1097 2114 1139 catholicam,
2131 1097 2216 1130 olim
2238 1110 2302 1143 per

440 1164 621 1208 predictos
643 1164 727 1196 dicti
756 1164 837 1196 libri
865 1164 1073 1196 conditores
1104 1164 1269 1208 pullulati
1292 1165 1363 1207 (sic)
1385 1164 1554 1197 dicuntur
1575 1164 1768 1203 contineri,
1791 1171 1824 1197 et
1846 1165 1906 1209 qui
1933 1176 2078 1197 errores
2104 1165 2300 1210 conscripti

439 1231 550 1263 lacius
577 1231 611 1262 in
638 1231 787 1275 quadam
814 1230 941 1263 cedula
970 1231 1114 1275 papirea
1135 1230 1242 1263 michi
1274 1231 1413 1263 notario
1448 1231 1606 1276 publico,
1639 1243 1757 1264 coram
1790 1231 2008 1276 subscriptis
2038 1231 2206 1273 testibus,
2237 1243 2302 1277 per

439 1309 578 1329 manum
601 1297 685 1329 dicti
708 1297 869 1341 magistri
892 1298 1058 1342 Symonis
1079 1299 1214 1330 Freron
1236 1298 1381 1330 fuerunt
1398 1297 1562 1339 exhibiti,
1580 1298 1641 1342 qui
1663 1298 1752 1331 tales
1774 1305 1859 1331 sunt
1880 1305 1985 1343 prout
2006 1299 2043 1331 in
2064 1298 2156 1331 dicta
2173 1298 2299 1332 cedula

438 1375 500 1407 per
522 1376 575 1395 me
598 1363 670 1396 visa
688 1370 723 1396 et
744 1363 899 1408 perlecta
920 1364 1141 1403 continetur,
1160 1364 1343 1405 videlicet,
1362 1365 1458 1409 quod
1476 1364 1579 1405 illud,
1598 1365 1695 1410 quod
1717 1365 1761 1398 de
1783 1365 1929 1399 Christo
1946 1365 2080 1410 legitur
2101 1365 2137 1398 in
2160 1366 2300 1398 Euvan-

437 1430 533 1474 gelio
555 1430 589 1462 b.
613 1430 757 1470 Mathei,
780 1430 875 1475 quod
898 1431 975 1475 ipse
997 1430 1105 1463 solvit
1128 1430 1298 1463 tributum
1322 1432 1461 1472 Cesari,
1479 1432 1623 1476 quando
1645 1439 1813 1465 staterem
1837 1439 2018 1477 sumptum
2041 1444 2083 1465 ex
2104 1444 2167 1465 ore
2189 1432 2300 1477 piscis

438 1496 523 1536 illis,
557 1497 617 1540 qui
648 1496 816 1541 petebant
844 1497 1041 1542 didragma,
1063 1498 1173 1542 jussit
1201 1498 1289 1538 dari,
1317 1497 1384 1531 1106
1410 1499 1494 1531 fecit
1524 1511 1596 1531 0011
1622 1499 1908 1532 6001163661131ν6
1931 1506 1966 1532 61
1986 1499 2201 1533 liberalitate
2232 1511 2297 1533 sue

440 1563 593 1607 pietatis,
616 1563 680 1595 3611
702 1563 918 1596 necessitate
938 1571 1094 1596 coactus.
1119 1565 1218 1605 116111,
1242 1565 1336 1609 quod
1361 1565 1394 1597 b.
1414 1566 1541 1598 Petrus
1563 1566 1772 1610 apostolus⁵
1778 1592 1844 1599 .....

525 1630 602 1671 Que
619 1629 763 1674 quidem
786 1630 911 1662 cedula
935 1631 1076 1675 papirea
1098 1631 1290 1664 continens
1307 1632 1424 1664 dictos
1446 1644 1603 1673 errores,
1623 1633 1674 1665 sic
1696 1633 1823 1678 incipit
1841 1645 1848 1665 ε
1868 1647 1884 1664 1(
1902 1633 2086 1666 Johannes
2103 1633 2298 1678 episcopus

438 1707 565 1728 servus
592 1707 777 1728 servorun]
810 1696 889 1737 Dei,
912 1697 1110 1729 venerabili
1140 1698 1238 1730 fratri
1267 1698 1440 1743 episcopo
1462 1699 1671 1739 Parisiensi,
1694 1699 1845 1732 salutem
1869 1706 1902 1732 et
1929 1699 2161 1744 apostolicam
2188 1699 2298 1732 bene—

437 1762 644 1794 dictionem.
668 1762 756 1795 Cum
780 1775 1004 1807 processum,
1034 1776 1096 1808 per
1117 1776 1221 1808 quem
1245 1765 1442 1798 nonnullos
1470 1766 1650 1810 pessimos
1671 1757 1816 1799 errores
1839 1773 1874 1799 et
1898 1766 2063 1807 hereses,
2084 1778 2177 1811 quos
2199 1766 2296 1800 dam-

438 1829 532 1872 pnati
559 1828 722 1870 heretici,
761 1829 944 1862 Marsilius
981 1830 1024 1862 de
1055 1831 1172 1863 Padua
1204 1838 1236 1864 et
1261 1831 1444 1865 Johannes
1473 1833 1517 1865 de
1551 1833 1732 1874 Janduno,
1761 1834 2003 1878 dogmatizare
2039 1840 2073 1866 61
2110 1833 2297 1879 predicare

437 1894 594 1939 publice,
616 1902 683 1928 tam
706 1895 742 1927 in
764 1897 924 1936 Bavaria,
942 1909 1045 1941 quam
1069 1898 1103 1929 111
1126 1898 1206 1930 aliis
1228 1899 1318 1930 loris
1336 1914 1367 1940 n,
1391 1907 1458 1932 etr.
1483 1901 1522 1932 1⁴11
1545 1901 1597 1932 sic
1618 1907 1699 1933 ante
1722 1901 1835 1933 datam
1861 1901 2097 1934 terminatur:
2118 1915 2134 1932 t(
2157 1901 2193 1934 Si
2215 1902 2297 1946 quis

436 1968 551 1994 autem
575 1962 773 1994 doctrinam
796 1963 990 2007 predictam
1014 1964 1222 1997 deffendere
1244 1966 1300 1998 vel
1321 1967 1522 2011 approbare
1541 1968 1817 2012 presumpserit,
1837 1969 2088 2013 cujuscunque
2110 1968 2157 2001 sit
2177 1968 2296 2013 digni-
2342 1998 2346 2001 ,

436 2028 528 2067 111113,
547 2028 699 2069 ordinis,
722 2029 949 2062 condicionis
971 2037 1027 2063 aut
1050 2038 1178 2073 status,
1197 2039 1361 2077 tanquam
1384 2033 1567 2067 hereticus
1589 2034 1632 2067 ab
1654 2034 1825 2067 omnibus
1845 2035 2053 2067 confutetur
2075 2049 2106 2073 »,
2128 2041 2195 2068 etc.

525 2095 565 2126 Et
587 2094 749 2127 dicentes
771 2107 809 2127 se
831 2098 1148 2141 congregationem
1171 2099 1206 2130 in
1229 2099 1321 2132 dicta
1346 2099 1529 2145 theologie
1558 2101 1723 2133 facultate
1749 2101 1795 2133 ob
1824 2101 1891 2134 hoc
1917 2102 2048 2134 fecisse
2078 2101 2155 2134 fieri
2185 2113 2294 2146 gene-

437 2161 558 2201 ralem,
586 2173 624 2193 ac
650 2161 686 2193 in
713 2162 789 2206 ipsa
817 2169 851 2194 et
878 2175 940 2207 per
960 2164 1072 2208 ipsam
1100 2172 1219 2198 certos
1241 2167 1512 2200 commissarios
1535 2180 1598 2212 pro
1626 2175 1695 2201 10111
1718 2168 1810 2200 dicta
1832 2168 1999 2201 facultate
2020 2180 2063 2201 ex
2089 2180 2128 2201 se
2149 2169 2239 2214 ipsis
2260 2175 2293 2201 et

436 2227 528 2259 inter
548 2239 586 2259 36
612 2228 769 2272 elegisse
795 2241 836 2261 ex
862 2230 984 2262 eadem
1007 2231 1050 2263 ad
1078 2232 1364 2277 investigandam
1392 2234 1601 2279 hujusmodi
1630 2235 1870 2274 translatoris,
1898 2236 1927 2267 si
1954 2235 2036 2280 quis
2062 2242 2171 2271 esset,
2202 2235 2296 2268 inter

436 2294 534 2338 ipsos
556 2295 739 2326 veritatem
763 2302 797 2327 et
822 2308 885 2340 pro
912 2298 1120 2341 suspicione
1143 2299 1301 2343 predicta
1328 2300 1371 2332 ab
1392 2301 1513 2345 aliquo
1536 2301 1590 2334 vel
1618 2302 1802 2347 aliquibus
1825 2302 1868 2334 (16
1891 2302 1983 2335 dicta
2005 2303 2171 2335 facultate
2197 2314 2293 2335 aino-

435 2360 561 2392 venda.
589 2361 657 2403 Qui
686 2373 769 2393 suas
798 2363 963 2406 primitus
992 2371 1114 2397 mutuo
1143 2366 1309 2405 invicem,
1340 2374 1372 2400 et
1401 2368 1530 2400 exinde
1553 2369 1712 2401 omnium
1742 2368 1894 2401 alioruin
1922 2369 2176 2413 magistrorum
2199 2369 2293 2402 dicte

434 2426 611 2459 facultatis
633 2427 814 2472 theologie
836 2430 1050 2463 parisiensis
1075 2433 1316 2465 conscientias
1346 2434 1541 2479 diligenter
1569 2442 1836 2480 perscrutarent
1864 2436 2049 2480 sigillatim
2081 2448 2143 2480 per
2168 2448 2291 2468 eorum

429 2494 645 2536 juramenta,
668 2501 703 2526 ut
732 2494 861 2528 melius
892 2504 1017 2540 posset
1041 2510 1122 2530 esse
1149 2506 1183 2531 et
1204 2499 1294 2540 sieri,
1319 2507 1385 2532 tam
1409 2500 1473 2533 hac
1500 2502 1557 2533 die
1580 2514 1684 2546 quam
1706 2502 1787 2535 aliis
1814 2502 2138 2547 subsequentibus,
2161 2502 2292 2547 quoad-

437 2570 550 2603 usque
579 2559 685 2603 hujus
709 2561 758 2592 rei
782 2570 963 2606 comperta
984 2565 1146 2601 veritate,
1169 2567 1341 2610 quicquid
1364 2568 1448 2600 inde
1470 2569 1563 2601 scire
1586 2576 1747 2613 possent,
1770 2569 1866 2602 dieto
1888 2569 2035 2602 domino
2057 2576 2181 2602 nostro
2202 2576 2292 2615 pap'e

437 2625 609 2657 veraciter
631 2626 787 2659 valerent
818 2640 920 2672 quam
952 2630 1057 2662 citius
1091 2644 1152 2675 per
1181 2632 1321 2676 publica
1345 2634 1558 2667 documenta
1590 2635 1768 2676 intimare,
1799 2643 1905 2680 prout
1934 2636 2050 2669 decet.
2073 2636 2178 2677 Quod
2200 2647 2292 2675 opus

435 2691 702 2735 aggredientes,
726 2706 781 2725 me
808 2695 945 2727 notario
969 2696 1112 2740 publico
1139 2705 1170 2730 et
1199 2699 1352 2732 testibus
1379 2701 1618 2746 infrascriptis
1640 2702 1886 2746 presentibus,
1913 2714 2060 2735 examen
2083 2714 2187 2735 suum
2214 2702 2295 2735 fieri*

435 2758 647 2802 inceperunt
669 2759 712 2791 116
734 2760 880 2804 36111313,
903 2768 934 2793 61
957 2763 1086 2795 exinde
1108 2764 1151 2796 de
1173 2765 1252 2798 aliis
1275 2766 1528 2812 infrascriptis,
1551 2768 1620 2800 isto
1643 2769 1762 2801 modo.

525 2824 565 2855 Et
593 2824 758 2868 primitus
791 2828 986 2871 supradicti
1023 2836 1094 2861 tres
1131 2832 1304 2875 magistri,
1333 2833 1500 2866 videlicet
1535 2835 1667 2879 Symon
1698 2836 1834 2868 Freron
1865 2843 1899 2868 et
1929 2836 2099 2868 Nicolaus
2124 2836 2289 2875 Oresme,

435 2901 473 2920 ac
505 2889 704 2923 Richardus
744 2892 861 2925 dictus
895 2894 1022 2928 Barbe.
1062 2897 1207 2929 insimul
1243 2906 1273 2930 et
1311 2901 1541 2933 concorditer
1578 2902 1823 2945 supradictum
1860 2902 2044 2934 dominum
2078 2906 2288 2947 episcopum
