2488 3386
456 331 499 363 44
1030 336 1348 360 cnaanLARwM
1383 335 1573 357 Uvassns.
1611 335 1742 357 Panis.
2219 321 2314 358 [1357

454 413 566 437 dominis
591 412 730 443 (canonicis
749 412 845 443 Paris.)
874 411 976 443 Vi[ta1i]
1001 414 1115 439 cantore,
1141 410 1228 441 P[etro
1254 410 1285 432 de
1307 407 1431 440 Roniaeo]
1458 408 1644 432 archidiacono
1668 407 1738 437 Brie,
1760 408 1860 432 Eblone
1886 408 2023 437 Fouchier,
2047 407 2165 432 Gilberto
2187 407 2317 437 Hainelin,

455 457 608 490 St[ephauo]
623 458 654 480 de
672 457 795 486 Pax-isius,
812 457 954 487 Regnaudo
970 456 1001 478 de
1016 455 1121 482 Bruxia,
1138 453 1273 485 him-[tino]
1288 454 1318 476 de
1335 453 1439 482 Mcllou,
1455 452 1561 476 Ytherio
1577 452 1608 476 de
1623 453 1746 476 Jorrassa
1761 453 1915 484 (Jarrossa),
1926 452 2045 476 Johanne
2054 451 2143 484 [Lupi]
2158 455 2317 481 succentore,

455 501 550 534 P[etro]
573 501 710 530 Penei-elli,
733 501 845 525 Girurdo
870 501 902 523 de
927 500 1056 529 Curtillis,
1080 498 1178 530 P[etro]
1202 498 1233 521 de
1257 497 1399 525 θυι-1111181,
1423 497 1548 528 Dyonisio
1570 496 1602 520 de
1623 497 1763 526 Duclar02‚
1786 497 1922 520 Bernardo
1941 496 1973 520 de
1995 496 2124 526 climaco,
2146 497 2266 520 ,iohanne
2287 497 2318 520 de

454 546 579 575 Essartis,
595 546 692 577 P[etro]
715 545 747 568 de
768 545 916 573 Alvernia3,
939 544 1051 567 Roberto
1074 543 1104 566 de
1130 542 1210 571 Seris,
1229 542 1295 573 Hely
1316 541 1358 572 [de
1381 541 1507 573 Corsone]
1528 541 1734 572 penitenciario‘
1750 549 1773 564 υ.
1797 555 1829 559 -
1851 541 1889 565 Ex
1905 541 1957 564 alio
1973 541 2044 565 sonte
2060 541 2198 570 Jourdain,
2215 545 2246 564 n⁰
2261 542 2317 571 659,

453 591 638 614 documentum
653 590 770 621 amplum
785 589 816 612 de
833 589 924 612 eodem
942 588 1045 619 negotio
1065 590 1134 616 (eum
1151 586 1302 610 nominihus
1315 586 1413 618 part-im
1426 585 1536 616 vitiatis)
1552 585 1645 609 edidit.

531 675 553 698 1.
568 675 627 706 Ipse
637 682 679 697 an.
692 675 760 703 1359,
771 674 832 697 Jun.
845 674 866 702 1,
879 674 1000 696 defuncto
1014 673 1096 696 Vitale
1114 672 1145 695 de
1161 671 1298 701 Prinhaco,
1314 670 1413 702 recepit
1427 670 1572 694 cantoriam
1590 670 1674 694 Paris.
1690 670 1776 702 (ΑΙ-011.
1792 674 1845 693 nat.
1861 670 1945 694 Paris.
1961 670 2007 695 LL.
2026 670 2096 698 106⁵,
2112 678 2141 702 p.
2157 670 2220 699 150),
2239 678 2318 701 quam

452 719 536 742 tenuit
555 727 638 750 usque
655 719 687 741 ad
710 726 751 741 an.
770 718 839 746 1362,
858 726 908 748 quo
935 717 957 740 ei
980 717 1093 740 Thomas
1118 716 1220 740 Maalon
1245 715 1372 739 successit
1392 715 1457 746 (vid.
1476 714 1542 739 ibid.
1559 715 1608 739 LL.
1630 714 1699 744 meh,
1714 723 1742 746 p.
1764 715 1808 738 321
1827 718 1853 738 et
1871 715 2008 743 charam,
2026 715 2058 744 11,
2077 722 2103 746 p.
2121 715 2176 743 628,
2195 717 2250 738 not.
2264 714 2317 745 10).

453 777 484 781 —
496 764 519 787 2.
538 763 573 786 De
591 771 641 794 quo
658 762 769 793 aliisque
786 762 813 785 in
833 762 970 790 chartul„
985 762 1018 784 ΙΙ.
1034 761 1092 784 Vid.
1108 761 1197 785 Indic.
1208 761 1271 783 —3.
1291 761 1351 791 Ipse
1366 762 1406 783 est
1422 759 1492 783 idem
1507 767 1538 782 ac
1552 760 1645 783 Petrus
1661 759 1760 783 Calcati
1781 760 1812 782 de
1829 759 1951 782 Alvernia
1966 759 1993 782 in
2011 758 2151 788 chartul„
2167 759 2200 788 11,
2217 767 2245 790 p.
2262 759 2317 788 362,

454 810 507 830 not.
522 808 563 835 22;
577 807 632 836 631,
647 809 701 829 not.
718 807 756 835 29,
772 806 816 837 qui
829 809 886 829 erat
900 814 969 836 mag.
982 805 1008 828 in
1026 808 1075 828 art.
1092 808 1117 828 et
1132 805 1210 837 med.‚
1226 807 1251 827 et
1261 807 1353 835 postea
1366 804 1480 827 decanus
1494 804 1521 827 S.
1537 803 1667 832 Marce11i;
1679 804 1725 827 sed
1737 803 1791 835 jam
1807 806 1866 827 unte
1881 812 1923 827 an.
1935 804 1996 827 1356
2012 804 2095 827 sactus
2111 806 2150 827 est
2162 811 2220 826 can.
2233 802 2317 826 Paris.

453 853 500 875 An.
516 852 584 879 1364,
602 851 683 881 April.
701 852 737 878 29,
754 850 899 881 capitulum
916 849 1000 872 Paris.
1018 849 1154 880 magistris
1170 852 1195 871 et
1208 848 1374 871 scholaribus
1388 848 1413 871 S.
1427 848 1529 871 Nicolai
1546 848 1577 871 de
1593 848 1706 879 Lupum,
1722 856 1733 871 «
1749 848 1794 879 qui
1808 847 1941 879 petierunt
1953 847 2039 879 primo
2052 856 2100 879 per
2114 848 2221 871 modum
2236 847 2318 879 legati

453 895 534 918 libros
555 895 732 923 medicinales,
751 894 795 925 qui
816 895 920 917 suerunt
937 893 1052 916 defuncti
1073 902 1142 924 mag.
1161 893 1230 916 Petri
1246 893 1276 916 de
1295 892 1416 916 Alvernia
1434 892 1567 924 quondam
1588 892 1706 915 canonici
1723 892 1818 921 Paris.;
1837 892 1931 915 deinde
1949 900 1997 924 per
2016 893 2123 916 modum
2142 891 2317 923 obligacionin

453 943 478 963 et
494 939 671 963 restitucionis
694 939 778 962 fiende
795 938 863 961 dicte
882 938 971 961 domui
989 938 1139 965 scolarium,
1158 937 1184 960 in
1202 945 1253 969 qun
1270 937 1355 960 dictus
1373 937 1512 960 defunctus
1530 945 1607 960 suum
1622 937 1850 966 fundamentum
1867 937 1987 961 obtinuit
2001 937 2033 960 in
2049 937 2187 961 studendo
2201 940 2228 961 et
2242 936 2318 960 circa

451 983 577 1009 studium
592 983 760 1015 proficiendo
776 987 832 1007 tam
844 982 876 1006 in
892 982 999 1006 artibus
1013 989 1101 1012 quam
1117 982 1147 1005 in
1162 989 1216 1006 sua
1231 981 1343 1006 licentia
1360 981 1496 1005 medicine
1511 989 1534 1008 »,
1551 980 1673 1012 negative
1687 980 1834 1012 respondit.
1851 980 1893 1004 Sic
1910 984 1935 1004 et
1950 984 2042 1012 postea
2058 981 2146 1008 (Arch.
2162 983 2216 1004 nat.
2232 979 2317 1004 Paris.

451 1028 500 1051 LL.
516 1027 586 1056 106b,
600 1036 627 1058 p.
642 1027 706 1057 1193).
720 1041 752 1045 —
766 1028 789 1050 4.
808 1026 865 1050 Vid.
886 1026 1024 1055 Chartul„
1036 1029 1061 1049 et
1075 1026 1144 1049 infra
1162 1030 1190 1048 n⁰
1208 1026 1278 1054 1262,
1294 1029 1347 1049 not.
1362 1026 1385 1049 1.

455 1188 593 1225 1233.
621 1197 770 1223 Ordinatio
798 1196 924 1232 Capituli
943 1196 1088 1231 generalis
1114 1195 1179 1222 Ord.
1206 1195 1310 1222 Praed.
1343 1195 1396 1221 sub
1421 1204 1495 1230 mag.
1521 1204 1584 1230 gen.
1611 1196 1724 1221 Simone
1746 1195 1782 1221 de
1802 1195 1938 1230 Lingonis
1958 1196 1993 1222 de
2016 1195 2132 1230 studiis,
2155 1195 2190 1222 de
2216 1195 2316 1222 ordine

539 1246 771 1272 baccalareorum
787 1246 815 1271 in
831 1245 940 1271 lectura
958 1247 1081 1271 Sentent.
1099 1244 1233 1279 Parisiis,
1250 1248 1277 1270 et
1291 1244 1326 1270 de
1338 1245 1576 1280 praesentatione
1593 1253 1688 1270 eorum
1704 1244 1744 1270 ad
1759 1244 1965 1279 magisterium.

1612 1317 1685 1346 7357,
1701 1316 1762 1342 Maii
1769 1316 1807 1342 28
1818 1316 1929 1346 circiter,
1947 1316 2064 1343 Veneriis.

538 1392 748 1424 Mandamus
773 1404 812 1424 ac
834 1391 996 1424 districte
1021 1391 1241 1436 imponimus
1267 1390 1451 1436 prioribus
1480 1390 1765 1436 provincialibus
1794 1397 1829 1424 et
1854 1390 2168 1424 diffinitoribus...
2192 1397 2317 1436 quate-

449 1471 517 1491 nus
547 1458 668 1491 nullus
696 1459 805 1491 frater
835 1458 976 1491 noviter
1005 1458 1186 1491 transiens
1214 1458 1258 1490 de
1291 1458 1411 1491 studio
1444 1457 1676 1503 philosophie
1705 1458 1749 1491 ad
1782 1458 1941 1491 studium
1974 1457 2158 1503 theologie
2187 1457 2317 1491 audeat

448 1525 595 1558 studere
621 1525 679 1558 vel
699 1525 822 1569 legere
852 1536 895 1557 ex
915 1525 1102 1569 proposito
1124 1531 1158 1557 et
1185 1536 1329 1557 morose
1357 1525 1392 1557 in
1415 1524 1591 1557 doctrinis
1612 1525 1715 1558 vanis
1737 1531 1772 1557 et
1797 1524 2051 1565 mechanicis¹,
2077 1524 2316 1569 quoadusque

446 1591 490 1624 ad
510 1591 831 1624 ndnusstuduerst
851 1590 1036 1635 etlegerss
1057 1591 1331 1636 fflc,quod.non
1352 1590 2315 1635 habeatignoranfianiternunorunietconununhnn

449 1657 723 1690 conclusionum
747 1664 782 1690 et
799 1669 884 1690 vere
905 1657 1069 1690 doctrine
1096 1657 1132 1689 in
1160 1658 1322 1690 doctrina
1353 1658 1467 1691 sancti
1495 1658 1676 1691 doctoris²
1703 1664 1738 1691 et
1765 1658 1955 1691 doctorum
1985 1663 2193 1690 nostrorum
2224 1656 2315 1690 anti-

449 1736 601 1768 quorum
629 1730 663 1756 et
690 1723 841 1756 aliorum
871 1730 906 1756 et
935 1724 1122 1769 potissime
1150 1731 1371 1767 sanctorum,
1398 1736 1442 1757 ne
1470 1725 1682 1770 ignorantes
1710 1724 1807 1769 quod
1835 1731 1870 1758 et
1898 1724 1985 1769 quid
2014 1723 2158 1763 falsum,
2181 1723 2314 1764 varios,

426 1799 429 1800 ⁷
449 1790 545 1835 quod
566 1789 670 1831 absit,
697 1790 929 1834 prolabantur
949 1790 985 1822 in
1007 1802 1207 1823 errores...
1233 1791 1389 1825 Idem....
1412 1791 1581 1830 volumus
1603 1791 1646 1824 de
1668 1790 1902 1824 studentibus
1923 1779 2098 1832 Parisius,
2120 1789 2260 1823 Oxonie
2281 1795 2318 1823 et

448 1856 599 1889 aliorum
628 1856 829 1888 studiorum
862 1856 1085 1901 generalium
1118 1857 1292 1890 intraneis
1318 1857 1374 1890 vel
1407 1858 1600 1898 extraneis,
1628 1869 1772 1890 necnon
1800 1844 2013 1898 lectoribus,
2041 1855 2255 1890 cursoribus
2282 1861 2318 1889 et

449 1922 718 1955 sublectoribus
745 1929 779 1955 et
807 1922 1025 1967 generaliter
1046 1923 1278 1956 studentibus
1307 1923 1456 1957 Ordinis
1485 1924 1724 1958 universis...
1751 1924 1982 1968 imponentes
2010 1922 2181 1956 omnihus
2204 1921 2317 1955 lecto-

450 1988 550 2021 ribus
572 1988 832 2033 principalibus
854 1995 889 2021 et
908 1989 1121 2022 cursoribus
1143 1996 1177 2022 et
1203 1990 1387 2035 magistris
1414 1990 1636 2023 studentium
1658 1991 1695 2023 in
1718 1990 1916 2035 theologia,
1941 2001 1986 2022 ne
2011 1989 2082 2034 ipsi
2104 1989 2317 2034 questiones
2359 1986 2364 1989 ’

450 2067 547 2087 mere
577 2054 847 2100 philosophicas
877 2062 912 2088 et
942 2055 1079 2101 logicas
1108 2057 1262 2089 audeant
1287 2057 1472 2102 disputare
1499 2057 1556 2091 vel
1586 2064 1750 2099 tractare,
1782 2057 1847 2090 sed
1875 2056 1997 2102 potius
2027 2055 2253 2101 theologicas
2282 2061 2318 2088 et

450 2121 660 2154 niorales.„.

539 2189 648 2220 Item³
674 2194 713 2220 ut
740 2188 923 2233 magistris
953 2195 986 2221 et
1018 2189 1231 2222 bachalariis
1261 2190 1436 2223 Parisien.
1469 2191 1588 2223 omnis
1621 2191 1866 2224 dissensionis
1897 2189 2040 2223 occasio
2070 2188 2315 2229 subtrahatur,

451 2254 903 2288 vohunusetordhuunus
931 2255 1028 2300 quod
1049 2256 1451 2301 quandocunqueinfia
1473 2256 2007 2302 eundeniannunlconfigerst
2033 2255 2195 2288 Parhfius
2223 2254 2316 2287 duos

451 2320 674 2353 bachalarios
696 2321 811 2353 nostri
836 2321 984 2354 Ordinis
1011 2322 1135 2367 legere
1164 2323 1380 2364 Sententias,
1411 2335 1565 2368 quorum
1594 2335 1689 2356 unus
1719 2323 1817 2369 legat
1844 2323 1881 2356 in
1909 2329 2036 2364 estate,
2061 2321 2152 2355 alter
2171 2320 2318 2354 veroin

452 2386 613 2432 hyeme&
635 2386 696 2419 ille
718 2387 778 2431 qui
799 2387 835 2419 in
855 2399 956 2432 yeme
977 2388 1109 2433 legerit
1129 2389 1367 2431 Sententias⁵,
1385 2390 1501 2434 primo
1522 2390 1565 2422 ad
1587 2390 1836 2435 magisterium
1858 2395 2102 2435 presentetur,
2121 2387 2211 2420 alter
2230 2398 2317 2421 vero

453 2452 730 2498 quibuscunque
751 2453 854 2486 annis
875 2454 1112 2498 sequentibus
1133 2454 1342 2500 legentibus
1363 2456 1592 2497 [Sententias]
1611 2457 1647 2489 in
1668 2457 1940 2501 presentatione
1957 2461 1993 2488 et
2012 2453 2223 2500 magisterio
2240 2464 2317 2498 pre-

452 2519 599 2561 feratur,
626 2519 696 2552 nisi
721 2520 812 2552 sorte
841 2520 877 2551 in
907 2520 1079 2564 predictis
1105 2533 1169 2566 per
1195 2522 1319 2554 sedem
1345 2522 1578 2567 apostolicam
1609 2523 1805 2568 contigerit
1828 2522 1932 2555 aliter
1959 2520 2177 2567 dispensari.
2209 2518 2317 2552 Addi-

454 2586 591 2618 cientes
619 2586 662 2618 ad
693 2585 865 2630 predicta,
892 2586 988 2630 quod
1015 2587 1207 2620 multorum
1230 2587 1524 2622 bachalareorum
1554 2589 1822 2622 intraneorum⁶
1844 2589 1990 2622 licentia
2015 2594 2050 2621 et
2069 2586 2252 2632 expeditio
2273 2584 2318 2618 ad

455 2651 701 2696 magisterium
734 2652 897 2696 graciosa
927 2665 999 2685 non
1029 2653 1121 2685 tollit
1156 2666 1221 2686 nec
1256 2655 1457 2698 prejudicat
1486 2656 1708 2700 expeditioni
1742 2655 1917 2688 intraneis
1947 2654 2068 2688 debite
2101 2653 2146 2686 de
2180 2652 2315 2697 rigore.

458 2719 499 2750 Et
518 2717 613 2750 idem
634 2729 698 2762 per
714 2718 831 2749 omnia
854 2717 1006 2751 dicimus
1028 2719 1072 2751 de
1093 2719 1315 2752 bachalareis
1337 2721 1530 2763 extraneis,
1548 2728 1583 2754 et
1602 2721 1771 2755 volumus
1792 2722 2029 2766 imposterum
2051 2719 2170 2753 taliter
2190 2717 2317 2750 obser-

455 2784 542 2816 vari.

550 2880 617 2904 Bibl.
637 2880 758 2904 Univers.
779 2881 878 2906 Bonon.
897 2890 946 2905 ms.
966 2882 1035 2911 1535,
1053 2882 1137 2913 Capit.
1161 2883 1276 2913 general.
1296 2884 1359 2907 Ord.
1375 2885 1466 2908 Praed.
1484 2885 1580 2908 contin.
1603 2899 1633 2903 —
1650 2885 1706 2908 Non
1724 2885 1867 2916 repetimus
1885 2883 2063 2908 ordinationes
2084 2884 2166 2907 factas
2185 2890 2227 2906 an.
2246 2882 2315 2912 1353,
