2488 3386
193 277 289 313 1352]
605 290 651 311 AB
685 290 790 312 Anno
824 290 954 312 mecei.
988 291 1118 318 USQUE
1153 291 1199 312 An
1235 291 1499 313 BENEme'rUM
1534 293 1623 314 Χιιι.
2012 284 2052 317 15

195 380 336 418 1207.
362 389 487 415 Clemens
508 389 545 414 V!
564 388 698 422 (Iohanni
722 388 757 414 de
776 389 895 422 Aciaco)
912 388 1086 414 cancellar-io
1102 389 1264 414 Par-islensi
1280 393 1309 414 ut
1322 390 1471 424 permittat
1492 390 1625 423 Egidium
1648 390 1683 415 de
1700 390 1861 422 Medonta',
1884 391 1918 416 de
1939 392 2052 417 civitate

279 440 439 467 Parisiensi
461 437 622 467 oriundum,
643 437 710 463 ord.
732 437 924 462 Eremitarum
947 439 973 463 S.
996 437 1159 471 Augustini,
1183 438 1233 472 qui
1249 446 1302 473 per
1317 437 1482 463 decennium
1508 438 1604 463 studio
1623 447 1726 463 sacrae
1745 438 1904 473 theologiae
1926 441 2052 466 vacando

279 490 367 516 lector
380 489 437 523 fuit
454 496 506 513 sex
521 487 605 512 annis
621 486 762 511 continuis
778 486 806 511 in
827 485 924 511 studio
938 485 1077 520 generali,
1103 486 1130 511 in
1143 486 1278 521 prozima
1297 488 1397 520 sutura
1418 490 1531 512 aestate
1552 487 1728 512 vacationum
1750 491 1873 523 tempore
1891 489 2053 515 Sententia-s

280 539 308 564 in
323 537 419 564 studio
437 536 596 562 Parisiensi
611 539 641 560 ut
657 534 858 560 baccalareum
874 534 975 568 legere,
994 535 1143 570 ipsumque
1155 543 1209 570 per
1224 535 1376 569 magistros
1392 535 1544 568 facultatis
1561 535 1686 570 ejusdem
1701 535 1793 560 studii
1808 536 1836 561 in
1853 536 2052 563 baccalareum

279 588 307 613 in
323 587 384 623 ipso
397 585 494 612 studio
507 584 604 620 recipi,
619 587 646 609 et
660 587 690 609 ut
702 583 903 609 baccalareum
915 583 987 609 inibi
999 584 1162 609 Sententias
1175 583 1321 617 lecturum,
1336 584 1364 608 in
1376 584 1506 609 omnibus
1516 584 1694 619 pertractari
1709 593 1743 609 ac
1755 585 1869 619 gratiis,
1881 585 2048 620 privilegiis,

279 635 442 668 honoribus,
460 632 686 659 immunitatibus
709 632 888 657 baccalareis
909 631 1056 657 ordinarie
1074 631 1232 666 legentibus
1255 632 1375 657 indultis
1392 633 1434 657 uti
1456 632 1544 658 libere
1565 636 1591 657 et
1612 632 1739 666 gaudere
1761 633 1863 666 faciat.
1886 634 1949 660 Dat.
1974 636 2053 668 apud

278 684 491 710 villamnovam
507 681 707 708 Avinionensis
721 681 839 707 diocesis
853 681 882 714 iij
898 681 938 706 id.
953 681 1027 710 Maii.
1045 688 1124 706 anno
1138 681 1262 707 docimo.
1282 692 1293 702 κ
1309 681 1430 707 Illorum
1446 682 1592 708 desideriis
1608 692 1632 707 v.

284 795 345 824 neg.
361 794 418 817 vat.
432 793 533 816 nomm.
553 792 693 815 mementis
709 792 752 823 Vl,
766 796 795 814 no
809 792 862 818 211,
882 792 925 814 sol.
941 791 1012 814 1861».
1289 757 1363 785 7352.
1380 758 1438 783 Man
1454 757 1488 786 13,
1504 758 1573 789 apud
1586 759 1766 784 mlamnomm.

282 878 378 908 1.1pse
399 880 439 900 est
461 878 572 900 sortasse
592 876 636 899 ille
658 885 669 898 «
690 875 775 899 Guido
790 884 801 897 )›
825 875 887 898 Ord.
910 875 1016 898 Eremit.
1042 875 1068 899 S.
1092 876 1167 906 Aug„
1189 875 1233 906 qui
1258 883 1299 898 an.
1324 876 1391 903 1354,
1418 875 1478 898 Maii
1500 876 1536 903 16,
1563 876 1691 907 quasdam
1716 877 1909 907 propositiones
1932 886 2054 901 revocare

186 924 292 944 coactus
308 924 356 946 est.
373 922 431 944 Vid.
443 922 513 944 infra
528 925 557 943 n⁰
572 921 642 943 1218.
658 919 805 943 Sententias
818 919 882 950 legit
898 919 1003 950 quidem
1019 928 1060 942 un.
1080 919 1148 945 1353,
1165 920 1208 942 sod
1225 919 1323 942 lectura
1340 920 1462 942 absoluta
1478 920 1575 942 fiebant
1589 920 1793 951 disputationes.

191 1083 333 1121 1208.
359 1092 485 1118 Clemens
508 1091 744 1126 1'1(Johannide
759 1091 878 1125 Aciaco)
895 1090 1070 1116 cancellario
1085 1091 1248 1116 Parisiensi
1267 1099 1320 1126 pro
1340 1091 1445 1116 Iacobo
1464 1091 1627 1116 Car-bonelli
1642 1091 1678 1116 de
1697 1091 1828 1126 Tholosa,
1850 1093 1915 1118 Ord.
1934 1094 2050 1120 Eremit.

277 1143 303 1167 S.
321 1141 476 1175 Augustini
486 1142 659 1176 professore,
676 1140 704 1165 in
719 1148 806 1165 sacra
820 1139 963 1173 theologia
979 1138 1158 1172 baccalareo,
1173 1139 1223 1173 qai
1233 1141 1300 1163 actu
1311 1138 1340 1163 in
1351 1138 1540 1163 Avenionensi
1548 1138 1645 1164 studio
1661 1138 1848 1164 baccalarens
1860 1142 1922 1173 fore
1933 1140 2052 1175 dignos-—

274 1191 355 1223 citur,
380 1193 410 1215 ut
434 1189 474 1214 ad
496 1189 644 1223 legendum
665 1189 693 1214 in
716 1188 878 1214 Parisiensi
896 1187 993 1213 studio
1020 1187 1230 1213 Sententiarum
1253 1187 1341 1212 libros
1356 1186 1530 1212 admittatur
1550 1187 1684 1212 aestivali
1706 1191 1838 1223 tempore,
1857 1189 1884 1214 si
1904 1190 2053 1223 sufficiens

274 1240 400 1264 inventus
415 1239 511 1272 fuerit.
528 1239 592 1264 Dat.
610 1238 751 1263 Avinione
766 1238 802 1270 vij
817 1238 873 1263 kal.
891 1237 971 1266 Julii.
988 1245 1067 1262 anno
1080 1236 1246 1262 undecimo.
1266 1246 1279 1259 «
1296 1236 1354 1261 Viri
1370 1243 1447 1262 sacre
1461 1246 1484 1261 ».

1406 1312 1482 1341 7352,
1498 1312 1569 1337 dunis
1579 1313 1623 1341 25,
1637 1312 1767 1338 avenione.

279 1349 342 1379 Reg.
359 1349 418 1372 Vat.
433 1349 513 1372 Aven.
529 1347 670 1371 Clementis
683 1348 724 1376 Vl,
742 1348 794 1371 vol.
808 1348 879 1376 va,
898 1348 944 1370 sol.
962 1348 1016 1370 567.

187 1509 329 1547 1209.
352 1519 498 1553 Remigius
513 1518 549 1544 de
565 1518 710 1544 Florentia
725 1519 796 1553 petit
813 1522 843 1543 ut
857 1517 1018 1552 IIugolinus
1034 1517 1069 1543 de
1089 1517 1249 1543 Urbeveteri
1265 1518 1462 1552 magisterium
1478 1519 1505 1543 in
1523 1518 1667 1552 theologia
1683 1519 1813 1554 recipiat.

1420 1596 1497 1625 1352,
1512 1596 1575 1622 Julii
1589 1597 1620 1624 11,
1637 1596 1766 1622 tronione.

272 1670 457 1716 Supplicat
481 1670 658 1703 sanctitati
681 1677 801 1703 vestre
828 1669 975 1702 humilis
998 1676 1160 1702 creatura
1184 1676 1302 1702 vestra
1324 1670 1432 1702 frater
1456 1671 1651 1714 Remegius
1674 1670 1717 1702 de
1736 1670 1950 1708 Florentia&
1977 1673 2052 1716 epi-

182 1749 316 1782 scopus
333 1736 594 1777 Comaclensis,
613 1743 790 1781 quatenus
817 1735 887 1768 sibi
912 1736 948 1768 in
974 1747 1166 1780 personam
1190 1735 1311 1768 dilecti
1338 1736 1393 1768 sui
1420 1736 1539 1768 fratris
1564 1736 1737 1781 llugolini
1761 1737 1804 1769 de
1822 1737 2050 1779 Urheveteri‚

180 1804 328 1836 fratrum
351 1804 612 1836 Heremitarum
638 1803 788 1836 Ordinis
810 1803 843 1835 S.
868 1803 1079 1847 Augustinn
1107 1803 1169 1846 qui
1198 1802 1380 1835 ordinarie
1407 1803 1567 1835 l'arisius
1592 1803 1682 1847 legit
1708 1804 1911 1837 Sententiae
1937 1812 1971 1837 et
1996 1813 2052 1838 est

181 1882 245 1915 per
274 1882 379 1903 suum
406 1869 579 1903 Ordinem
610 1869 812 1902 bacalarius
839 1869 884 1901 ad
913 1869 1160 1913 magisterium
1193 1875 1434 1914 presentatus7
1464 1881 1592 1914 magne
1624 1869 1808 1902 literature
1837 1877 1872 1903 et
1901 1871 2050 1915 probate

179 1937 265 1978 vite,
291 1936 485 1981 specialem
509 1937 657 1981 gratiam
681 1936 855 1969 facientes
878 1935 1039 1968 scribere
1063 1942 1098 1968 et
1120 1935 1289 1968 mandare
1314 1935 1513 1980 dignemini
1538 1936 1754 1969 cancellario
1778 1938 1986 1979 Parisiensi,
2012 1945 2050 1971 ut

181 2003 314 2036 dictum
340 2003 485 2035 fratrem
515 2002 736 2047 Hugolinum
762 2002 931 2035 licenciet
956 2009 991 2034 et
1015 2002 1182 2046 expediat
1206 2002 1249 2034 ad
1275 2002 1522 2046 magisterium
1550 2003 1586 2034 in
1614 2002 1795 2047 theologia
1822 2004 1911 2036 infra
1937 2017 2046 2037 unum

181 2080 341 2101 mensem
364 2081 382 2101 a
403 2069 611 2113 receptione
632 2069 815 2101 literarum
833 2075 1089 2101 vestrarum....
1107 2089 1151 2092 —
1167 2069 1253 2109 Fiat,
1273 2068 1303 2101 si
1321 2068 1367 2101 sit
1383 2068 1579 2101 sufficiens.
1600 2070 1639 2101 R.
1658 2090 1700 2092 —
1719 2071 1759 2102 Et
1776 2070 1872 2114 quod
1893 2077 2047 2103 transeat

180 2135 259 2168 sine
282 2135 349 2168 alia
372 2135 541 2168 lectione.
562 2156 607 2159 —
628 2135 714 2168 Fiat.
739 2136 778 2167 R.
796 2156 840 2159 —
862 2136 989 2167 Datum
1013 2135 1192 2167 Avinione
1215 2147 1236 2167 v
1259 2135 1307 2167 id.
1332 2135 1431 2170 Julii,
1456 2147 1549 2167 anno
1575 2136 1779 2168 undecimo.

271 2234 334 2264 Reg.
351 2234 408 2256 Vnt.
426 2233 519 2264 Suppl.
536 2233 661 2256 Cleinent¹
680 2233 720 2259 Vl,
735 2241 777 2257 an.
794 2232 833 2260 11,
851 2233 894 2255 sol.
912 2233 951 2255 61.
967 2246 996 2249 -
1012 2232 1165 2255 Mandatum
1187 2232 1362 2263 apostolicum
1380 2233 1412 2255 ud
1433 2233 1619 2255 cancellarium
1639 2233 1722 2256 Paris.
1744 2233 1871 2256 directum
1891 2234 1939 2256 sub
1957 2234 2047 2257 eadem

177 2277 303 2308 temporis
319 2281 381 2301 nota
393 2280 477 2301 exstat
492 2277 518 2300 in
534 2278 596 2308 Reg.
614 2278 694 2300 Aven.
711 2277 837 2300 clement.
854 2277 895 2303 Vl,
912 2277 963 2300 vol.
980 2277 1051 2306 LXV,
1069 2277 1113 2299 sol.
1132 2278 1184 2300 566.
1203 2286 1214 2299 «
1232 2277 1305 2300 Sicut
1320 2277 1429 2300 debetur
1447 2286 1469 2301 υ.

271 2361 295 2384 1.
310 2361 345 2384 De
361 2361 479 2392 Remigio
494 2361 526 2383 de
541 2360 673 2384 Florentia
689 2361 721 2383 (ef.
741 2361 868 2384 chartul.
890 2361 1026 2388 Univers„
1045 2361 1076 2389 ll,
1094 2360 1119 2383 in
1135 2359 1246 2390 Indice‚·
1264 2360 1325 2383 item
1341 2361 1372 2383 de
1389 2361 1485 2383 celebri
1502 2361 1624 2392 theologo
1641 2361 1771 2392 Hugolino
1788 2362 1963 2391 Malahrnnca,
1981 2363 2045 2386 ibid.

183 2513 323 2550 1210.
350 2522 476 2549 Clemens
504 2524 541 2549 V!
559 2523 694 2558 (Iohanni
715 2523 750 2548 de
772 2524 890 2557 Aciaco)
920 2522 1095 2549 cancellario
1117 2523 1278 2549 Parisiensi
1299 2527 1329 2548 ut
1350 2523 1526 2548 Armandum
1547 2523 1708 2557 Mayrani‘,
1730 2524 1826 2559 presb.
1850 2525 1949 2549 Sancti
1969 2524 2046 2550 Flori

266 2572 415 2605 dioecesis,
434 2572 483 2607 qui
498 2572 526 2598 in
541 2572 636 2598 studio
650 2572 812 2597 Parisiensi
828 2572 856 2597 in
874 2571 1018 2606 theologia
1032 2575 1099 2597 actu
1114 2571 1191 2606 legit,
1209 2572 1235 2597 si
1249 2581 1301 2607 per
1316 2572 1408 2607 ipsum
1425 2581 1460 2597 eac
1475 2572 1653 2607 depositione
1667 2573 1867 2606 magistrorum
1884 2573 2044 2607 theologiae

264 2621 413 2655 sufficiens
435 2625 564 2656 repertus
589 2622 686 2655 fuerit,
716 2621 756 2646 ad
780 2621 976 2655 magisterium
998 2625 1169 2656 promoveat.
1186 2621 1249 2647 Dat.
1275 2621 1417 2647 Avinione
1439 2621 1475 2654 vj.
1494 2621 1550 2646 kal.
1576 2621 1761 2654 Septembris,
1778 2629 1857 2647 anno
1876 2622 2042 2648 undecimo.

267 2680 280 2693 «
297 2670 377 2696 Sicut
391 2670 514 2696 debetur
530 2680 554 2695 n.

1361 2706 1436 2734 1352,
1453 2705 1562 2738 Augusti
1572 2707 1615 2734 27,
1631 2706 1759 2732 Meamne.

272 2754 333 2784 Reg.
349 2754 406 2777 Vnt.
421 2755 500 2777 Aven.
515 2754 656 2777 Clementis
667 2754 708 2782 Vl,
723 2755 774 2777 vol.
792 2754 865 2785 LXV,
878 2755 921 2776 fol.
939 2755 992 2777 544.

271 2836 292 2859 1.
310 2838 357 2859 An.
374 2837 443 2865 1354,
466 2837 598 2868 Septemb.
619 2838 642 2865 G,
663 2837 717 2868 jam
739 2837 787 2860 fuit
807 2845 876 2868 mag.
894 2837 919 2859 in
936 2837 1015 2860 theol.
1031 2837 1089 2859 Vid.
1107 2837 1174 2859 infra
1191 2841 1218 2858 11⁰
1236 2837 1306 2859 1227.
1322 2838 1368 2859 An.
1392 2837 1459 2862 1355,
1478 2837 1549 2867 Sept.
1566 2837 1603 2864 21,
1632 2836 1687 2866 ipse
1704 2845 1714 2858 «
1736 2844 1806 2867 mag.
1832 2836 1857 2858 in
1877 2836 1954 2858 theol.
1972 2839 1996 2858 et
2017 2835 2042 2857 in
