2488 3386
798 366 975 388 STATUTA
1008 367 1090 389 FAC.
1126 368 1293 390 DECRET.
1911 360 1972 392 651

209 438 231 461 1.
248 438 275 460 ln
292 437 342 461 line
358 445 363 460 ·.
384 446 394 459 a
412 437 496 465 Qum-o
510 438 621 461 sormam
638 438 796 469 procedendi
810 440 842 462 ad
860 447 967 463 examen
985 440 1089 463 licent-ie
1106 441 1151 464 sol.
1169 449 1191 468 n,
1208 441 1265 463 scil.
1282 450 1362 472 snpra
1381 451 1407 473 p.
1422 444 1476 466 ⁴249.
1495 444 1587 466 Postea
1606 445 1640 474 (p.
1659 444 1696 472 72)
1713 443 1737 466 in
1755 444 1815 466 1115ιο
1830 447 1974 474 sequuntur

113 483 262 514 juramenta
277 482 504 509 licentiandorum,
521 481 591 505 edita
605 485 666 513 post
680 482 858 506 ordinationes
875 492 888 506 a
902 484 1082 507 cardinalibus
1100 485 1131 508 de
1147 485 1317 508 Estouterille
1333 489 1357 508 et
1373 486 1453 509 Alana
1470 487 1653 518 promulgatis.

123 648 263 686 1706,
287 668 301 683 «
320 659 434 684 Statura
451 659 600 692 tangentia
615 657 845 684 distributionem
863 658 1091 685 bace-alariarum
1107 659 1297 686 admissorum
1313 660 1353 686 ad
1367 660 1521 687 licentiam.
1538 671 1552 685 »

206 754 245 789 (1)
261 754 357 780 Primo
374 754 473 779 nullus
487 754 598 783 doctor.
615 754 727 780 etiamsi
742 754 777 780 de
793 762 868 780 novo
887 755 1016 788 incipiat,
1038 755 1154 781 habebit
1177 758 1289 789 partem
1309 757 1339 782 in
1359 756 1562 783 distributione
1584 757 1818 786 baccalariorum.
1843 758 1895 783 nisi
1911 760 1977 783 ante

118 803 197 829 diem
218 803 358 829 examinis
379 810 462 828 verus
482 810 583 835 regens
603 803 700 831 suerit,
723 811 782 828 non
803 803 984 833 honorarius,
1008 812 1058 837 per
1078 812 1124 830 sex
1144 813 1255 830 menses
1270 807 1337 831 ante
1351 813 1482 833 examen.
1501 806 1628 831 videlicet
1644 814 1694 839 per
1714 808 1769 831 tres
1784 806 1937 831 continuos
1949 807 1977 831 in

119 852 179 878 ssne
192 852 262 877 anni
279 859 338 877 non
357 851 471 885 jubilei.
488 851 593 877 scilicet
608 853 675 877 ante
695 852 801 877 festum
816 853 1016 885 apostolorum
1038 853 1111 879 Petri
1133 855 1160 879 et
1181 854 1270 883 Pauli,
1287 855 1315 880 et
1330 862 1380 888 per
1396 856 1452 880 tres
1466 854 1535 880 alios
1550 854 1703 881 continuos
1717 854 1787 879 anni
1799 855 1901 888 jubilei
1915 857 1980 880 antc

120 908 251 933 examen,
268 900 346 926 etde
366 901 420 926 1100
438 900 618 926 ‘sufficienter
633 902 753 930 constet,
772 901 825 926 nisi
840 901 875 927 de
895 902 985 934 gratia
1005 909 1057 934 per
1076 904 1173 927 totum
1193 903 1348 935 collegium
1370 903 1508 928 omnibus
1522 903 1687 928 doctoribus
1707 903 1873 936 regentibus
1896 911 1981 936 super

120 950 176 976 hoc
188 949 346 983 specialiter
361 949 483 975 evocatis
495 949 678 974 admittatur.
697 949 761 982 Quo
777 957 841 975 casu
861 950 922 983 ejus
938 950 1066 976 bodellus
1081 951 1124 976 vel
1143 951 1327 976 subbedellus
1347 951 1435 977 nichil
1451 952 1599 985 percipiet.
1613 960 1681 977 eum
1697 952 1797 978 doctor
1811 952 1931 985 gratiose
1946 951 1980 977 ad

121 998 357 1024 distributionem
372 998 554 1024 admittatur.

212 1047 247 1080 (2)
263 1047 335 1073 Item
348 1047 515 1072 distributio
531 1047 758 1081 baccalariorum
775 1048 808 1073 fit
823 1048 985 1073 secundum
999 1048 1205 1081 antiquitatem
1221 1048 1386 1077 doctorum.
1398 1051 1432 1074 ut
1447 1049 1595 1082 antiquior
1609 1049 1813 1082 primoeligat,
1823 1051 1851 1075 et
1866 1049 1904 1075 sic
1918 1049 1982 1075 des-

121 1096 271 1123 cendendo
286 1096 409 1129 quilibet
431 1096 461 1121 in
476 1095 578 1121 ordine
598 1103 660 1123 suo,
682 1096 845 1121 secundum
861 1096 941 1129 quod
961 1097 1015 1122 erit
1029 1097 1187 1130 antiquior.
1205 1097 1257 1122 Ubi
1274 1104 1340 1123 vero
1355 1099 1442 1123 erunt
1458 1098 1554 1131 plures
1569 1098 1717 1123 baccalarii
1738 1106 1829 1131 quam
1843 1098 1982 1126 doctores,

122 1145 271 1171 baccalarii
288 1152 450 1170 numerum
470 1145 625 1170 doctorum
645 1145 822 1173 excedentes.
844 1145 1059 1178 antiquioribus
1074 1146 1241 1171 doctoribus
1254 1146 1407 1175 debentur.
1424 1146 1541 1172 cuilibet
1562 1147 1716 1172 doctorum
1738 1147 1877 1172 electione
1891 1147 1983 1172 eidem

122 1195 231 1221 servata
246 1194 410 1219 secundum
424 1193 559 1219 ordinem
573 1201 661 1219 suum
677 1195 710 1218 nt
724 1201 820 1226 supra.

213 1242 251 1277 (3)
264 1243 337 1268 Item
351 1243 372 1268 si
387 1242 491 1276 aliquis
503 1242 659 1268 doctorum
674 1250 738 1268 vere
754 1250 854 1275 regens
869 1243 956 1268 fuerit
972 1251 1022 1276 per
1038 1244 1154 1275 tempus
1169 1243 1301 1276 superius
1311 1244 1491 1273 ordinatum,
1506 1245 1533 1269 et
1544 1244 1716 1269 imminente
1729 1246 1858 1277 tempore
1873 1244 1987 1269 licentie

123 1292 220 1325 ipsum
235 1299 288 1325 pro
301 1291 398 1324 aliqua
414 1299 499 1317 causa
511 1291 676 1316 rationabili
691 1293 823 1324 oporteat
838 1291 998 1320 absentare,
1015 1300 1131 1317 causam
1154 1292 1197 1317 sui
1213 1300 1336 1318 recessus
1355 1293 1475 1324 collegio
1495 1292 1571 1318 bona
1592 1293 1648 1318 fide
1668 1294 1801 1318 teneatur
1815 1293 1984 1325 exprimere.

123 1341 158 1367 Et
173 1340 194 1366 si
209 1348 293 1366 causa
308 1348 359 1374 per
374 1340 530 1373 collegium
544 1341 586 1366 vel
602 1341 743 1373 majorem
758 1342 871 1373 partem
889 1341 1002 1373 collegii
1018 1341 1104 1366 fuerit
1118 1341 1287 1374 approbata.
1304 1341 1405 1366 doctor
1418 1342 1455 1366 sic
1469 1341 1603 1367 recedens
1617 1343 1644 1367 et
1659 1342 1721 1374 ejus
1735 1342 1863 1367 bedellus
1877 1344 1904 1367 et
1920 1341 1987 1367 sub-

124 1389 253 1416 bedellus
267 1390 297 1415 in
312 1389 518 1415 distributione
532 1389 760 1415 baccalariorum
775 1390 952 1421 portionem,
969 1397 1001 1415 ac
1016 1389 1037 1415 si
1050 1397 1166 1422 presens
1178 1392 1248 1415 esset
1261 1391 1289 1415 01
1302 1390 1438 1415 veraciter
1453 1392 1573 1423 regeret,
1588 1390 1739 1416 obtinebit.

229 1437 268 1473 (Δ)
283 1439 356 1464 Item
372 1438 403 1464 in
422 1446 531 1464 recessu
546 1446 598 1464 suo
611 1438 696 1464 debet
711 1438 895 1463 committere
910 1438 962 1463 uni
977 1438 1133 1464 doctorum
1147 1439 1312 1471 regentium
1328 1440 1355 1464 ct
1371 1438 1445 1464 nulli
1459 1438 1507 1464 alii
1523 1439 1595 1464 vices
1610 1446 1673 1464 suas
1685 1447 1738 1471 pro
1754 1441 1833 1471 parte
1848 1439 1987 1464 distribu-

124 1487 211 1514 tionis
225 1487 453 1513 baccalariorum
471 1487 523 1513 sibi
542 1487 638 1513 debita
653 1487 707 1512 sub
726 1487 828 1513 ordine
850 1489 877 1512 et
893 1487 1014 1512 nomine
1029 1487 1170 1520 eligenda.
1188 1487 1306 1520 perinde
1321 1495 1352 1512 ac
1372 1487 1393 1512 si
1409 1487 1509 1513 doctor
1524 1495 1577 1520 pro
1596 1495 1655 1520 quo
1670 1487 1746 1520 eligit
1763 1488 1950 1520 personaliter
1963 1489 1986 1513 01

125 1544 240 1570 presens
255 1536 382 1568 eligeret.

213 1584 252 1619 (5)
267 1586 340 1611 Item
356 1585 437 1618 quod
455 1585 567 1613 doctor.
584 1585 640 1610 sive
655 1585 804 1618 antiquior
820 1585 876 1610 sive
893 1584 1005 1618 junior,
1027 1585 1116 1617 possit
1131 1585 1235 1617 eligere
1252 1585 1443 1610 baccalarium
1460 1592 1680 1617 quemcumque
1696 1585 1828 1613 voluerit,
1845 1585 1900 1610 sive
1915 1585 1987 1617 legat

126 1634 157 1660 in
175 1634 256 1660 scolis
277 1634 344 1662 suis.
369 1634 424 1659 sive
445 1634 475 1659 in
495 1634 576 1659 scolis
596 1634 714 1659 alterius
735 1633 861 1659 doctoris
880 1633 1053 1666 antiquioris
1069 1633 1111 1659 vel
1130 1633 1264 1666 ι1111110115,
1286 1633 1329 1658 vel
1353 1633 1441 1658 etiam
1461 1633 1536 1665 legat
1555 1633 1585 1658 in
1602 1633 1682 1658 scolis
1697 1633 1747 1658 ubi
1764 1633 1873 1658 nonsit
1892 1633 1992 1659 doctor

126 1691 237 1716 regens,
254 1683 297 1709 vel
312 1683 364 1716 qui
379 1684 420 1708 est
436 1683 630 1709 licentiandus
649 1690 709 1708 11011
729 1682 829 1715 legerit
849 1682 898 1707 illo
917 1690 1006 1711 anno,
1027 1682 1094 1715 quia
1117 1682 1201 1707 annis
1220 1682 1362 1715 preteritis
1384 1682 1491 1707 finierit
1512 1681 1599 1707 libros
1620 1690 1685 1707 51105
1700 1684 1725 1707 01
1742 1682 1926 1714 compleverit
1941 1690 1989 1707 sua

127 1732 284 1757 volumina.
303 1732 337 1757 Et
352 1732 412 1758 sine
427 1732 483 1757 alio
498 1732 711 1765 impedimento
727 1739 917 1764 quocumque
931 1731 1019 1757 libera
1032 1731 1127 1757 eidem
1142 1730 1252 1756 doctori
1267 1730 1368 1756 electio
1382 1731 1574 1763 relinquatur.

220 1819 288 1842 Bibl.
305 1821 396 1842 Arsen.
413 1819 496 1842 Puris.
517 1827 565 1842 1115,
583 1819 651 1846 1121,
668 1822 743 1850 parte
760 1819 804 1845 111,
823 1827 849 1849 p.
867 1820 903 1845 78,
922 1827 934 1841 e
950 1820 1011 1841 msto
1026 1818 1206 1842 Cheltenham.
1223 1819 1291 1845 2863,
1309 1818 1354 1848 ib.‚
1373 1819 1415 1841 sol.
1431 1819 1529 1842 xxvtl.

134 1972 274 2009 1707.
298 1991 312 2007 «
331 1984 447 2007 Statula
462 1982 611 2016 tangentia
625 1981 729 2007 scolas.
750 1991 763 2006 »

217 2077 256 2112 (1)
273 2078 370 2104 Primo
390 2079 490 2103 nullus
511 2078 613 2103 doctor
635 2085 737 2111 regens
756 2077 879 2103 Parisius
899 2077 929 2102 in
943 2077 1068 2102 Decretis
1090 2077 1224 2102 recedens
1243 2084 1275 2102 ex
1291 2076 1388 2109 aliqua
1405 2083 1487 2101 causa
1504 2077 1596 2109 potest
1617 2076 1720 2109 privari
1738 2076 1818 2101 scolis
1840 2076 1897 2101 suis
1918 2076 1990 2101 infra

130 2134 254 2156 annum.
271 2127 319 2152 sed
333 2135 384 2160 per
400 2127 514 2160 lapsum
531 2127 601 2152 anni
621 2127 682 2160 ipso
697 2127 763 2159 jure
787 2126 926 2159 privatur.
951 2125 1005 2151 nisi
1030 2133 1083 2158 pro
1106 2125 1228 2157 negotiis
1252 2124 1394 2150 facultatis
1418 2124 1519 2150 absens
1541 2124 1635 2149 fuerit.
1662 2125 1695 2149 Et
1717 2124 1861 2150 debentur
1882 2124 1990 2149 doctori

131 2175 287 2209 antiquiori
302 2176 333 2201 in
346 2176 458 2202 ordine.
475 2176 496 2201 si
512 2176 585 2209 ipsas
598 2176 721 2201 voluerit
734 2176 880 2207 acceptare
896 2175 926 2199 in
940 2174 1070 2206 collegio,
1088 2174 1130 2199 vel
1145 2173 1191 2198 alii
1204 2173 1363 2206 antiquiori
1375 2172 1602 2199 descendendo'.

218 2223 258 2258 (2)
273 2225 346 2250 ltem
368 2225 514 2257 pendente
534 2232 612 2250 anno
625 2224 752 2249 absentie
767 2223 902 2251 doctoris,
920 2223 1019 2248 nullus
1034 2222 1107 2247 alius
1119 2222 1220 2247 doctor
1235 2221 1343 2247 ibidem
1365 2223 1458 2254 potest
1474 2221 1591 2250 intrare,
1611 2221 1663 2246 nisi
1679 2221 1714 2247 de
1729 2221 1842 2247 licentia
1858 2221 1991 2250 doctoris,

129 2273 337 2306 protestatione
350 2275 449 2299 tamen
465 2273 602 2306 premissa
614 2273 834 2306 veljuramento
847 2272 981 2300 doctoris,
992 2271 1072 2304 quod
1087 2271 1136 2296 illo
1152 2272 1312 2296 revertente
1325 2270 1412 2295 libere
1428 2270 1479 2295 sibi
1495 2270 1623 2295 remittet
1639 2270 1682 2295 vel
1697 2270 1856 2303 antiquiori
1871 2270 1991 2299 doctori,

132 2322 178 2347 cui
192 2322 353 2347 secundum
367 2322 611 2348 consuetudinem
627 2322 772 2347 debentur
787 2321 866 2354 lapso
881 2328 970 2346 anno.

219 2370 258 2404 (3)
273 2371 346 2396 Item
369 2371 525 2396 statuimus
544 2373 572 2396 et
591 2371 772 2399 ordinamus.
795 2370 950 2403 precedens
974 2370 1120 2394 statutum
1140 2367 1308 2393 immediate
1328 2367 1411 2392 nullo
1431 2367 1519 2392 modo
1539 2367 1641 2392 debere
1667 2367 1798 2393 decetero
1819 2368 1933 2393 extendi
1958 2368 1992 2393 ad

133 2426 245 2453 magnas
260 2421 356 2448 scolas,
372 2420 411 2445 ita
426 2420 507 2453 quod
522 2420 654 2446 decetero
670 2419 770 2445 nullus
784 2419 939 2444 doctorum
956 2419 1091 2451 pretextu
1111 2416 1294 2450 antiquitatis
1308 2416 1351 2441 vel
1366 2416 1434 2441 alias
1450 2415 1554 2448 poterit
1570 2416 1643 2448 ipsas
1661 2424 1780 2448 magnas
1793 2416 1880 2442 scolas
1895 2418 1994 2450 optare

133 2468 176 2494 vel
190 2476 341 2501 occupare,
358 2469 405 2494 sed
425 2469 650 2494 reservabuntur
671 2476 725 2501 pro
747 2468 826 2493 factis
848 2467 1027 2493 solemnibus
1042 2468 1069 2491 et
1088 2465 1210 2498 publicis
1232 2465 1320 2498 ipsius
1342 2464 1485 2489 facultatis
1507 2464 1699 2497 expediendis.
1719 2464 1757 2489 ita
1777 2465 1857 2498 quod
1873 2466 1991 2498 quilibet

132 2516 242 2546 doctor,
263 2517 314 2550 qui
338 2517 455 2542 habebit
474 2517 664 2550 principium,
686 2517 845 2548 harengam
871 2524 920 2541 seu
944 2515 1147 2548 repetitionem
1168 2513 1210 2539 vel
1231 2513 1322 2538 alium
1346 2513 1526 2538 scolasticum
1550 2514 1649 2538 actum
1674 2520 1863 2538 communem
1886 2515 1992 2542 tenere,

134 2565 239 2598 poterit
254 2573 307 2598 pro
322 2566 372 2590 illo
387 2567 452 2591 actu
469 2566 542 2599 ipsas
557 2573 708 2598 occupare,
725 2567 753 2591 et
770 2573 829 2590 non
844 2564 927 2590 aliter
942 2563 985 2589 vel
1000 2563 1078 2588 alias.
1094 2562 1214 2587 Duobus
1228 2563 1325 2586 tamen
1339 2561 1506 2586 doctoribus
1520 2561 1551 2585 in
1564 2561 1614 2586 tali
1629 2563 1694 2586 actu
1711 2561 1855 2587 scolastico
1870 2570 1993 2587 coneur-

134 2613 265 2639 rentibus
286 2614 387 2640 eadem
409 2615 464 2643 die.
488 2615 647 2647 antiquiori
667 2614 855 2640 debebuntur
870 2613 892 2638 si
907 2620 952 2638 cas
975 2611 1097 2637 voluerit
1117 2618 1271 2643 occupare;
1289 2609 1506 2642 reputabuntur
1522 2611 1619 2634 tamen
1636 2610 1794 2635 doctorales
1809 2618 1839 2635 ac
1855 2611 1882 2635 si>
1895 2611 1995 2635 (100101-

135 2663 200 2688 actu
217 2662 326 2688 ibidem
342 2665 463 2696 regeret.
481 2663 514 2688 Et
529 2665 630 2689 contra
651 2663 705 2688 1100
726 2664 871 2689 statutum
887 2661 961 2686 nulli
976 2661 1131 2686 doctorum
1147 2660 1195 2684 fiat
1217 2658 1308 2691 gratia
1324 2666 1373 2691 per
1384 2658 1600 2690 juramentum,
1621 2658 1673 2683 nisi
1694 2660 1815 2690 urgente
1833 2659 1995 2684 necessitate

135 2711 177 2736 vel
193 2711 318 2736 evidenti
334 2712 459 2737 utilitate
479 2720 530 2745 per
548 2712 705 2745 collegium
721 2711 879 2744 approbata
895 2710 982 2735 1110111
997 2716 1065 2734 cum
1081 2708 1180 2741 aliquo
1195 2707 1348 2732 doctorum
1365 2714 1415 2739 per
1428 2706 1525 2739 ipsum
1541 2707 1695 2739 collegium
1706 2707 1913 2739 dispensatum.
1931 2709 1994 2739 Quo

133 2766 201 2784 casu
216 2759 326 2789 doctor,
344 2760 390 2785 cui
406 2760 444 2786 sic
458 2761 538 2786 fieret
552 2761 654 2793 gratia.
674 2760 791 2786 habebit
810 2759 946 2792 primitus
962 2759 1089 2790 prestare
1104 2757 1309 2789 juramentum
1330 2755 1359 2780 in
1375 2754 1494 2787 collegio
1516 2755 1596 2788 quod
1619 2755 1708 2780 dictas
1728 2755 1814 2780 scolas
1832 2755 1913 2780 nullo
1930 2756 1995 2787 jure

136 2808 288 2840 tamquam
310 2809 441 2841 proprias
465 2809 627 2842 occupabit,
653 2816 704 2834 nec
728 2809 857 2841 ipsarum
883 2806 1090 2840 possessionem
1114 2804 1235 2830 intrabit
1254 2811 1382 2837 expresse
1402 2803 1444 2829 rel
1467 2804 1558 2831 tacite,
1580 2803 1675 2836 palam
1691 2803 1733 2828 vel
1753 2803 1873 2831 occulte,
1890 2802 1997 2829 sedeas

133 2855 292 2888 gesignabit
307 2865 379 2889 pure
401 2859 429 2882 et
451 2857 621 2890 simpliciter
638 2859 666 2883 et
689 2857 785 2885 libere.
803 2856 939 2890 quotiens
961 2862 1011 2887 per
1032 2854 1198 2879 facultatem
1219 2852 1261 2878 vel
1282 2853 1378 2885 ipsum
1399 2852 1542 2877 decanum
1565 2852 1649 2877 fuerit
1667 2852 1830 2884 requisitus,
1849 2852 1943 2877 necin
1960 2852 1998 2877 eis

138 2903 438 2936 habebitJJaccalarios
454 2913 561 2942 ponere
576 2914 624 2932 seu
641 2913 685 2932 eas
700 2905 862 2931 baecalariis
878 2904 1030 2937 assignare.
