2488 3386
483 317 522 349 18
1059 325 1371 347 anR'rvLAuit’M
1409 324 1596 346 UNIVERS.
1633 324 1761 346 rmus.
2242 311 2341 348 [1353

481 405 656 442 quatenus
678 399 831 431 eundem
860 400 1016 438 Petrum,
1046 398 1077 431 si
1105 410 1198 438 eum,
1222 398 1315 430 sicut
1343 397 1572 442 premittitur,
1595 397 1832 430 sufficientem
1861 403 1896 429 et
1924 396 2104 441 ydoneum
2127 409 2210 430 esse
2236 409 2340 443 repe-

480 465 571 497 reris
591 465 635 497 ad
655 465 863 509 hujusmodi
884 464 1014 497 librum
1037 464 1299 497 Sententiarum
1329 464 1485 508 ipsarum
1515 463 1725 508 legendum,
1753 462 1965 495 auctoritate
1995 469 2117 496 nostra
2148 463 2184 496 in
2210 463 2337 497 eodem

479 537 658 564 conventu
678 531 849 563 lectorem
871 530 956 563 dicti
977 530 1073 571 libri,
1096 542 1161 575 pro
1181 529 1389 574 hujusmodi
1412 536 1572 573 tempore
1594 529 1630 561 in
1651 529 1779 561 eodem
1800 535 1994 570 conventu,
2018 529 2214 563 dummodo
2235 530 2272 562 in
2295 541 2338 563 eo

480 608 543 641 pro
566 603 726 641 tempore
754 596 833 641 ipso
854 596 968 629 lector
988 596 1118 640 aliquis
1147 608 1218 628 non
1245 595 1364 635 fuerit,
1392 595 1485 627 sicut
1516 595 1724 639 predicitur,
1748 594 1954 639 deputatus,
1975 595 2186 628 auctoritate
2215 602 2337 630 nostra

479 662 652 706 deputare
668 674 853 707 procures.
872 662 1180 701 Contradictores,
1198 667 1260 695 etc.
1280 663 1358 693 Non
1376 660 1618 701 obstantibus,
1634 667 1697 694 elc.
1717 662 1794 693 Dat.
1812 660 1992 693 Avinione
2008 661 2078 705 xvij
2096 661 2165 694 kal.
2185 662 2336 695 Februa-

478 729 534 767 rii,
554 728 781 773 pontificatus
804 729 917 761 nostri
937 740 1029 761 anno
1052 728 1179 772 primo.

568 825 629 854 ch.
648 825 702 847 Vut.
719 825 797 848 Aven.
815 824 957 848 Innocentii
973 825 1000 852 V,
1016 825 1067 847 vol.
1081 825 1110 853 V,
1129 825 1171 847 sol.
1188 825 1244 847 98¹).
1262 838 1286 841 —
1301 825 1328 847 Iu
1340 825 1390 847 vol.
1411 825 1443 847 VI
1457 826 1508 853 (nn.
1525 825 1556 853 2),
1576 824 1621 847 sol.
1636 825 1690 851 408,
1707 824 1798 847 endem
1813 824 1925 855 epistola
1939 825 2005 847 salso
2021 825 2053 848 nd
2067 833 2165 848 annum
2181 826 2335 855 secundum,

476 868 527 899 xvij
544 868 596 891 kal.
613 869 696 897 Febr.,
712 869 861 892 ascribitur.
880 882 910 886 —-
926 869 952 891 In
969 869 1058 891 codem
1075 869 1206 891 volumine
1221 868 1262 896 VI,
1280 869 1323 891 fol.
1340 869 1392 896 528,
1410 871 1494 891 exstat
1509 868 1560 891 ntia
1577 868 1718 891 Innocentii
1739 868 1851 899 epistola
1874 869 1997 898 (Johnnni
2013 869 2044 892 de
2064 869 2165 899 Aciuco)
2179 871 2336 894 cancellat-io

476 912 559 935 PuriS.
576 912 664 940 missa,
680 913 738 935 dato
756 912 879 935 Avinione
895 913 911 943 ij
928 921 987 935 non.
1002 913 1071 939 Dec„
1089 921 1155 935 nuno
1169 913 1282 935 secundo
1301 913 1378 940 (1354,
1391 913 1405 934 [Δ
1420 912 1561 942 Decemb.),
1580 920 1630 943 qua
1647 912 1729 935 eidem
1746 913 1822 935 Petro
1837 913 1989 936 conceditur
2004 913 2108 937 licentia
2124 914 2293 938 continuandi
2308 914 2335 938 in

474 956 564 978 eodem
581 960 709 979 conventu
726 957 851 979 lecturam
866 957 1066 984 Sententiarum,
1084 957 1147 979 hora
1163 957 1310 983 tertiarum,
1325 956 1429 987 quando
1445 956 1489 978 ulii
1504 956 1650 979 baccalarei
1668 956 1764 979 librum
1780 957 1867 987 ipsum
1881 957 1945 980 horu
1963 957 2047 988 prime
2062 958 2159 988 legent.
2175 959 2240 982 Cum
2255 958 2334 987 enim,

475 1000 617 1022 secundum
633 1001 783 1023 mandatum
800 1000 972 1031 apostolicum
989 1009 1069 1031 supra
1085 1000 1191 1027 editum,
1208 1000 1300 1023 Petrus
1321 1000 1467 1022 Sententius
1487 1000 1595 1031 legisset
1614 1004 1675 1031 post.
1693 1002 1787 1023 festum
1807 1002 1993 1032 Apostolorum
2014 1002 2082 1031 Petri
2100 1005 2125 1026 et
2144 1002 2227 1030 Pauli,
2250 1006 2336 1026 rector

473 1046 497 1066 et
514 1043 675 1066 Uuiversitas
692 1044 775 1067 Paris.
787 1053 875 1067 omnes
888 1045 1001 1067 lecturas
1017 1047 1042 1067 et
1054 1047 1127 1067 actus
1144 1044 1314 1066 scholasticos
1332 1044 1356 1066 in
1373 1044 1462 1067 eodem
1478 1044 1564 1067 studio
1578 1044 1779 1072 interdixerunt3
1794 1045 1882 1076 itaque
1897 1046 1989 1069 Petrus
2004 1046 2130 1070 lectur-nm
2145 1047 2272 1078 perficere
2282 1054 2334 1070 non

473 1090 600 1118 potuerat,
617 1096 667 1111 non
689 1088 743 1111 suis
765 1088 908 1117 demeritis,
925 1089 969 1111 sed
987 1088 1125 1111 interdicto
1143 1088 1293 1119 hujusmodi
1310 1088 1461 1119 impeditus.
1476 1089 1512 1111 De
1534 1097 1585 1119 qua
1605 1089 1753 1112 studiorum
1771 1090 1953 1120 suspensione,
1970 1090 2028 1113 vide
2048 1090 2116 1114 infra
2132 1090 2164 1114 n¹¹
2178 1091 2246 1120 1220,
2263 1091 2332 1120 1223,

471 1131 503 1154 ad
517 1139 559 1154 an.
578 1132 646 1159 1354,
665 1133 730 1162 Aug.
747 1133 785 1161 25,
802 1132 872 1163 Sept.
887 1133 910 1155 6.

474 1242 531 1278 12
545 1243 612 1279 [3.
636 1261 650 1277 01<
664 1252 784 1278 Botulus
801 1253 1000 1287 magistrorum
1022 1253 1219 1279 lsniversitatis
1236 1254 1420 1279 Parisiensis.
1440 1263 1454 1278 »

1791 1298 1863 1328 7353,
1878 1299 1940 1324 unii
1950 1299 1993 1325 23.

556 1374 738 1419 Supplicat
769 1375 946 1408 sanctitati
971 1383 1090 1408 vestre
1121 1376 1304 1409 humiliter
1325 1376 1559 1417 devotissima
1588 1377 1659 1410 filia
1679 1385 1798 1410 vestra
1829 1379 2046 1412 universitas
2075 1381 2330 1425 magistrorum

467 1440 660 1473 Parisiens.
690 1447 866 1485 quatenus
893 1442 1009 1474 eidem
1037 1442 1229 1487 specialem
1257 1443 1405 1487 gratiam
1432 1443 1606 1475 facientes
1632 1443 1667 1476 in
1695 1456 1870 1488 personas
1895 1446 2151 1490 magistrorum
2178 1446 2331 1480 inferius

466 1505 766 1538 nominandorum
796 1507 839 1539 de
869 1506 1057 1540 beneficiis
1086 1508 1344 1541 ecclesiasticis
1375 1509 1615 1553 infrascriptis
1645 1516 1680 1542 et
1704 1510 1915 1543 vacantibus
1945 1523 2025 1544 cum
2055 1524 2139 1545 cura
2163 1512 2221 1545 vel
2250 1512 2329 1546 sine

465 1583 562 1612 eura,
594 1579 701 1616 prout
730 1573 765 1605 in
794 1585 917 1605 eorum
947 1574 1274 1618 supplicationibus
1302 1575 1542 1619 infrascriptis
1570 1576 1790 1615 continetur,
1813 1577 2015 1622 dignemini
2045 1578 2331 1612 misericorditer

465 1638 655 1681 providere
677 1650 755 1671 cum
778 1640 1034 1684 acceptatione,
1058 1640 1287 1681 inhibitione,
1311 1642 1612 1675 reservatione...

1164 1726 1258 1751 Primo
1274 1726 1399 1761 Mayistri
1414 1727 1442 1752 ἰη
1457 1728 1592 1762 theologia
1604 1728 1620 1753 ¹.

551 1794 687 1820 Videlicet
702 1795 839 1828 magistro
855 1796 967 1821 llellino
983 1796 1018 1821 de
1034 1796 1160 1822 DurIaCO
1175 1796 1320 1823 Camerac.
1338 1797 1411 1823 dioc.
1428 1797 1472 1832 [de
1488 1799 1605 1831 paroch.
1621 1799 1688 1825 cccl.
1708 1799 1733 1825 S.
1753 1799 1872 1833 Sulpicii
1887 1800 1922 1826 de
1938 1800 2059 1827 Faveriis
2074 1801 2160 1827 Paris.
2177 1801 2264 1837 dioc.]

551 1843 624 1868 Item
639 1843 777 1876 magistro
793 1844 936 1869 Robbcrto
957 1844 992 1870 de
1009 1844 1146 1878 corbeya,
1164 1846 1264 1871 curato
1278 1846 1466 1878 parrochialis
1484 1847 1600 1873 ecclesie
1619 1847 1654 1873 de
1675 1848 1818 1874 Balneolis
1834 1848 1930 1875 Sancti
1944 1849 2068 1875 Eblandi
2088 1849 2173 1876 Paris.
2189 1850 2264 1877 dioc.
2283 1849 2328 1886 [de

463 1898 524 1924 par.
542 1891 608 1916 eccl.
627 1891 656 1916 B.
674 1891 761 1917 MarIe
773 1892 808 1918 de
825 1892 930 1925 Urseyo
939 1892 959 1921 2,
976 1893 1106 1919 Baiocen.
1124 1893 1197 1919 dioc.
1215 1893 1284 1928 [non
1299 1894 1431 1920 obstante
1446 1896 1618 1921 canonicatu
1632 1898 1660 1922 et
1675 1897 1822 1929 prebenda
1837 1897 1867 1923 B.
1886 1898 1991 1924 Mathei
2007 1897 2171 1933 Folliacen.]

550 1940 624 1965 Item
640 1940 778 1973 magistro
794 1940 949 1966 Gilleberto
965 1941 1094 1967 Cossardi
1109 1942 1283 1975 Rothomag.
1300 1942 1373 1969 dioc.
1390 1942 1433 1978 [dc
1449 1952 1510 1977 par.
1527 1944 1594 1970 eccl.
1612 1944 1648 1971 de
1661 1945 1791 1971 Livarrot
1807 1946 1958 1972 LexovIen.
1972 1946 2059 1981 dioc.]

553 1988 626 2013 Item
641 1989 803 2014 Christiano
818 1989 896 2022 Guys
911 1990 1064 2016 Morinens.
1079 1990 1151 2016 dioc.
1170 1989 1214 2024 [de
1227 1992 1343 2023 paroch.
1361 1992 1428 2018 eccl.
1445 1992 1481 2018 de
1495 1993 1585 2019 Fonte
1599 1993 1718 2020 Abbatis
1732 1994 1884 2021 Ebroicen.
1900 1994 1987 2029 dioc.]

1239 2067 1364 2100 Mayistrt
1382 2067 1408 2092 ὶη
1423 2068 1547 2094 dem-etis.

556 2133 691 2160 Videlicet
706 2134 844 2167 magistro
859 2135 998 2161 Herherto
1010 2136 1045 2161 de
1061 2136 1188 2162 Sarcellis
1204 2137 1328 2169 Sagiens.
1346 2137 1419 2163 dioc.
1439 2137 1484 2172 [dc
1499 2139 1566 2164 cccl.
1583 2147 1644 2172 par.
1661 2139 1697 2166 de
1711 2141 1871 2167 Morsalinis
1885 2141 2035 2167 Constant.
2052 2141 2138 2177 dioc.]

555 2182 628 2207 Item
646 2182 784 2215 magistro
799 2183 955 2209 Guillelmo
971 2184 1081 2217 PIgasse
1098 2185 1203 2217 presb„
1220 2185 1405 2211 decretorum
1424 2187 1544 2216 doctori.
1562 2188 1709 2215 licentiato
1731 2190 1762 2215 in
1777 2190 1889 2223 legibus
1905 2192 1934 2216 et
1949 2190 2088 2224 magistro
2107 2191 2138 2216 in
2154 2190 2266 2217 artibus
2280 2190 2326 2226 [do

468 2230 535 2256 eccl.
553 2230 669 2263 paroch.
688 2231 722 2256 (10
738 2231 902 2265 Με11·(11110)ὀ
918 2232 1067 2258 Lexovien.
1084 2232 1168 2267 dioc.]

1227 2296 1352 2330 Magistri
1365 2296 1392 2322 in
1409 2297 1550 2323 medicina.

555 2363 691 2389 Videlicet
703 2363 866 2390 Theobaldo
881 2364 916 2390 de
929 2364 1108 2397 Attigniaco³
1124 2365 1261 2399 magistro
1276 2367 1307 2392 in
1322 2368 1433 2394 artibus
1450 2370 1478 2394 et
1496 2369 1648 2400 medIcina,
1666 2371 1785 2397 Remen.
1802 2371 1888 2399 dioc..
1909 2371 1945 2397 ad
1961 2371 2048 2406 pedes
2062 2372 2220 2398 sanctitatis
2234 2374 2325 2399 vestre

466 2419 516 2445 per
532 2411 753 2438 Universitatem
769 2412 955 2438 Parisiensem
970 2413 1005 2438 ad
1021 2421 1136 2446 presens
1149 2415 1254 2440 nuntio
1267 2415 1410 2442 destinato
1426 2415 1469 2451 [de
1484 2417 1552 2443 cccl.
1570 2426 1630 2451 par.
1647 2419 1683 2445 de
1695 2419 1818 2445 Romara
1834 2420 2007 2454 Rothomag.
2024 2419 2110 2455 dioc.]

554 2461 626 2486 Item
642 2460 846 2486 Bai-tholomeo
861 2461 962 2487 Boneti
977 2462 1115 2495 magistro
1127 2462 1158 2488 in
1173 2463 1283 2489 artibus
1298 2466 1326 2490 et
1339 2464 1491 2495 medicina,
1509 2466 1726 2494 claromonten.
1741 2468 1814 2494 dloc.

1174 2539 1299 2572 Mayistri
1312 2539 1339 2564 ἰη
1347 2540 1482 2573 facultate
1494 2541 1604 2567 artium.

553 2605 688 2631 Videlicet
701 2606 817 2638 Ilugoni
829 2606 978 2632 Tenoilleti
991 2607 1025 2632 dc
1038 2608 1136 2633 Castro
1151 2608 1274 2639 Girardi,
1287 2610 1447 2642 Lingoncn.
1462 2611 1535 2637 dioc.
1549 2612 1593 2647 [de
1606 2621 1667 2646 par.
1682 2614 1749 2639 eccl.
1764 2614 1800 2640 de
1812 2614 1911 2641 Ventis
1922 2615 2037 2649 aquosis
2050 2615 2224 2648 Rothomag.
2236 2614 2322 2650 dioc.]

552 2654 623 2680 Item
639 2654 774 2680 Nicholao
796 2655 831 2680 de
851 2654 1000 2681 Suessione
1022 2657 1126 2689 presb,
1144 2657 1250 2683 nuntio
1265 2658 1300 2683 de
1323 2659 1440 2686 natione
1460 2660 1647 2691 Gallicorum,
1669 2662 1737 2688 alias
1758 2663 1862 2689 rectori
1885 2664 1961 2690 dicte
1981 2663 2179 2690 UniversItatis
2193 2663 2238 2699 [de
2252 2664 2320 2691 eccl.

463 2710 524 2735 par.
542 2702 577 2728 de
592 2702 739 2728 Mollibcco
755 2702 953 2729 Constantien.
971 2703 1054 2739 dioc.]

553 2752 626 2777 Item
639 2751 768 2776 Johanni
783 2751 819 2777 de
834 2752 982 2781 Bonnclla.
999 2752 1133 2779 Ambian.
1149 2754 1222 2780 dioc.
1241 2755 1285 2788 [de
1301 2756 1367 2782 eccl.
1385 2764 1445 2789 par.
1464 2757 1490 2782 S.
1508 2758 1623 2784 Martini
1637 2759 1673 2785 de
1688 2759 1721 2785 Ο.
1739 2760 1865 2793 Sagiens.
1881 2760 1966 2796 dioc.]

549 2800 622 2825 Item
648 2799 770 2825 llenrico
794 2800 924 2832 Hologhe
938 2800 1078 2826 Mindensi
1093 2803 1269 2835 presbytero,
1290 2804 1357 2830 alias
1381 2805 1483 2830 rectori
1504 2806 1579 2832 dicte
1603 2807 1799 2834 Universitatis
1821 2808 1865 2843 [de
1888 2809 1955 2835 eccl.
1976 2817 2037 2842 par.
2055 2809 2090 2835 de
2114 2809 2225 2835 Euvilla
2243 2809 2307 2836 dioc

463 2847 587 2882 Sagien.]

583 2897 604 2918 3.
