2488 3386
210 349 304 385 1366]
626 362 673 383 ΑΒ
708 361 812 383 ANNO
847 361 977 382 MCCCL
1011 360 1141 388 usQUE
1177 362 1224 382 An
1260 361 1523 383 BENEDICTUM
1557 362 1646 383 xiii.
2005 353 2067 385 143

211 465 350 502 1319.
376 476 491 500 Statum
506 483 558 510 pro
574 473 703 499 omnibus
713 472 905 507 facultatibus
926 472 1124 498 Universitatis
1141 473 1309 507 Parisiens.,
1326 472 1405 498 edita
1425 482 1443 497 a
1463 473 1573 498 duobus
1597 473 1796 498 cardinalibus
1817 473 1936 498 consilio
1955 474 2066 499 cancel-

294 523 363 550 larii
378 527 405 549 et
419 523 581 558 aliquorum
597 523 804 557 magistrorum.

1449 558 1521 586 1366,
1535 558 1604 583 dunis
1613 558 1637 587 5,
1654 557 1783 583 dveniens.

293 634 526 667 Miseratione
555 633 674 666 divina
701 632 885 666 Johannes
916 631 1009 665 tituli
1042 632 1162 665 Sancti
1198 632 1309 664 Marci
1338 638 1372 664 et
1403 631 1555 676 Egidius
1588 631 1680 663 tituli
1709 632 1829 664 Sancti
1857 633 2001 665 Martini
2032 633 2067 665 in

206 699 391 733 Montibus
413 699 615 745 presbyteri
635 698 851 740 cardinales,
873 698 1113 731 commissarii
1134 698 1177 731 ad
1198 698 1426 742 infrascripta
1447 710 1464 730 a
1486 698 1717 730 sanctissimo
1739 698 1775 730 in
1801 698 1947 732 Christo
1969 705 2067 743 patre

205 768 259 799 et'
292 767 438 799 domino
469 772 594 799 nostro
627 765 774 798 domino
800 764 947 798 Urbano
973 765 1093 798 divina
1125 765 1351 809 providentia
1382 776 1471 809 papa
1501 764 1627 808 quinto
1658 764 1864 808 specialiter
1894 765 2066 809 deputati,

205 833 348 866 dilectis
374 832 480 866 nobis
508 833 545 865 in
575 832 722 866 Christo
749 832 964 865 cancellario
986 831 1141 864 ecclesie
1163 831 1395 872 Parisiensis,
1416 843 1456 864 ac
1482 831 1680 876 magistris,
1705 830 1917 863 doctoribus
1939 838 1972 864 et
1994 843 2068 864 sco-

204 899 340 932 laribus
361 900 543 933 universis
565 906 599 932 et
622 898 779 943 singulis
801 898 911 931 studii
933 898 1164 939 Parisiensis,
1186 898 1338 931 salutem
1368 904 1402 930 et
1431 898 1609 930 sinceram
1632 898 1668 929 in
1697 898 1851 930 Domino
1873 898 2066 930 caritatem.

204 966 385 1000 Noveritis
421 978 488 998 nos
527 966 650 998 literas
687 965 917 1010 apostolicas,
949 977 1033 998 vera
1066 964 1162 997 bulla
1195 964 1361 1009 plumbea
1395 964 1480 997 dicti
1516 964 1653 996 domini
1686 964 1801 997 nostri
1840 976 1930 1009 pape
1970 976 2068 997 more

205 1034 363 1066 Romane
382 1033 482 1065 curie
503 1033 540 1065 in
563 1031 711 1065 cordula
736 1031 882 1064 canabis
902 1031 1070 1073 bullatas,
1095 1031 1192 1064 omni
1214 1031 1423 1076 suspicione
1444 1037 1622 1072 carentes,
1646 1037 1683 1063 ut
1705 1030 1838 1072 decuit,
1861 1037 2070 1064 reverenter

206 1099 402 1144 recepisse,
421 1111 571 1143 quarum
589 1105 694 1131 tenor
715 1098 881 1143 sequitur
901 1097 970 1130 sub
990 1097 1061 1130 hiis
1082 1097 1205 1131 verbis
1225 1110 1231 1129 z

294 1180 308 1195 «
334 1165 502 1198 Urbanus
524 1165 719 1210 episcopus
736 1176 865 1198 servus
885 1176 1073 1198 servorum
1096 1165 1176 1205 Dei,
1199 1164 1342 1197 dilectis
1364 1164 1449 1197 filiis
1469 1163 1626 1197 Johanni
1650 1178 1680 1204 »,
1697 1169 1760 1197 etc.
1785 1169 1824 1197 ut
1844 1167 1880 1197 n⁰
1903 1165 1999 1197 1318.

293 1232 434 1275 Quibus
465 1232 621 1276 receptis
651 1243 718 1264 nos
746 1231 911 1265 volentes
941 1231 1107 1264 consulte
1139 1230 1350 1276 procedere,
1386 1230 1519 1263 multos
1548 1231 1774 1264 vocavi1nus²
1803 1230 1997 1275 magistros
2030 1243 2068 1263 ac

204 1299 341 1343 peritos
371 1298 482 1331 studii
510 1298 729 1330 Parisiensis
755 1297 961 1342 alumpnos,
984 1297 1070 1330 boni
1101 1304 1215 1330 status
1246 1304 1281 1330 et
1309 1297 1525 1329 incrementi
1552 1297 1716 1341 ejusdem
1746 1297 1858 1330 studii
1885 1297 2068 1341 totiusque

203 1365 403 1410 reipublice
425 1364 614 1406 zelatores,
642 1377 722 1397 cum
750 1365 878 1409 eisque
905 1365 1092 1409 repetitas,
1114 1371 1271 1397 maturas
1293 1370 1328 1396 et
1353 1363 1447 1396 bene
1469 1364 1656 1396 discussas
1679 1364 1805 1408 super³
1828 1364 2010 1396 contentis
2032 1364 2068 1396 in

203 1432 309 1465 dictis
330 1431 541 1476 apostolicis
562 1431 693 1464 litteris
715 1430 907 1464 habuimus
924 1431 1221 1472 deliberationes,
1238 1437 1273 1463 et
1290 1431 1432 1463 tandem
1455 1430 1634 1463 discussis
1656 1430 1892 1475 singulariter
1913 1431 2070 1475 singulis

203 1511 268 1544 pro
290 1498 457 1544 prelibati
479 1498 591 1531 studii
608 1504 642 1530 et
659 1497 824 1530 utilitatis
845 1497 990 1542 publice
1011 1504 1221 1542 augmento,
1239 1498 1283 1530 de
1302 1497 1547 1542 predictorum
1570 1497 1744 1530 concordi
1765 1497 1919 1530 consilio
1941 1504 2070 1530 statuta

202 1571 238 1598 et
257 1565 506 1598 ordinationes
526 1564 570 1597 ad
591 1564 766 1597 honorem
788 1564 854 1597 Dei
875 1564 1027 1597 fecimus
1048 1564 1277 1609 infrascripta
1296 1576 1302 1596 :

291 1631 473 1676 Imprimis
498 1631 592 1664 circa
617 1631 841 1664 sacultatem‘
862 1632 1072 1664 THEOLOGIE
1093 1631 1305 1664 auctoritate
1328 1631 1488 1676 predicta
1511 1630 1716 1671 statuimus,
1739 1630 1837 1675 quod
1862 1631 2069 1675 quicunque

202 1697 433 1743 incipientes,
456 1704 554 1730 etex
575 1710 646 1743 quo
671 1698 875 1742 inceperint
900 1697 1025 1743 legere
1053 1698 1271 1735 Sententias.
1301 1698 1406 1730 etiam
1433 1709 1604 1730 cursores
1630 1697 1666 1729 in
1693 1697 1789 1730 dicto
1816 1697 1951 1739 studio,
1974 1698 2071 1730 ince-

203 1765 288 1797 dant
308 1776 372 1809 per
390 1764 511 1798 villam
532 1764 569 1797 in
589 1764 726 1806 habitu,
749 1776 815 1797 suo
837 1764 959 1805 statui,
980 1764 1124 1809 gradui,
1145 1771 1180 1797 et
1200 1764 1330 1797 honori
1352 1764 1447 1797 dicte
1467 1763 1647 1796 facultatis
1668 1764 1898 1805 condecenti,
1920 1764 2070 1796 maxime

202 1831 343 1864 eundo⁵
364 1831 409 1864 ad
430 1830 562 1872 scolas,
585 1830 759 1864 ecclesias
781 1837 817 1864 et
837 1843 1038 1864 sermones.

292 1899 380 1930 Item
398 1897 495 1942 quod
517 1897 641 1930 nullus
657 1897 701 1930 ad
722 1897 896 1930 lecturam
918 1897 1185 1930 Sententiarum
1207 1897 1244 1930 in
1264 1897 1514 1930 vacationibus
1534 1897 1753 1930 admittatur.

291 1966 380 1997 Item
401 1970 441 1997 ut
460 1964 650 1997 studentes
670 1976 744 1997 non
764 1976 828 2009 per
849 1964 993 2005 saltum,
1014 1964 1078 1997 sed
1100 1963 1302 1996 secundum
1325 1964 1451 1996 merita
1477 1970 1758 2009 promoveantur
1782 1963 1826 1996 ad
1854 1963 2012 1996 honores
2034 1963 2069 1995 in

202 2031 369 2064 facultate
390 2030 564 2075 predicta,
586 2030 777 2064 statuimus
804 2031 902 2075 quod
926 2042 1097 2064 cursores
1119 2030 1304 2075 theologie
1331 2042 1419 2063 suos
1440 2042 1570 2063 cursus
1592 2030 1714 2075 legant
1735 2030 1912 2071 ordinate,
1935 2036 2068 2062 textum

203 2097 420 2142 exponendo
450 2103 486 2130 et
514 2096 638 2142 glosas
668 2096 847 2130 notabiles
874 2097 1092 2130 declarando
1117 2097 1320 2130 secundum
1354 2097 1498 2130 modum
1535 2097 1734 2141 antiquitus
1762 2097 1798 2129 in
1825 2097 1920 2129 dicto
1949 2096 2069 2129 studio

203 2163 453 2209 approbatum.

292 2231 380 2263 Item
397 2229 495 2275 quod
512 2229 635 2263 nullus
656 2241 785 2263 cursor
807 2229 924 2262 Biblie
946 2229 1069 2275 legere
1091 2236 1276 2274 presumat
1296 2230 1388 2263 ultra
1412 2242 1522 2262 unum
1546 2229 1742 2275 capitulum
1764 2230 1801 2262 in
1822 2241 1891 2262 una
1913 2229 2069 2262 lectione

202 2297 248 2330 de
268 2296 363 2330 libro
384 2308 492 2342 quem
513 2296 625 2341 leget,
647 2296 808 2341 exceptis
829 2296 995 2330 biblieis⁶
1014 2296 1197 2329 ordinarie
1219 2296 1440 2342 legentibus.

291 2365 379 2396 Item
397 2363 494 2408 quod
512 2362 635 2396 nullus
651 2363 695 2396 ad
715 2363 887 2396 lecturam
910 2375 1081 2396 cursuum
1100 2363 1136 2395 in
1154 2362 1337 2408 theologia
1353 2363 1572 2404 admittatur,
1591 2363 1662 2396 nisi
1678 2363 1839 2408 attigerit
1854 2375 1922 2396 xxv
1937 2374 2068 2395 annum

202 2441 268 2463 sue
289 2429 406 2462 etatis.

291 2497 378 2528 Item
405 2495 503 2540 quod
529 2495 684 2540 quilibet
709 2508 839 2529 cursor
863 2497 900 2528 in
921 2496 1103 2541 theologia
1135 2503 1297 2540 tempore
1318 2496 1536 2529 intermedio
1558 2497 1653 2528 inter
1681 2496 1835 2540 primum
1863 2507 2007 2527 cursum
2036 2500 2071 2526 et

203 2562 408 2595 Sententias
429 2563 654 2607 respondere
676 2563 712 2595 in
733 2562 917 2607 theologia
937 2563 981 2596 ad
1002 2563 1121 2596 minus
1138 2562 1252 2596 semel
1272 2569 1450 2604 teneatur,
1473 2563 1544 2596 nisi
1565 2563 1674 2595 suerit
1694 2562 1856 2607 legitime
1878 2567 2069 2594 excusatus

203 2628 352 2661 arbitrio
373 2628 581 2662 cancellarii
602 2635 638 2661 et
657 2629 836 2662 facultatis
854 2629 1027 2674 predicte.

292 2696 380 2727 Item
414 2695 511 2740 quod
543 2695 705 2728 scolares
735 2695 797 2741 qui
826 2695 969 2728 noviter
996 2696 1177 2741 incipiunt
1202 2696 1328 2729 audire
1359 2695 1595 2740 theologiam,
1625 2695 1751 2739 primis
1783 2700 1936 2739 quatuor
1965 2692 2068 2725 annis

204 2767 349 2806 portent
368 2761 425 2794 vel
451 2761 609 2807 portari⁷
631 2762 762 2795 saciant
786 2762 831 2795 ad
856 2762 974 2795 scolas
1001 2762 1126 2795 biblici
1148 2762 1316 2804 Bibliam,
1338 2763 1374 2795 in
1395 2775 1464 2808 qua
1484 2762 1661 2795 lectiones
1684 2761 1801 2793 Biblie
1821 2760 1968 2793 audiant
1988 2758 2069 2791 dili-

204 2834 344 2872 genter.

294 2896 380 2927 Item
399 2895 496 2939 quod
514 2895 674 2928 scolares
695 2895 825 2927 librum
849 2896 1113 2928 Sententiarum
1136 2896 1325 2928 audientes
1343 2895 1484 2928 noviter
1502 2895 1627 2939 primis
1645 2901 1797 2938 quatuor
1813 2893 1916 2926 annis
1934 2898 2066 2924 textum
