2488 3386
197 338 292 374 1368]
610 351 655 371 AB
690 350 794 371 ANNO
828 350 959 372 MCCCL
992 350 1122 378 USQUE
1158 350 1204 371 AD
1240 349 1503 373 BENEDICTUM
1539 353 1628 373 xm.
1997 343 2055 375 177

196 424 293 456 sario
315 424 544 456 demoliende
571 424 718 456 omnino
744 435 809 468 pro
832 423 1003 467 predictis
1024 424 1171 456 fossatis
1199 423 1330 455 fiendis
1356 436 1361 455 :
1386 425 1480 456 inter
1501 425 1617 457 dictos
1640 432 1815 458 rectorem
1846 433 1878 458 et
1910 433 2056 458 matrem

198 498 356 524 nostram
380 491 659 524 Universitatem
682 490 793 522 Paris.
817 490 860 522 ad
882 502 1009 534 preces
1031 490 1116 522 dicti
1143 490 1279 522 domini
1302 491 1416 523 nostri
1438 491 1536 536 regis
1558 499 1592 524 et
1614 492 1745 524 dictum
1770 492 1993 536 capellanum
2016 505 2058 524 ex

196 569 265 590 una
287 564 398 602 parte,
421 563 454 590 et
477 568 543 589 nos
564 556 727 589 abbatem
751 563 785 589 et
805 563 1022 589 conventum
1045 556 1229 601 predictos
1256 569 1319 601 pro
1341 557 1500 590 evidenti
1522 557 1673 590 utilitate
1695 558 1779 590 dicti
1803 559 1916 590 nostri
1938 571 2060 591 mona-

197 624 298 657 sterii
320 624 455 669 previis
478 623 643 668 pluribus
661 622 994 656 deliberacionibus
1016 623 1051 655 in
1073 623 1230 667 capitulo
1252 630 1377 656 nostro
1399 636 1510 668 super
1526 623 1593 656 hoc
1614 625 1716 656 factis
1739 637 1779 657 ex
1801 625 1923 665 altera,
1948 625 2061 657 extitit

196 691 247 722 sic
279 696 464 723 tractatum
495 696 528 721 et
561 689 778 721 unanimiter
810 689 1085 729 concordatum,
1118 689 1214 733 quod
1248 690 1283 721 in
1315 690 1694 734 recompensacionem
1727 691 1837 723 totius
1868 691 1935 723 loci
1968 691 2061 723 dicte

196 756 334 801 capelle
356 757 400 789 de
421 756 566 796 Ordeis,
596 756 726 788 domus
754 762 789 788 et
809 756 1036 800 jardinorum
1067 756 1229 800 ejusdem
1258 757 1393 800 prefate
1424 757 1578 789 ecclesie
1610 763 1733 789 nostre
1761 757 2004 801 proximorum
2029 765 2060 790 et

197 823 356 856 omnium
385 822 689 867 pertinenciarum
719 822 804 854 dicti
826 822 910 863 loci,
939 822 1208 866 assignabimus
1235 829 1270 855 et.
1294 823 1338 855 de
1361 823 1520 867 presenti
1547 824 1776 867 assignamus
1798 824 1894 856 dicto
1917 825 2062 859 rectori,

197 890 364 934 dicteque
381 889 482 922 matri
501 895 624 921 nostre
642 889 875 922 Universitati
893 895 928 921 et
943 889 1128 933 capellano
1144 901 1182 921 ac
1199 889 1397 933 capellanie
1414 897 1446 922 et
1465 890 1541 922 suis
1558 889 1837 922 successoribus
1855 897 1935 922 octo
1954 890 2063 923 libras

197 957 306 1001 paris.
340 956 449 988 annui
478 962 512 988 et
542 956 707 1000 perpetui
738 955 917 996 redditus,
947 956 1199 988 admortizatas
1227 956 1331 988 aunis
1359 956 1529 1000 singulis,
1562 957 1813 1001 percipiendas
1842 957 1956 1001 primo
1984 964 2063 1001 post

197 1023 347 1055 fundum
371 1029 466 1055 terre
487 1029 522 1054 et
543 1022 713 1055 levandas
730 1021 844 1054 libere
863 1034 926 1066 per
942 1022 1164 1067 capellanum
1186 1022 1399 1067 predictum,
1419 1035 1654 1056 successores
1673 1035 1760 1056 suos
1777 1023 1985 1068 capellanos
2007 1031 2062 1056 aut

197 1096 333 1122 certum
358 1089 560 1121 mandatum
584 1090 663 1133 ejus
684 1089 740 1121 vel
769 1100 893 1121 eorum
923 1089 958 1121 in
981 1096 1134 1133 quatuor
1163 1089 1326 1121 terminis
1354 1090 1513 1122 Parisius
1539 1090 1726 1122 consuetis
1748 1102 1859 1134 super
1886 1091 2062 1134 quandam

199 1156 344 1187 domum
366 1167 445 1187 cum
470 1155 705 1199 pertinenciis
731 1157 809 1200 ejus
840 1156 941 1188 sitam
972 1156 1131 1188 Parisius
1162 1156 1197 1187 in
1224 1156 1481 1200 jurisdictione
1505 1163 1639 1195 nostra,
1662 1156 1742 1191 alta,
1767 1157 1882 1189 media
1905 1164 1937 1189 et
1962 1157 2064 1189 bassa

198 1234 306 1267 supra
336 1222 501 1266 riperiam
530 1222 695 1266 Sequane
724 1235 836 1267 prope
865 1224 993 1255 fratres
1025 1223 1058 1255 S.
1083 1223 1292 1267 Augustini,
1318 1229 1496 1255 tenentem
1527 1235 1569 1255 ex
1598 1235 1665 1255 una
1696 1230 1794 1267 parte
1823 1223 1945 1255 domui
1972 1225 2065 1268 Dyo-

198 1289 282 1321 nisii
304 1288 389 1321 dicti
412 1288 653 1329 Bourraches,
676 1295 710 1321 et
731 1301 773 1321 ex
794 1289 904 1321 altera
926 1296 1025 1333 parte
1051 1289 1173 1321 domui
1194 1289 1369 1321 Joliannis
1391 1290 1435 1321 de
1459 1289 1625 1322 Vallibus
1648 1290 1851 1334 piscatoris,
1875 1296 1907 1322 ct
1929 1303 1944 1322 a
1969 1297 2066 1334 parte

198 1362 294 1388 retro
316 1355 439 1387 domui
462 1355 598 1387 domini
620 1355 782 1400 episcopi
816 1356 1083 1395 Laudunensis,
1111 1363 1291 1388 oneratam
1316 1356 1563 1389 tantummodo
1585 1356 1745 1400 quolibet
1768 1369 1862 1388 anno
1885 1357 1919 1388 in
1942 1357 2064 1389 decem

199 1422 281 1454 libr.
302 1422 409 1466 paris.
429 1433 493 1466 pro
515 1421 626 1454 fundo
649 1428 743 1454 terre
760 1422 913 1466 aliisque
937 1422 1158 1454 redibenciis
1180 1423 1362 1455 universis
1384 1422 1491 1455 nobis
1509 1429 1540 1455 et
1563 1423 1717 1455 ecclesie
1740 1430 1863 1455 nostre
1884 1424 2064 1455 annuatim

200 1488 401 1529 solvendis,
421 1495 455 1521 et
474 1488 711 1533 quadraginta
733 1488 840 1521 solid.
861 1489 968 1533 paris.
989 1495 1167 1521 restantes
1189 1489 1233 1521 de
1256 1489 1416 1533 predicta
1439 1501 1576 1522 summa
1600 1490 1723 1521 decem
1746 1489 1827 1521 libr.
1848 1490 1956 1534 paris.
1977 1490 2066 1522 ultra

200 1556 312 1588 dictas
334 1562 414 1588 octo
436 1555 560 1595 libras,
580 1562 617 1588 ut
638 1556 869 1600 premittitur,
887 1556 1089 1600 assignatas
1111 1562 1142 1588 et
1167 1568 1230 1600 per
1245 1557 1386 1599 juratos
1407 1556 1643 1600 appreciatas,
1663 1568 1817 1589 exnunc
1836 1557 2010 1589 tradimus
2032 1557 2066 1589 in

199 1622 485 1667 contraplegium
509 1622 683 1654 dictarum
709 1629 789 1655 octo
818 1622 989 1654 librarum
1020 1622 1129 1667 paris.
1152 1622 1343 1667 obligatas.
1367 1624 1445 1664 Que
1473 1623 1591 1655 omnia
1624 1630 1655 1655 et
1690 1623 1832 1667 singula
1864 1624 2068 1667 supradicta

200 1695 307 1734 prout
336 1689 506 1733 superius
537 1696 619 1721 sunt
651 1701 821 1734 expressa
852 1689 1006 1722 tenenda
1035 1689 1186 1721 firmiter
1218 1696 1253 1721 et
1286 1689 1545 1722 inviolabiliter
1575 1689 1801 1722 observanda
1837 1690 2068 1734 garandizare

201 1755 443 1800 promittimus
466 1755 559 1788 bona
581 1755 651 1788 fide
674 1762 707 1788 et
728 1755 926 1800 adimplere
948 1756 1095 1788 omnino
1117 1755 1184 1788 sub
1207 1756 1367 1788 omnium
1389 1762 1512 1788 nostre
1535 1756 1690 1789 ecclesie
1711 1756 1935 1801 obligatione
1956 1756 2070 1789 bono-

200 1835 292 1863 rum,
315 1823 570 1868 renunciantes
591 1823 627 1854 in
649 1822 716 1855 hoc
738 1823 830 1855 sacto
852 1822 1021 1855 omnihus
1044 1822 1320 1867 exceptionibus
1342 1823 1430 1864 doli,
1453 1823 1548 1864 mali,
1572 1823 1722 1863 fraudis,
1748 1823 1914 1863 lesionis,
1937 1824 2068 1868 decep-

199 1889 308 1922 tionis
331 1889 382 1921 rei
404 1890 456 1922 sic
478 1901 550 1921 non
571 1896 674 1934 geste
696 1889 789 1922 dicte
815 1890 1071 1934 compositioni
1095 1901 1167 1921 non
1189 1891 1292 1931 sacte,
1315 1897 1350 1922 et
1373 1902 1417 1922 ne
1439 1890 1554 1934 possit
1577 1890 1647 1922 dici
1668 1890 1765 1922 aliud
1790 1902 1871 1923 esse
1894 1891 2065 1935 scriptum

200 1968 303 2000 quam
327 1956 598 1997 concordatum,
622 1963 656 1989 et
681 1956 778 1989 aliud
805 1968 886 1989 esse
907 1956 1163 1989 concordatum
1187 1969 1291 2001 quam
1315 1957 1503 2001 scriptum,
1530 1963 1565 1989 et
1590 1956 1760 1990 omnibus
1781 1957 1861 1989 aliis
1886 1958 2068 2002 exceptio-

198 2022 306 2055 nibus
328 2030 360 2055 et
382 2022 662 2068 allegationibus
685 2035 754 2067 que
773 2029 896 2055 contra
918 2030 1108 2067 presentes
1130 2023 1267 2056 litteras
1284 2024 1355 2056 diei
1377 2030 1528 2068 possent
1548 2024 1656 2056 modo
1674 2023 1838 2068 quolibet
1853 2024 1909 2057 vel
1931 2025 2065 2068 opponi

192 2090 341 2134 jurique
368 2089 523 2122 dicendo
551 2089 757 2134 generalem
788 2090 1097 2122 renunciationem
1126 2102 1199 2122 non
1225 2090 1357 2123 valere.
1387 2091 1426 2122 In
1457 2091 1562 2134 cujus
1590 2091 1640 2122 rei
1673 2091 1917 2123 testimonium
1945 2091 2065 2135 sigilla

198 2163 319 2189 nostra
341 2156 572 2201 presentibus
599 2156 728 2189 litteris
755 2156 923 2189 duximus
948 2157 1174 2201 apponenda.
1198 2158 1323 2189 Datum
1352 2163 1387 2189 et
1414 2163 1529 2189 actum
1557 2157 1593 2189 in
1620 2157 1776 2201 capitulo
1803 2164 1927 2190 nostro
1950 2158 2063 2190 unde-

197 2223 286 2254 cima
308 2223 366 2255 die
391 2223 528 2255 mensis
557 2222 792 2267 Septembris,
815 2234 908 2255 anno
937 2223 1079 2255 Domini
1102 2223 1295 2256 millesimo
1316 2223 1422 2256 CCC⁰
1444 2223 1672 2268 sexagesimo
1694 2230 1831 2256 octavo.

290 2320 424 2351 Originale
445 2319 470 2342 in
489 2320 565 2343 Arch.
584 2323 636 2343 nat.
654 2319 737 2343 Paris.
757 2321 790 2343 M.
806 2321 860 2347 672,
879 2326 906 2342 ιγ’
921 2322 960 2343 36.
979 2334 1009 2336 -
1027 2320 1102 2351 Apud
1118 2320 1253 2347 Bulaeum,
1278 2320 1318 2349 IV,
1337 2320 1392 2348 417,
1407 2323 1491 2343 exstat
1509 2320 1693 2343 documentum
1709 2321 1825 2351 ejusdem
1845 2322 1970 2352 temporis
1988 2325 2062 2344 uotae

197 2372 254 2387 cuin
275 2364 467 2387 introductione
487 2365 578 2387 eadem
599 2373 628 2387 ac
652 2372 742 2395 supra,
763 2365 831 2395 quod
853 2364 908 2395 agit
930 2365 961 2387 de
979 2364 1171 2395 permutatione
1189 2364 1288 2395 jurium
1310 2364 1485 2395 singulorum,
1503 2373 1514 2387 (ῐ
1529 2365 1590 2387 dum
1607 2368 1694 2388 tamen
1710 2366 1779 2388 doni.
1802 2366 1883 2388 nostri
1902 2374 1968 2396 pap<¹
1984 2366 2063 2388 inter-

197 2408 297 2431 venerit
316 2417 459 2431 consensus
481 2418 500 2431 υ.
523 2422 549 2425 -
575 2409 628 2431 Sub
653 2409 742 2431 cadem
764 2409 890 2439 temporis
911 2412 971 2431 notu
989 2418 999 2431 (ι
1017 2412 1110 2437 rector,
1127 2409 1247 2439 magistri
1265 2412 1290 2432 et
1310 2409 1424 2431 scolares
1448 2409 1569 2432 Univers.
1591 2409 1672 2433 Parisv
1694 2418 1703 2431 ι)
1720 2410 1752 2432 ad
1774 2410 1908 2433 Urbanum
1926 2411 1945 2432 V
1961 2410 2061 2433 litteras

198 2453 325 2476 miserunt
340 2453 365 2476 in
379 2453 474 2484 quibus
491 2457 573 2476 totum
592 2453 725 2484 nogotium
742 2453 891 2484 expressius
908 2454 1072 2484 exponebant
1087 2456 1112 2476 et
1130 2453 1325 2484 supplicabant,
1343 2462 1353 2475 α
1369 2457 1497 2484 quatenus
1513 2454 1596 2476 dictas
1614 2454 1821 2485 permutationes
1838 2458 1863 2477 et
1880 2455 1984 2485 singula
2001 2463 2061 2485 pcr-

197 2500 295 2520 mutata
318 2501 371 2520 tum
394 2506 513 2520 amorose
533 2501 557 2520 et
579 2497 677 2520 seriose
698 2501 808 2520 tractata
832 2498 935 2528 utrique
960 2497 1034 2520 utilia
1049 2501 1074 2520 et
1091 2501 1198 2528 accepta
1213 2497 1357 2528 dignemini
1378 2498 1583 2521 misericorditer
1600 2502 1736 2529 acceptare
1752 2507 1781 2521 ac
1802 2498 1950 2529 perenuiter
1966 2500 2061 2521 confir-

197 2550 268 2565 mare
285 2551 305 2565 υ.
323 2542 380 2565 vid.
397 2542 522 2570 Ffflibien,
538 2542 609 2566 Ilisc.
626 2543 659 2565 de
671 2542 699 2566 la
714 2542 778 2566 ville
792 2544 824 2566 de
837 2542 931 2570 Paris,
949 2543 994 2567 111.
1009 2543 1046 2565 18.
1066 2543 1178 2572 Insuper
1192 2542 1261 2565 infra
1277 2546 1305 2564 ¹1⁰
1321 2543 1389 2565 1347.

290 2626 312 2648 1.
331 2626 477 2649 Richardus
497 2626 528 2649 (le
544 2626 624 2656 Atrio,
643 2626 695 2657 qui,
711 2635 769 2649 cum
785 2629 854 2649 esset
869 2627 1036 2657 praepositus
1053 2626 1214 2651 monasterii.
1228 2635 1243 2649 a
1259 2626 1313 2649 suis
1333 2626 1356 2648 in
1371 2626 1492 2649 abbatem
1508 2627 1615 2654 clectus,
1629 2635 1671 2649 un.
1693 2627 1761 2652 1361.
1777 2627 1868 2650 octub.
1883 2629 1918 2650 27.
1934 2628 1966 2649 ab
1984 2629 2060 2650 luun-

197 2670 284 2693 centio
300 2671 331 2693 Vl
347 2670 517 2693 confirmatus
533 2674 572 2693 est
593 2671 665 2701 (ch.
690 2672 768 2693 Aven.
792 2672 879 2694 Innoc.
904 2671 944 2698 Vi,
968 2671 1020 2694 vol.
1045 2671 1142 2697 XXVII,
1161 2672 1177 2694 f.
1197 2671 1267 2699 217b)
1301 2684 1326 2688 —
1348 2672 1370 2693 2.
1388 2671 1444 2693 Vid.
1461 2671 1492 2693 de
1512 2671 1559 2693 hac
1580 2671 1681 2702 capella
1704 2672 1842 2695 Charlnl..
1867 2672 1883 2695 Ι.
1904 2676 1930 2693 110
1945 2673 1998 2696 482,
2017 2672 2059 2693 ubi

200 2714 291 2737 charta
307 2714 379 2745 regia
396 2715 512 2745 Philippi
532 2715 572 2738 1V.
589 2715 711 2744 Bulaeus,
729 2716 770 2743 lv,
788 2715 842 2742 418,
861 2718 1010 2746 excerptum
1027 2718 1127 2738 tantum
1143 2715 1226 2738 ass'ert.

320 2948 368 2964 *Η
387 2945 481 2968 Chart.
506 2946 582 2969 Univ.
602 2945 696 2969 Paris.
712 2946 756 2968 ΙΙΙ.
1906 2947 1934 2968 23
