2488 3386
462 360 526 392 228
1036 365 1349 388 CHARTULARIUM
1384 363 1572 385 uuivans
1610 362 1736 383 PARIS.
2222 346 2322 382 [1376

463 443 643 475 versitatis
665 454 729 487 per
745 441 988 481 amissionem,
1008 440 1224 472 cclacionem
1243 438 1300 472 vel
1320 437 1539 470 taxacionem
1557 447 1621 468 seu
1643 434 1951 479 appreciacionein
1975 433 2149 466 librorum
2172 445 2320 466 suorum

464 509 506 541 ab
527 509 617 553 ipsis
642 508 758 541 eidem
781 508 991 540 traditorum
1013 506 1068 539 vel
1092 518 1155 550 per
1175 518 1254 538 eum
1276 517 1354 537 cum
1378 504 1458 536 aliis
1480 502 1612 547 juratis
1633 508 1845 542 taxatorum,
1868 512 1932 545 per
1953 500 2092 545 culpam
2114 500 2171 533 vel
2198 499 2320 532 dolum

464 575 579 620 ipsius
596 575 895 607 defraudarentur
910 573 967 607 vel
984 573 1020 605 in
1041 573 1161 616 aliquo
1178 572 1401 611 lederentur,
1419 576 1457 602 ut
1474 568 1616 602 dicebat
1634 580 1640 600 :
1661 568 1845 613 promisit³
1863 579 1980 600 coram
1999 566 2106 599 nobis
2123 578 2188 611 per
2204 566 2320 611 ipsius

459 642 716 685 juramentum,
736 640 832 685 quod
854 640 985 672 dictum
1010 639 1163 671 officium
1183 637 1397 670 stacionarie
1414 642 1449 668 et
1469 635 1615 668 librarie
1632 635 1668 666 in
1685 634 1769 667 villa
1790 633 1986 666 Parisiensi
2002 633 2094 665 bene
2112 639 2146 665 et
2166 632 2322 666 fideliter

465 714 499 740 et
519 707 659 740 solicite
682 707 788 739 faciet
810 713 845 739 et
869 705 1063 746 exercebit,
1086 711 1120 737 et
1142 704 1254 736 libros
1275 702 1537 748 appreciandos
1559 701 1715 734 fideliter
1739 699 1961 745 appreciabit
1985 706 2021 732 et
2041 699 2173 733 taxabit
2192 711 2322 732 secun-

465 774 547 806 dum
570 773 667 818 quod
689 773 834 818 justicia
862 772 1039 813 suadebit,
1071 778 1105 804 et
1132 771 1250 803 omnia
1279 770 1346 802 alia
1377 769 1472 802 dicto
1503 768 1620 801 officio
1650 779 1786 800 annexa
1818 779 1882 799 seu
1913 767 2135 811 pertinencia
2166 766 2323 799 fideliter

464 840 568 873 saciet
595 852 659 884 pro
681 851 788 884 posse
809 851 888 880 suo,
911 838 1107 871 secundum
1131 837 1227 882 quod
1255 836 1428 869 hactenus
1454 836 1490 868 in
1515 835 1647 868 talibus
1669 841 1724 867 est
1750 834 1826 866 fieri
1849 840 2076 866 consuetum.
2099 834 2167 866 Pro
2189 832 2322 878 quibus

463 906 630 939 omnibus
657 913 691 938 et
717 905 872 950 singulis
902 904 1142 949 adimplendis
1170 911 1204 936 et
1232 903 1342 936 eciam
1371 902 1610 935 observandis
1641 901 1759 934 dictus
1790 902 1918 933 Petrus
1946 900 1990 933 de
2021 901 2126 933 Porta
2146 899 2322 945 obligavit

464 973 581 1005 omnia
601 972 694 1005 bona
721 984 783 1005 sua
811 972 1057 1015 heredumque
1087 982 1233 1003 suorum
1263 969 1409 1002 mobilia
1438 976 1472 1002 et
1501 968 1711 1009 immobilia,
1735 967 1924 1012 presencia
1951 974 1986 999 et
2014 967 2144 1000 sutura.
2174 968 2216 1000 Et
2241 979 2322 1000 cum

462 1039 529 1071 hoc
549 1038 730 1072 Johannes
752 1038 796 1071 de
822 1038 959 1079 Ponat,
987 1038 1065 1081 ejus
1092 1043 1191 1081 pater
1216 1036 1431 1069 Parisiensis
1462 1035 1671 1080 burgensis,
1702 1034 1854 1079 Michael
1880 1034 2081 1067 Godofredi
2111 1033 2322 1079 pelliparius

464 1106 542 1149 ejus
558 1112 746 1150 cognatus,
762 1116 988 1137 commorans
1010 1104 1045 1136 in
1066 1104 1146 1136 vico
1164 1103 1259 1136 dicto
1281 1103 1346 1135 des
1368 1102 1604 1143 Gravelliers,
1625 1101 1812 1135 Johannes
1834 1101 1944 1146 d'Acy
1967 1100 2190 1133 illuminator
2209 1100 2322 1134 libro-

465 1184 555 1212 rum,
577 1183 803 1204 commorans
829 1171 865 1203 in
891 1171 970 1204 vico
999 1182 1092 1203 novo
1118 1171 1248 1203 Nostre
1278 1170 1446 1210 Domine,
1472 1175 1507 1201 et
1527 1169 1654 1201 Tatino
1676 1168 1720 1200 de
1741 1168 1851 1201 Ciure
1876 1167 2071 1212 sreppario,
2092 1179 2321 1200 commorans

462 1239 498 1270 in
525 1238 732 1280 Quadruvio
763 1237 799 1272 S.
830 1238 993 1270 Severini
1023 1237 1149 1278 Paris,
1177 1249 1295 1269 coram
1329 1236 1435 1269 nobis
1467 1236 1618 1268 notariis
1643 1235 1774 1280 juratis
1805 1241 1953 1279 propter
1983 1234 2051 1267 hoc
2081 1234 2322 1280 personaliter

462 1305 660 1345 constituti,
684 1316 748 1349 pro
770 1304 959 1349 premissis
976 1303 1145 1336 omnibus
1167 1310 1202 1336 et
1222 1315 1345 1336 eorum
1368 1302 1532 1348 quolibet
1551 1302 1719 1335 tenendis
1741 1309 1776 1335 et
1796 1301 2049 1343 observandis,
2067 1301 2323 1347 obligaverunt

461 1383 499 1404 se
520 1383 637 1404 coram
660 1371 765 1404 nobis
787 1371 937 1404 notariis
958 1383 996 1404 ac
1013 1371 1143 1415 juratis
1165 1371 1352 1418 predictis,
1377 1370 1447 1402 fide
1471 1370 1549 1403 data
1571 1370 1607 1402 in
1628 1369 1794 1402 manibus
1815 1369 1951 1402 nostris
1972 1369 2009 1401 in
2030 1368 2162 1413 plegiis
2183 1375 2218 1401 et
2237 1367 2321 1401 fide-

456 1437 681 1481 jussoribus,
709 1450 774 1482 pro
802 1438 897 1470 dicto
927 1439 1031 1470 Petro
1061 1449 1175 1482 usque
1203 1437 1246 1469 ad
1281 1449 1454 1469 summam
1487 1437 1719 1469 ducentarum
1755 1435 1925 1468 librarum
1960 1435 2085 1480 paris,
2115 1434 2321 1480 obligantes

460 1505 570 1537 eciam
599 1505 716 1537 omnia
746 1505 838 1538 bona
870 1517 932 1538 sua
965 1505 1213 1549 heredumque
1246 1516 1394 1536 suorum
1426 1503 1570 1536 mobilia
1601 1510 1636 1536 et
1665 1502 1877 1544 immobilia,
1909 1502 2096 1547 presencia
2127 1509 2160 1535 et
2188 1502 2320 1544 futura,

462 1583 576 1616 usque
609 1572 652 1604 ad
674 1572 868 1616 predictam
898 1584 1071 1604 suminam
1100 1571 1273 1616 peccunie
1294 1583 1358 1615 pro
1386 1571 1481 1603 dicto
1509 1572 1614 1603 Petro
1644 1570 1880 1611 reddendam,
1903 1576 1938 1602 et
1964 1570 1994 1602 si
2021 1581 2172 1602 necesse
2197 1569 2318 1610 fuerit,

461 1638 754 1682 persolvendum.
779 1639 822 1671 Et
847 1638 964 1682 quoad
992 1638 1059 1670 hoc
1087 1644 1360 1682 supposuerunt
1385 1649 1424 1670 sc
1447 1637 1696 1681 jurisdictioni
1723 1637 1822 1669 curie
1848 1636 2079 1678 Parisiensis,
2101 1635 2320 1681 ubicumque

461 1716 500 1736 se
523 1705 692 1737 duxerint
712 1705 1002 1743 transferendos3
1026 1705 1281 1737 renunciantes
1306 1705 1342 1736 in
1371 1704 1437 1736 hoc
1468 1705 1559 1737 facto
1586 1704 1683 1736 omni
1714 1703 1918 1748 exceptioni
1940 1703 2027 1744 doli,
2050 1702 2145 1743 mali,
2168 1702 2320 1745 fraudis,

460 1771 623 1811 lesionis,
646 1771 784 1804 accioni
811 1778 845 1804 et
870 1771 1038 1804 omnibus
1066 1771 1146 1804 aliis
1175 1771 1464 1816 exceptionibus,
1487 1770 1765 1803 defensionibus
1787 1777 1821 1804 et
1845 1770 2142 1804 cavillaeionibus
2168 1769 2319 1815 quibus-

459 1850 625 1882 cumque,
654 1850 722 1882 que
749 1845 871 1871 contra
901 1838 1077 1882 premissa
1105 1838 1175 1870 dici
1197 1845 1349 1883 possent
1375 1838 1432 1871 vel
1454 1838 1602 1882 opponi.
1626 1839 1666 1870 ln
1688 1839 1792 1882 cujus
1816 1838 1866 1870 rei
1890 1837 2135 1871 testiinonium
2157 1836 2318 1882 sigillum

459 1904 558 1936 curie
583 1905 800 1937 Parisiensis
822 1904 1054 1949 presentibus
1076 1905 1191 1937 literis
1213 1905 1382 1937 duximus
1404 1905 1670 1949 apponendum.
1695 1906 1821 1937 Datum
1845 1916 1938 1937 anno
1961 1905 2105 1937 Domini
2125 1903 2319 1937 millesimo

460 1971 712 2003 trecentesimo
735 1972 1004 2016 septuagesimo
1027 1972 1166 2016 quinto,
1187 1972 1243 2015 xxj
1268 1971 1326 2004 die
1349 1972 1485 2003 mensis
1505 1972 1677 2004 Januarii.

1544 2040 1584 2070 H.
1613 2039 1855 2071 SAYLLANANT.
1878 2040 1907 2071 J.
1931 2039 2125 2072 Couvansr

551 2134 625 2157 Arch.
648 2137 700 2157 nat.
725 2134 807 2157 Paris.
829 2135 862 2157 M.
877 2136 915 2163 08,
936 2139 964 2157 n⁰
980 2135 1018 2158 51.
1034 2135 1182 2158 Pertinehat
1204 2136 1236 2158 nd
1257 2136 1332 2158 Arch.
1354 2136 1471 2160 Univers.
1491 2136 1519 2159 D.
1545 2135 1582 2159 18.
1605 2144 1645 2159 00.
1668 2150 1699 2153 —
1717 2136 1771 2159 Sub
1793 2137 1884 2159 eadem
1907 2137 1991 2159 forma
2013 2144 2055 2159 an.
2078 2136 2147 2165 1377,
2166 2136 2258 2160 Octob.
2279 2136 2318 2165 21,

455 2178 555 2209 juravit
570 2187 639 2209 mag.
652 2179 826 2202 Guidomarus
843 2179 916 2202 Senis
934 2181 993 2208 (non
1010 2188 1020 2201 (ι
1033 2180 1064 2202 de
1075 2180 1185 2203 Siennef·
1203 2182 1234 2209 υ),
1250 2180 1293 2211 qui
1313 2180 1361 2203 suit
1374 2189 1443 2211 mag.
1461 2181 1556 2203 artium
1570 2183 1596 2203 et
1612 2181 1740 2209 notarius,
1752 2181 1784 2203 de
1797 2189 1848 2212 quo
1861 2181 1916 2212 jum
1932 2189 2013 2212 supra
2027 2181 2069 2211 (M.
2081 2182 2119 2209 68,
2136 2185 2165 2203 n⁰
2180 2181 2224 2209 53;
2239 2182 2320 2205 Actes

458 2229 629 2247 concerna‘ns
645 2223 668 2246 le
682 2224 801 2252 pouvoir
815 2227 839 2247 et
855 2224 882 2247 la
898 2224 1033 2248 diret-tion
1047 2225 1079 2248 de
1095 2224 1267 2248 l'Universita'
1285 2226 1316 2248 de
1340 2225 1425 2249 Paris
1444 2232 1496 2249 sur
1515 2225 1552 2249 les
1572 2226 1737 2255 escrivains,
1761 2229 1819 2254 etc.‚
1839 2234 1865 2256 p.
1882 2226 1924 2253 14;
1946 2226 2015 2255 Bul.,
2036 2226 2078 2254 iv,
2094 2226 2155 2254 449;
2174 2225 2317 2254 Kirchhoff,

456 2267 501 2290 die
512 2267 851 2297 Handschriftenhllndler
868 2269 913 2292 des
929 2268 1113 2295 Miltelallers,
1133 2277 1159 2299 p.
1175 2269 1236 2297 177).
1256 2270 1345 2298 Antea,
1363 2277 1404 2292 an.
1425 2270 1494 2298 1371,
1512 2269 1596 2292 Martii
1611 2270 1649 2299 10,
1669 2270 1795 2293 Hem-icus
1810 2270 1919 2293 Luillier
1934 2270 2051 2299 (Olearii)
2065 2278 2154 2293 coram
2166 2269 2318 2301 praeposito

460 2311 540 2334 Paris.
560 2320 586 2334 se
602 2311 738 2342 obligavit,
757 2312 800 2342 qui
819 2321 830 2335 «
846 2312 877 2334 de
893 2313 985 2335 nouvel
1003 2321 1013 2334 ι)
1031 2313 1165 2335 institutus
1181 2313 1258 2336 estin
1273 2322 1352 2336 unuin
1369 2314 1538 2336 librariorum
1556 2318 1669 2345 quatuor
1679 2314 1878 2345 principalium,
1895 2318 1920 2338 et
1937 2323 1985 2346 pro
2002 2315 2060 2346 ipso
2071 2314 2176 2338 librarii
2189 2314 2318 2338 Robertus

456 2355 596 2378 l'Escurier
611 2359 635 2378 et
652 2356 805 2386 Radulphus
821 2356 949 2379 d’Orliens
968 2357 1012 2379 200
1025 2357 1085 2380 libr.
1105 2357 1291 2388 fidejusserunt
1305 2358 1387 2387 (ibid.‚
1407 2363 1436 2380 η0
1450 2359 1494 2386 [Νη
1514 2361 1593 2383 Actes
1614 2365 1800 2388 concernans,
1818 2362 1878 2389 οἱα,
1897 2368 1924 2390 p.
1941 2360 1982 2387 13;
2000 2359 2068 2388 But,
2087 2360 2129 2389 IV,
2147 2360 2207 2388 435;
2224 2358 2318 2382 Kirch-

457 2399 519 2428 hoff,
533 2408 558 2430 p.
578 2400 635 2428 176;
653 2400 678 2423 P.
696 2400 823 2432 DeIalain,
840 2409 866 2431 p.
883 2403 920 2430 50,
938 2405 966 2423 110
981 2403 1044 2432 Xiv).
1060 2402 1095 2424 Ad
1110 2410 1151 2424 an.
1170 2402 1239 2429 1984,
1257 2402 1376 2425 Decemb.
1394 2403 1431 2431 14,
1449 2406 1555 2426 notatur
1568 2403 1694 2426 librarius
1710 2403 1867 2434 principalis
1886 2404 2043 2428 Guitlelmus
2057 2404 2165 2427 Guenon
2181 2405 2219 2433 (no
2231 2405 2270 2433 67,
2286 2404 2318 2427 de

458 2453 508 2475 quo
523 2444 577 2475 jam
593 2452 673 2475 supra
686 2449 715 2467 n⁰
730 2445 808 2474 1336),
826 2445 857 2468 ad
871 2453 912 2470 an.
930 2446 999 2474 1389,
1014 2446 1084 2476 Sept.
1104 2446 1142 2476 13,
1157 2446 1285 2469 Robertus
1301 2447 1444 2470 l'Eseurier
1459 2449 1497 2476 (n0
1512 2448 1560 2476 82).
1577 2461 1608 2465 —
1624 2448 1659 2471 De
1675 2448 1734 2471 aliis
1750 2448 1867 2471 librariis
1884 2448 1937 2472 vid.
1951 2457 2032 2479 supra
2050 2448 2084 2471 ni*
2100 2449 2161 2471 1336
2175 2451 2201 2471 et
2215 2448 2284 2471 1346.

551 2528 573 2550 1.
586 2528 644 2550 Vid.
660 2528 691 2551 de
705 2528 770 2559 ipsis
791 2529 927 2558 Chartul.,
945 2530 976 2558 ΙΙ,
997 2538 1023 2560 p.
1042 2530 1095 2559 191,
1114 2531 1168 2559 532,
1187 2530 1231 2552 ubi
1251 2534 1376 2554 vocantur
1395 2540 1406 2553 α
1427 2534 1539 2562 quatuor
1559 2532 1720 2563 principales
1737 2532 1840 2555 librarii
1860 2540 1881 2556 l).
1897 2546 1927 2550 —
1944 2533 1966 2556 2.
1983 2532 2057 2563 orig.
2077 2540 2082 2555 :
2100 2541 2112 2555 «
2128 2532 2272 2556 concedens
2294 2541 2315 2556 n.

458 2572 530 2595 Corr.
543 2580 555 2595 e
568 2573 600 2594 M.
613 2573 651 2600 68,
664 2577 692 2595 n⁰
704 2574 741 2596 53.
754 2587 784 2590 —
794 2574 816 2596 3.
829 2573 902 2604 Orig.
914 2574 974 2597 add.
987 2583 998 2596 «
1011 2575 1078 2605 quod
1092 2583 1113 2597 n.
1129 2588 1158 2591 —-
1173 2576 1196 2599 [ι.
1211 2574 1346 2598 Librarius
1364 2575 1443 2598 etiam
1461 2576 1516 2604 fuit,
1537 2576 1706 2607 ejusdemque
1724 2577 1820 2600 mentio
1836 2577 1865 2600 fit
1879 2577 1906 2600 in
1921 2577 1981 2601 Lib.
1993 2583 2110 2607 procur.
2123 2581 2184 2602 nat.
2202 2577 2315 2607 Anylic.

457 2616 489 2639 ad
502 2624 543 2639 an.
561 2616 628 2645 1359,
640 2617 714 2640 Febr.
726 2618 754 2640 14
765 2618 827 2645 (vid.
838 2620 955 2642 Auctar.
969 2619 1105 2647 Char-tul„
1121 2619 1150 2648 l).
1164 2633 1189 2636 —
1200 2621 1222 2642 5.
1233 2619 1408 2643 Guidomarus
1426 2620 1474 2643 fuit
1486 2620 1646 2651 francigena,
1664 2621 1746 2644 dioec.
1762 2621 1904 2653 Corisopit..
1917 2621 1978 2652 (vid.
1991 2630 2072 2653 supra
2088 2630 2113 2652 p.
2131 2622 2185 2652 130,
2197 2622 2316 2651 Turum).

458 2669 468 2683 α
486 2661 560 2683 Senis
580 2669 591 2683 J)
614 2661 744 2692 significat
761 2671 772 2684 ((
797 2663 883 2686 Vieuae
906 2670 926 2691 J),
943 2666 971 2685 ut
995 2663 1072 2685 etiam
1087 2663 1211 2686 scribitur
1227 2672 1233 2687 z
1251 2672 1262 2686 «
1279 2664 1407 2695 Guymart
1422 2665 1446 2688 le
1470 2665 1535 2693 Viel,
1562 2669 1709 2689 autrement
1724 2666 1762 2689 dit
1780 2666 1861 2695 Senil,
1879 2675 1889 2689 υ
1906 2666 1951 2698 qui
1966 2674 2106 2698 perperam
2121 2674 2136 2689 a
2154 2666 2316 2690 Guidomaro

457 2705 530 2727 Senis
547 2705 766 2736 distinguebatur.
