2488 3386
183 335 279 372 1388]
599 348 645 370 AB
680 348 784 369 ANNO
819 347 950 370 MCCCL
980 348 1113 377 USQUE
1149 349 1196 370 AD
1232 349 1497 371 BENEDtC'rUM
1533 351 1622 372 Xttt.
1980 341 2044 374 473

181 422 304 455 Brolio
333 423 369 454 in
395 422 502 455 dictis
524 422 600 454 suis
622 421 923 466 possessionibus
949 428 983 454 et
1011 422 1158 454 saisinis
1187 422 1432 466 perturbando
1455 430 1487 455 et
1510 423 1742 468 impediendo
1764 423 1924 456 indebite
1947 430 1978 456 ct
2002 424 2045 456 de

181 500 289 525 novo,
317 495 350 521 et
378 495 502 521 contra
529 499 725 533 processus
747 487 783 520 in
805 487 898 520 dicta
919 488 1017 520 curia
1039 494 1161 520 nostra
1184 488 1385 532 pendentes
1411 490 1667 534 attemptando,
1692 490 1726 522 in
1749 490 1832 522 dicti
1862 491 1971 522 eciam
2002 490 2045 522 de

183 555 305 588 Brolio
336 555 577 600 prejudicium
607 567 679 587 non
710 554 890 587 modicum
923 561 957 587 et
981 555 1170 598 jacturam,
1200 567 1239 586 ac
1271 555 1341 599 ipsi
1371 555 1591 600 multiplices
1622 556 1772 600 injurias
1801 563 1833 588 et
1862 556 2047 589 molestias

182 622 386 662 inferendo,
410 628 447 654 ut
468 621 620 654 dicebat.

274 688 565 733 Constitutisque
594 688 739 720 racione
767 688 1029 732 premissorum
1062 688 1098 720 in
1128 688 1252 720 eadem
1281 688 1379 720 curia
1412 695 1534 721 nostra
1568 688 1730 732 partibus
1762 689 1952 721 antedictis
1985 701 2048 721 seu

185 766 306 788 earum
329 754 639 799 procuratoribus,
663 754 756 787 idem
787 754 831 786 de
860 754 983 786 Brolio
1012 766 1053 786 ex
1082 754 1273 799 premissis
1301 761 1335 787 et
1364 754 1445 787 aliis
1478 766 1540 799 per
1567 755 1684 799 ipsum
1716 754 1823 787 latius
1854 755 2051 799 propositis

184 820 425 854 concludebat
445 821 614 865 quatinus
636 832 701 865 per
722 821 850 853 dictam
874 821 1007 853 curiam
1031 827 1188 853 nostram
1218 821 1519 865 pronunciaretur
1543 827 1574 853 et
1603 821 1846 853 declararetur
1867 821 1983 865 ipsum
2008 821 2050 853 de

186 887 308 920 Brolio
330 899 411 920 esse
434 893 467 920 et
488 899 675 920 remanere
698 886 832 920 debere
853 887 889 919 in
911 887 1149 932 possessione
1176 894 1209 920 et
1238 888 1370 920 saisina
1396 887 1557 932 legendi,
1586 894 1619 920 et
1646 887 1742 932 quod
1773 894 1897 932 posset
1929 887 2052 931 legere

185 954 361 999 quociens
382 954 452 987 sibi
474 953 608 986 bonum
626 954 812 987 videretur
828 954 941 986 dictas
963 954 1140 986 lectiones
1162 954 1402 987 Decretalium
1426 954 1470 987 de
1492 966 1594 986 mane
1612 961 1646 987 et
1667 954 1810 986 Decreti
1831 953 1918 986 hora
1939 954 2052 998 prime

186 1022 223 1054 in
244 1021 340 1054 dicto
362 1020 442 1053 loco
464 1020 587 1054 Clausi
609 1020 787 1061 Brunelli,
809 1027 976 1065 tanquam
998 1033 1108 1054 verus
1129 1021 1256 1053 doctor
1276 1021 1313 1053 in
1334 1021 1500 1053 facultate
1523 1021 1759 1066 predicta....⁹

276 1087 389 1120 Dictis
411 1087 454 1120 de
475 1087 642 1120 facultate
664 1094 699 1120 et
724 1087 805 1120 aliis
834 1087 1083 1132 singularibus
1111 1087 1372 1132 prenominatis
1393 1099 1436 1120 ex
1456 1088 1608 1120 adverso
1631 1087 1934 1132 proponentibus,
1958 1087 2054 1132 quod

189 1154 281 1187 dicta
302 1154 452 1187 facultas
474 1154 703 1187 decretorum
726 1161 801 1186 erat
828 1166 896 1187 una
924 1154 968 1187 de
999 1154 1080 1198 iiij⁰r
1104 1153 1334 1187 facultatibus
1365 1154 1526 1198 predicte
1549 1154 1804 1187 Universitatis
1825 1154 2055 1194 Parisiensis,

190 1227 225 1254 et
245 1221 339 1253 inter
359 1227 497 1253 ceteras
519 1227 601 1265 post
621 1220 823 1253 facultatem
847 1220 1031 1265 theologie
1054 1220 1261 1261 notabilior,
1287 1227 1319 1253 et
1343 1221 1439 1265 quod
1466 1221 1542 1265 ipsa
1565 1221 1793 1253 decretorum
1814 1220 1963 1253 facultas
1986 1227 2057 1253 erat

192 1299 301 1320 unum
324 1287 533 1332 collegium,
559 1287 751 1320 continens
779 1288 815 1320 in
842 1299 881 1320 se
907 1287 1010 1332 plura
1031 1287 1203 1328 membra,
1231 1287 1400 1320 videlicet
1432 1287 1601 1320 doctores
1632 1294 1801 1332 regentes
1830 1294 1864 1319 ct
1892 1287 2060 1319 doctores

192 1365 265 1386 non
293 1360 478 1398 regentes,
506 1353 729 1394 licenciatos,
757 1353 995 1395 bachalarios,
1023 1354 1197 1395 scolares,
1220 1353 1387 1387 bedellos
1414 1360 1448 1386 et
1477 1353 1728 1386 subbedellos.
1760 1353 1918 1386 Habebat
1950 1353 2059 1386 eciam

192 1420 285 1453 dicta
312 1420 462 1453 facultas
491 1420 614 1465 plures
636 1421 935 1461 consuetudines,
960 1432 1062 1462 usus,
1085 1420 1355 1457 observancias,
1379 1420 1583 1465 privilegia,
1606 1427 1748 1461 statuta,
1772 1420 1971 1461 libertates,
1994 1420 2062 1452 sai-

193 1487 305 1529 sinas,
327 1487 586 1532 possessiones
609 1494 643 1520 et
663 1487 730 1520 alia
747 1488 842 1532 jura,
866 1499 935 1532 que
958 1488 1146 1532 supposita
1168 1487 1261 1520 dicte
1283 1487 1462 1520 facultatis
1485 1493 1517 1519 et
1544 1487 1696 1519 maxime
1719 1487 1836 1519 dictus
1866 1487 1908 1518 de
1940 1486 2063 1519 Brolio

194 1560 230 1587 et
249 1553 309 1586 alii
331 1554 499 1587 doctores
516 1561 641 1587 tenere
658 1560 693 1587 et
710 1554 905 1587 observare
921 1555 1133 1598 juraverant
1149 1561 1184 1586 et
1199 1555 1322 1598 jurare
1340 1560 1616 1586 consueverant.
1637 1555 1804 1586 Preterea
1821 1554 1898 1598 ipsa
1915 1553 2064 1585 facultas

194 1620 370 1653 decanum
388 1620 554 1662 habebat,
572 1621 632 1665 qui
650 1621 686 1653 in
704 1621 800 1654 dicto
817 1620 975 1666 collegio
998 1620 1219 1666 presidebat,
1236 1620 1475 1665 proponendo
1494 1627 1528 1652 et
1546 1620 1715 1665 ponendo
1738 1620 1773 1652 in
1796 1619 2065 1652 deliberacione

195 1687 284 1720 sacta
317 1687 482 1731 ejusdem
514 1687 716 1727 facultatis3
747 1689 850 1730 cujus
885 1687 1031 1732 quidem
1062 1687 1242 1720 facultatis
1276 1687 1474 1732 singularia
1511 1687 1712 1732 supposita,
1745 1687 1927 1728 doctores,
1959 1686 2067 1718 licen-

195 1753 290 1794 ciati,
313 1753 508 1786 bachalarii
531 1761 565 1786 et
591 1754 650 1786 alii
673 1754 778 1787 dictis
800 1754 936 1787 decano
959 1761 993 1787 et
1014 1754 1171 1799 collegio
1193 1754 1282 1786 adeo
1311 1760 1345 1786 et
1375 1765 1439 1798 per
1460 1765 1523 1786 sua
1547 1754 1751 1797 juramenta
1780 1752 2066 1793 subiciebantur,

198 1821 295 1865 quod
316 1821 407 1865 ipsis
429 1820 578 1853 obedire
600 1820 828 1861 tenebantur,
851 1821 1002 1853 maxime
1024 1821 1060 1853 in
1083 1827 1254 1865 quantum
1277 1820 1520 1853 concernebat
1541 1821 1630 1852 facta
1652 1826 1685 1852 et
1712 1820 1967 1852 ordinaciones
1996 1819 2068 1851 lec-

198 1887 343 1920 cionum
366 1894 401 1920 et
421 1887 571 1919 aliorum
594 1888 766 1920 factorum
796 1887 1070 1920 scolasticorum
1101 1888 1195 1920 dicte
1223 1887 1415 1920 facultatis.
1446 1887 1706 1931 Habebantque
1735 1887 1820 1919 dicti
1851 1887 2009 1918 decanus
2036 1893 2069 1918 et

199 1953 393 1998 collegium
424 1954 725 1998 jurisdiccionem
756 1961 791 1987 et
821 1954 1076 1987 cohercionem
1112 1966 1223 1999 super
1251 1954 1357 1986 dictis
1389 1953 1638 1998 singularibus
1672 1953 1872 1998 suppositis
1906 1952 2068 1997 ejusdcm

199 2020 391 2061 facultatis,
410 2020 511 2065 ipsos
529 2020 699 2054 videlicet
720 2021 926 2062 revocandi,
944 2021 987 2053 ad
1009 2027 1122 2053 status
1139 2020 1196 2053 vel
1218 2021 1353 2066 gradus
1376 2020 1538 2065 ejusdem
1561 2020 1740 2052 facultatis
1761 2032 1834 2051 non
1855 2019 2067 2063 recipiendi,

202 2087 467 2132 suspendendi,
490 2087 679 2120 resecandi
705 2099 769 2120 seu
799 2087 842 2119 ab
871 2087 1007 2120 eisdem
1039 2087 1214 2131 gradibus
1238 2087 1417 2132 privandi,
1442 2087 1485 2119 de
1512 2086 1674 2126 lecturis,
1703 2086 1900 2130 propositis
1926 2092 1958 2117 et
1990 2085 2070 2118 aliis

200 2154 304 2187 factis
335 2154 464 2186 dictam
497 2153 701 2186 facultatem
732 2153 1039 2186 concernentibus
1070 2154 1290 2198 disponendi
1321 2160 1355 2186 et
1385 2153 1577 2185 ordinandi
1612 2153 1811 2185 secundum
1846 2152 2069 2196 exigenciam

202 2232 363 2253 casuum.
387 2220 581 2252 Presertiin
604 2219 815 2253 doctoribus
837 2219 1050 2265 regentibus
1072 2220 1108 2251 in
1129 2219 1295 2252 facultate
1318 2219 1561 2260 decretorum,
1581 2225 1614 2251 et
1635 2230 1707 2251 non
1729 2218 1822 2259 aliis,
1845 2217 2072 2263 competebat

202 2286 336 2320 habere
366 2286 550 2319 bedellum
582 2293 616 2319 et
648 2286 904 2319 subbedellum
934 2286 1107 2331 porcione
1138 2286 1422 2318 bachalariorum
1455 2297 1519 2318 seu
1552 2285 1823 2318 licenciatorum
1853 2285 2013 2329 proficua
2039 2291 2073 2317 et

204 2353 446 2386 emolumenta
467 2365 484 2386 a
507 2353 613 2386 dictis
641 2353 869 2394 bachalariis,
896 2353 1096 2385 licenciatis
1117 2359 1152 2385 et
1178 2353 1281 2385 novis
1303 2351 1529 2393 doctoribus,
1554 2358 1589 2384 et
1616 2351 1660 2384 dc
1684 2352 1790 2384 dictis
1817 2351 2072 2384 emolumentis

204 2420 248 2453 ad
276 2431 401 2452 eorum
430 2419 570 2452 libitum
593 2420 789 2453 voluntatis
812 2420 1019 2464 disponere.
1050 2419 1229 2463 Quodque
1250 2419 1373 2451 nullus
1395 2418 1522 2451 doctor
1543 2430 1615 2450 non
1638 2418 1847 2462 religiosus,
1871 2424 1979 2462 prout
1999 2424 2073 2450 erat

206 2486 324 2519 dictus
356 2486 400 2518 de
431 2486 568 2528 Brolio,
600 2487 636 2519 in
666 2487 759 2519 dicta
789 2486 957 2519 facultate
990 2498 1123 2531 regens
1159 2485 1404 2530 reputabatur,
1432 2485 1502 2517 nisi
1530 2491 1693 2529 tempore
1721 2485 1905 2517 ordinario
1936 2484 2075 2529 legeret

207 2554 399 2585 Decretum
422 2552 509 2586 hora
537 2553 652 2598 prime
681 2553 717 2585 in
745 2553 840 2586 dicto
861 2553 941 2586 vico
962 2553 1085 2586 Clausi
1106 2552 1269 2585 Brunelli
1295 2564 1373 2584 cum
1403 2563 1488 2596 capa
1515 2550 1639 2591 rubea,
1664 2551 1734 2584 nisi
1761 2552 1870 2584 eciam
1894 2563 1972 2583 cum
1995 2551 2075 2583 aliis

208 2619 420 2652 doctoribus
442 2619 500 2652 die
521 2620 644 2653 martis
666 2620 826 2665 proxima
849 2626 932 2665 post
951 2620 1080 2652 festum
1105 2619 1273 2652 Omnium
1297 2619 1507 2651 Sanctorum
1526 2617 1582 2650 vel
1605 2618 1876 2650 Det'functorum
1899 2618 2074 2650 lectiones

209 2697 293 2718 suas
316 2685 451 2718 decreti
473 2686 662 2731 inciperet,
685 2687 837 2731 prestito
860 2686 902 2719 ab
924 2686 1051 2719 eodem
1068 2687 1289 2730 juramentO,
1309 2685 1405 2729 quod
1427 2684 1495 2717 hoc
1516 2685 1650 2717 faceret
1670 2696 1777 2717 causa
1798 2684 2023 2723 addiscendi,
2043 2690 2076 2715 et

210 2764 283 2785 non
304 2752 341 2784 in
361 2752 538 2794 fraudem,
561 2760 596 2786 et
616 2753 713 2798 quod
735 2765 799 2798 per
820 2753 937 2786 dictos
960 2752 1143 2785 bedellum
1167 2759 1226 2784 aut
1247 2751 1503 2784 subbedellum
1526 2751 1620 2783 dicte
1641 2751 1819 2783 facultatis
1841 2757 1947 2795 prout
1964 2757 1996 2782 et
2018 2749 2077 2782 alii

211 2830 275 2863 per
296 2818 414 2851 scolas
436 2819 730 2863 proclamaretur,

300 2886 468 2918 Preterea
489 2886 532 2918 ab
550 2886 647 2918 omni
669 2893 831 2931 tempore
853 2886 995 2919 notorie
1012 2886 1128 2918 suerat
1144 2892 1357 2918 consuetum
1380 2891 1412 2917 et
1432 2883 1677 2924 observatum,
1696 2884 1790 2928 quod
1815 2883 1935 2915 nullus
1953 2883 2079 2914 doctor

336 2946 381 2962 *ss
406 2944 500 2967 Chart.
523 2944 602 2967 Univ.
620 2945 712 2968 Paris.
731 2945 776 2967 111.
1915 2942 1944 2963 (30
