2488 3386
185 312 279 349 1394]
952 324 998 345 m:
1034 323 1274 345 senisMAi-E.
1979 316 2043 349 627

181 401 272 422 contra
287 398 410 421 rebelles.
425 411 457 415 -
472 398 495 420 2.
511 398 544 421 ΝΟ
564 398 624 420 1663
641 400 747 420 econtra
762 397 959 428 pronuntiatur,
977 397 1037 420 illos
1054 397 1163 420 alterius
1182 397 1265 428 portis
1289 406 1345 421 esse
1366 398 1391 421 in
1414 399 1531 429 periculo
1549 399 1734 423 damnationis.
1752 413 1782 417 ——
1799 401 1821 423 3.
1837 400 1930 430 Agitur
1949 400 1981 423 de
2000 401 2045 423 vio.

175 443 263 473 juris,
277 442 410 474 agitando,
426 445 483 465 uter
501 450 571 473 popa
586 450 664 465 verus
680 441 715 464 sit
731 441 857 472 pontifex.
876 442 904 464 ln
920 441 1033 472 epistola
1048 441 1126 465 etiam
1144 442 1233 464 eadem
1250 442 1389 466 difficultas
1406 443 1555 466 declaratur
1571 443 1633 472 (vid.
1650 452 1676 474 p.
1690 445 1735 467 6‘20
1749 446 1809 475 sq.).
1826 445 1863 467 Ad
1879 444 1946 467 hanc
1959 448 2044 468 tamen

182 486 252 510 viam
267 486 411 510 Florentini
426 494 468 509 an.
481 487 550 515 1:387,
563 489 588 509 et
602 494 643 509 an.
655 485 714 508 1391
731 493 794 516 pars
810 485 997 509 Univereitatis
1014 485 1176 509 inclinabant
1189 485 1251 514 (vid.
1268 490 1318 509 num
1331 487 1411 516 1663),
1425 495 1534 518 eamque
1550 488 1676 510 Henricus
1692 488 1723 511 de
1739 488 1833 511 Bassia
1845 496 1887 511 un.
1904 489 1961 511 1381
1979 489 2046 511 inter

183 531 249 554 alias
265 531 322 554 vias
340 531 480 562 proposuit
494 530 556 557 (vid.
573 534 602 553 n⁰
618 530 686 558 1663,
703 533 757 553 not.
773 531 807 559 6).
820 543 851 548 —
862 531 886 554 4.
901 530 1033 557 Quantum
1046 530 1079 553 ad
1092 533 1145 553 tres
1161 530 1217 553 vius
1233 531 1297 553 ordo
1311 530 1337 553 in
1353 531 1465 562 epistola
1482 540 1623 562 expressus
1637 535 1767 560 servatur,
1783 541 1833 555 non
1850 533 1917 556 sicut
1931 533 2006 564 prius
2020 533 2046 556 in

182 575 216 598 n¹⁵
231 575 374 603 1663,1677
390 578 415 598 et
427 575 497 598 1680.
512 575 593 597 Antea
608 582 712 605 semper
732 574 880 597 Concilium
895 574 1017 605 generale
1032 574 1227 605 praeferebant,
1249 583 1316 597 nunc
1332 575 1401 598 vium
1417 575 1554 599 cessionis.
1569 589 1599 593 —
1614 579 1637 599 5.
1654 576 1702 599 Per
1715 576 1900 607 imperativum
1918 577 1959 600 hic
1979 580 2004 600 et
2022 577 2046 600 in

187 619 358 651 sequentibus
381 619 547 643 Universitas
571 618 632 641 illos
654 619 794 649 deputatos
819 618 973 650 alloquitur,
994 618 1039 649 qui
1064 622 1204 641 tractatum
1228 627 1384 650 componere
1406 620 1545 643 debebant.
1564 634 1593 637 —
1608 622 1630 643 6.
1647 621 1695 644 Per
1717 621 1786 644 viam
1808 622 2001 652 compromissi.
2020 636 2047 639 -

183 665 206 688 7.
223 664 270 688 Ms.
286 664 373 695 potius
388 672 393 686 :
411 673 424 685 α
437 663 566 695 equaliter
577 673 598 686 ».

188 781 329 818 1685.
357 790 554 824 Universum„
573 788 682 821 pluries
700 789 827 825 repulsa,
847 789 946 815 ducem
966 789 1155 824 Burgundiae
1172 790 1247 816 adiit
1261 794 1299 824 ut,
1319 799 1350 816 eo
1365 793 1486 825 favente,
1503 792 1564 825 regi
1579 790 1729 826 epistolam
1745 790 1779 816 de
1795 791 1885 816 tribus
1902 792 1951 816 viis
1964 801 2050 827 prae-

271 842 387 864 sentare
398 842 507 874 posset.
522 840 550 864 Is
566 838 640 864 diem
656 842 762 864 certam
775 839 816 864 eis
833 838 1002 873 assignavit.
1021 839 1162 864 Oraturus
1174 842 1237 864 erat
1255 838 1421 865 Guillelmus
1436 839 1592 873 Bari-audi,
1608 839 1706 865 doctor
1721 839 1749 864 in
1765 839 1916 874 theologia,
1930 849 2049 874 magnus

270 888 351 924 prior
366 886 536 913 claustralis
555 887 724 913 monasterii
740 888 768 913 S.
786 887 917 922 Dyonisii
932 887 960 913 in
977 887 1118 922 Francia,·
1133 891 1164 913 at
1180 887 1226 914 die
1241 887 1328 922 dicta,
1348 888 1424 924 quod
1435 889 1607 924 promissum
1624 891 1722 922 suerat
1737 897 1791 914 non
1803 888 1898 924 potuit
1913 889 2049 925 adipisci.

271 938 349 962 Duce
364 937 507 967 Bituriae,
522 936 668 962 cardinali
683 936 718 962 de
734 937 814 962 Luna
831 939 858 962 et
874 944 1006 962 camerae
1014 936 1136 972 papalis
1151 936 1350 971 familiaribus
1365 937 1543 962 obviantibus
1555 937 1783 973 impedimentum
1797 937 1986 973 procedebat‚·
2002 939 2051 973 qui

273 989 368 1011 tamen
388 985 655 1021 circumspectorum
675 985 794 1010 virorum
813 985 1054 1021 persuasionibus
1076 985 1195 1011 attentis
1211 989 1238 1011 et
1254 986 1470 1022 importunitate
1487 987 1654 1022 petentium,
1672 990 1871 1012 concesserunt
1885 990 1915 1011 ut
1933 986 1972 1011 ad
1988 986 2050 1012 ulti-

273 1042 347 1059 mam
363 1033 437 1059 diem
453 1034 531 1060 Junii
547 1034 575 1060 in
590 1043 705 1060 camera
721 1034 802 1068 regia
819 1034 966 1070 deputatis
983 1033 1135 1060 audientia
1151 1034 1352 1069 assignaretur
1364 1034 1492 1070 publica.

1392 1110 1467 1140 1394.
1483 1111 1551 1136 dunis
1564 1111 1637 1140 6-30,
1654 1111 1766 1136 Parisiis.

278 1144 380 1169 Chr-on.
397 1145 436 1168 du
451 1144 501 1168 rel.
517 1146 548 1168 de
565 1144 769 1175 Saint-Denys,
787 1144 819 1172 Il,
838 1152 864 1175 p.
885 1145 938 1173 132,
956 1145 1010 1167 134.

190 1310 330 1346 1686.
355 1321 386 1345 In
403 1328 517 1345 camera
534 1321 618 1354 regis,
632 1319 1049 1346 assistentibusAlexandrino
1059 1320 1228 1356 patriarcha
1246 1321 1371 1354 (Simone
1383 1320 1418 1346 de
1432 1320 1604 1351 Cramaudo)
1617 1324 1643 1346 et
1656 1320 1752 1346 multis
1762 1320 1913 1356 praelatis,
1932 1321 2052 1346 ducibus

273 1377 385 1403 quoque
398 1369 540 1401 Bituriae,
556 1369 751 1403 Burgundiae,
772 1369 984 1403 Aurelianensi,
1006 1369 1143 1394 Borbonii
1157 1378 1191 1394 ac
1207 1369 1303 1395 multis
1319 1369 1354 1394 de
1369 1369 1509 1403 sanguine
1525 1370 1601 1403 regio
1615 1369 1784 1405 procreatis,
1804 1373 1895 1395 rector
1915 1371 2053 1395 Universi-

273 1417 343 1442 tatis
359 1420 386 1443 et
408 1416 543 1453 deputati
565 1417 698 1452 magistri
716 1426 750 1443 ac
766 1417 897 1443 doctores
914 1418 1002 1453 flemis
1022 1418 1142 1452 genibus
1163 1417 1314 1453 epistolam
1330 1418 1365 1443 de
1385 1418 1475 1443 tribus
1493 1418 1542 1443 viis
1566 1417 1665 1443 Carolo
1693 1419 1729 1444 VI
1740 1420 1870 1453 offerunt.
1893 1420 1958 1444 Tum
1978 1419 2053 1444 Guil-

272 1465 374 1491 lelmus
389 1465 543 1491 Barraudi
559 1475 633 1501 quae
649 1466 813 1492 continebat
829 1466 960 1502 epistola,
977 1466 1083 1492 multas
1099 1467 1226 1492 rationes
1242 1466 1397 1501 adducens,
1417 1466 1641 1492 luculentissime
1653 1468 1806 1502 peroravit,
1825 1467 2054 1503 supplicavitque

271 1514 332 1548 regi
356 1518 387 1539 ut
406 1515 434 1540 in
459 1514 529 1540 bono
547 1515 704 1550 proposito,
729 1518 759 1540 ut
777 1515 952 1551 promiserat
970 1515 1091 1551 pluries,
1106 1519 1312 1551 perseveraret.
1339 1517 1404 1541 Cum
1425 1524 1476 1541 rex
1499 1515 1676 1541 Guillelmum
1695 1524 1794 1541 sereno
1816 1516 1890 1541 vultu
1911 1516 2050 1547 audisset,

272 1562 423 1598 epistolam
440 1563 559 1598 benigne
574 1563 725 1599 recipiens,
744 1564 820 1590 hanc
837 1564 986 1590 transferri
999 1565 1084 1598 jussit
1098 1564 1129 1590 in
1147 1564 1317 1597 Gallicum,
1337 1568 1366 1590 ut
1380 1565 1460 1598 gravi
1475 1568 1502 1590 et
1519 1564 1632 1598 digesta
1651 1564 1859 1590 deliberatione
1876 1573 1950 1599 quae
1966 1565 2054 1590 conti-

271 1611 359 1637 nebat
372 1611 541 1643 viderentur,
560 1612 700 1638 redeundi
715 1612 870 1647 assignans
887 1617 992 1638 certum
1008 1613 1135 1649 spatium
1150 1613 1307 1649 deputatis.

277 1695 379 1720 Chron.
396 1697 435 1719 au
450 1696 501 1720 rel.
514 1697 547 1720 de
566 1697 766 1727 Saint-Denys,
784 1697 816 1724 11,
833 1697 886 1725 131,
902 1697 956 1720 182.
1423 1662 1497 1691 ΗΜ
1513 1663 1637 1692 dun1130,
1653 1663 1768 1688 pamm

281 1780 301 1803 l.
319 1780 430 1803 Juvenal
451 1780 496 1803 des
512 1780 606 1804 Ursins
624 1781 705 1810 (Hist.
726 1782 757 1805 de
780 1781 892 1805 Charles
918 1781 964 1810 VI,
985 1781 1025 1804 ed.
1042 1781 1182 1812 Godefroy,
1203 1790 1230 1813 p.
1252 1782 1305 1811 105)
1329 1781 1469 1813 adjungit:
1488 1790 1498 1804 ‹(
1515 1790 1543 1804 00
1559 1782 1603 1813 qui
1621 1783 1658 1805 sut
1676 1782 1723 1804 snit
1743 1790 1764 1804 1).
1789 1783 1825 1805 Itu
1845 1790 1965 1812 prorsus.
1988 1782 2052 1804 Num

183 1826 269 1847 exstat
281 1824 394 1855 epistola
411 1824 437 1847 in
453 1824 555 1855 linqua
568 1825 683 1856 yallica,
700 1825 757 1849 scil.
773 1825 799 1848 in
816 1826 878 1849 Cod.
897 1826 953 1849 Vnt.
969 1826 1015 1849 lot.
1029 1827 1099 1854 4791,
1120 1826 1165 1850 sol.
1182 1826 1305 1849 171-182b
1321 1828 1398 1855 (saec.
1416 1834 1460 1849 xlv
1476 1828 1588 1856 exeunt.)
1605 1826 1654 1849 sub
1669 1826 1775 1849 rubrica
1790 1834 1795 1849 ⁴.
1815 1835 1825 1848 (1
1842 1826 1878 1857 Cy
1895 1826 2003 1849 s'ensuit
2019 1834 2052 1848 un

183 1868 249 1895 uvis,
262 1868 352 1891 baillie
367 1876 416 1899 par
431 1868 600 1892 l'Universite
614 1870 644 1892 de
660 1869 734 1892 Paris
750 1877 783 1892 811
798 1878 846 1901 roy
861 1878 907 1892 sur
922 1870 946 1893 le
957 1870 1036 1893 debat
1051 1870 1096 1893 des
1109 1878 1191 1901 pnpes
1204 1878 1224 1900 1),
1235 1874 1259 1893 et
1270 1870 1375 1901 quidem
1387 1873 1448 1901 post
1460 1871 1617 1901 Chronique
1631 1870 1800 1899 Normande‚
1814 1873 1841 1892 ut
1854 1870 1931 1893 ctiam
1943 1870 1968 1892 in
1984 1870 2052 1892 Bibl.

184 1913 210 1935 S.
229 1912 375 1936 Genovefoe
392 1913 422 1936 Η.
436 1914 453 1936 f.
469 1913 558 1936 in—sol.
575 1914 604 1936 38
619 1914 722 1943 (Catal.
737 1915 801 1943 673),
819 1915 863 1938 fol.
880 1914 951 1938 30712.
965 1915 1103 1938 Praeterea
1118 1915 1144 1937 in
1160 1915 1217 1938 cod.
1234 1916 1370 1946 Rotomag.
1387 1915 1416 1938 O.
1433 1916 1462 1937 23
1479 1916 1576 1943 (Catal.
1592 1915 1654 1944 951).
1678 1915 1722 1938 sol.
1741 1915 1793 1942 146,
1811 1914 1859 1937 sub
1872 1914 1948 1937 titulo
1965 1922 1970 1937 z
1988 1922 1999 1937 «
2016 1915 2052 1945 Cy

183 1964 331 1980 commence
347 1957 463 1988 l'epistre
482 1957 512 1980 de
527 1957 701 1981 i'Universite'
716 1959 747 1981 de
765 1958 839 1981 Puris
855 1960 967 1990 envoyee
986 1967 1018 1982 uu
1034 1967 1081 1990 roy
1099 1959 1130 1982 de
1151 1960 1249 1982 Fruncc
1264 1968 1332 1990 pour
1352 1960 1377 1982 18
1395 1959 1517 1982 sedacion
1534 1960 1568 1981 du
1583 1959 1677 1982 scisme
1695 1959 1726 1982 de
1741 1959 1850 1990 l'eglise,
1867 1959 2008 1981 translatee
2022 1959 2052 1981 dc

183 2001 249 2024 latin
271 2009 303 2024 en
319 2001 433 2031 srangois
452 2010 474 2025 1).
493 2002 589 2033 Incipit
606 2010 611 2025 ¹.
635 2011 645 2023 n
661 2003 680 2025 A
701 2004 753 2026 tres
773 2003 905 2026 chrestien
927 2003 1018 2034 prince
1033 2007 1058 2026 et
1072 2005 1125 2026 tres
1141 2004 1234 2026 ardent
1250 2004 1364 2026 zelateur
1379 2004 1410 2026 de
1427 2004 1453 2026 la
1470 2003 1579 2034 religion
1597 2003 1745 2034 catholiqne
1761 2003 1855 2026 Churle
1920 2003 1945 2025 la
1961 2003 2052 2025 devote

183 2045 237 2068 fille
250 2046 281 2068 de
295 2054 324 2068 58
337 2045 459 2069 hautesse
473 2046 641 2070 l’Universite
655 2047 686 2070 de
698 2047 808 2070 l'estude
822 2047 853 2070 de
873 2047 947 2070 Paris
966 2048 1057 2071 devote
1077 2051 1101 2071 et
1121 2048 1201 2071 filiale
1221 2048 1383 2071 oheissunce.
1401 2048 1525 2071 Combien
1539 2056 1588 2078 que
1603 2048 1640 2070 les
1655 2048 1785 2078 exemplos
1799 2047 1830 2070 de
1850 2055 1897 2069 nos
1912 2047 2053 2078 predeces-

183 2098 258 2113 seurs
282 2091 296 2112 a}
317 2098 382 2113 nous
404 2098 523 2114 ramenez
545 2099 578 2113 811
598 2091 695 2114 devant
714 2099 780 2114 nous
805 2092 936 2115 enfichent
961 2092 1058 2115 dedens
1082 2101 1128 2115 nos
1145 2101 1220 2115 euers
1236 2092 1369 2123 plusieurs
1386 2095 1410 2115 et
1425 2094 1477 2115 tr'es
1496 2099 1575 2123 grans
1592 2100 1759 2115 mouveiuens
1775 2093 1789 2114 ii
1805 2095 1879 2114 vei-tu
1893 2091 2007 2122 prendre
2027 2095 2053 2114 et

183 2134 304 2165 acquerir
318 2143 349 2157 cn
365 2138 450 2158 toutes
466 2138 553 2158 autres
570 2135 671 2163 choses,
684 2136 842 2164 toutefois»,
857 2141 906 2160 etc.
921 2136 1034 2167 Explicit
1049 2144 1054 2159 t
1074 2146 1084 2159 «
1103 2137 1155 2159 ofin
1170 2145 1219 2168 que
1234 2145 1283 2167 par
1298 2137 1323 2159 In
1339 2145 1394 2159 mer
1409 2136 1522 2167 paisible
1538 2140 1562 2159 ct
1577 2144 1626 2167 par
1642 2136 1665 2159 18
1680 2136 1758 2158 doulx
1773 2139 1798 2158 et
1813 2137 1888 2158 soues
1899 2138 1959 2159 vent
1974 2137 1989 2158 ii
2004 2136 2052 2159 elle

182 2179 217 2208 (18
232 2179 354 2208 1111550118)
371 2179 465 2202 dessus
489 2179 589 2208 cnvoid,
608 2180 658 2202 elle
675 2180 749 2211 puist
766 2182 819 2203 tr'es
837 2180 1054 2211 prochainement
1076 2184 1101 2203 ct
1117 2189 1182 2203 nous
1203 2189 1330 2211 avecqucs
1349 2181 1422 2203 venir
1440 2188 1472 2203 uu
1495 2181 1586 2211 rivago
1604 2180 1634 2203 de
1652 2180 1713 2211 paix
1727 2180 1754 2210 ja
1770 2188 1819 2210 pur
1837 2188 1866 2210 sy
1886 2180 1949 2210 long
1965 2183 2051 2210 temps

182 2223 278 2246 desire.
292 2224 372 2246 Amen
388 2232 410 2246 ».
427 2223 528 2247 Desinit
543 2224 580 2246 sic
597 2227 657 2247 ante
670 2224 797 2255 temporis
814 2228 901 2248 notum
917 2225 943 2247 in
959 2225 1017 2248 cod.
1036 2226 1091 2248 Vat.
1108 2229 1133 2248 et
1151 2226 1177 2249 S.
1192 2225 1352 2252 Genus-etam
1365 2228 1391 2247 ut
1406 2225 1461 2248 cod.
1474 2226 1611 2256 Rotomag.
1620 2225 1697 2247 finem
1711 2225 1779 2247 hunc
1794 2224 1903 2254 praebet
1917 2232 1922 2247 :
1938 2233 1949 2246 «
1963 2224 2052 2247 Donne

183 2275 214 2290 en
229 2270 317 2290 nostre
345 2268 538 2299 congregacion
563 2269 685 2299 generale
709 2269 827 2292 celebree
852 2270 866 2291 il
892 2269 1103 2294 Suint-Bernart.
1127 2272 1158 2292 οιῚ
1184 2278 1249 2292 nous
1278 2277 1358 2292 avons
1382 2270 1533 2292 acoustume
1557 2269 1572 2292 ἑ,
1593 2269 1738 2291 ussembler
1762 2277 1829 2299 pour
1851 2268 1899 2291 sais
1924 2277 2004 2299 grans
2027 2272 2052 2291 et

183 2311 312 2339 notables,
326 2320 375 2343 par
391 2312 414 2335 18
430 2316 626 2336 consentement
644 2313 675 2336 de
692 2313 824 2336 chascunc
839 2314 885 2336 des
904 2314 1014 2336 sacultez
1033 2317 1057 2336 et
1074 2314 1190 2341 nucions,
1209 2314 1232 2336 18
1248 2314 1304 2344 viije
1319 2313 1360 2336 ide
1376 2314 1406 2336 de
1421 2314 1482 2341 Jun,
1499 2314 1561 2336 c’cst
1576 2313 1695 2336 assavoir
1710 2321 1740 2336 en
1753 2313 1779 2335 la
1791 2313 1883 2343 vigille
1897 2313 1931 2335 du
1947 2313 2007 2343 jour
2020 2313 2051 2335 de

183 2356 371 2379 Penthecouste
376 2374 423 2385 .....
440 2357 525 2388 lequel
543 2357 617 2380 Saint
630 2358 720 2388 Esprit
735 2366 800 2380 nous
819 2358 922 2380 croions
941 2358 1117 2389 pitensement
1135 2362 1160 2381 ct
1175 2366 1225 2389 por
1240 2358 1465 2389 vruyssembluhle
1480 2357 1626 2388 conjecture
1642 2357 1715 2380 avoir
1730 2359 1783 2380 este
1799 2358 1905 2388 present
1918 2365 1946 2380 en
1963 2361 2051 2380 nostre

183 2400 251 2423 dicte
266 2401 413 2424 ossemblee
427 2401 449 2424 si
464 2401 648 2429 concordante,
664 2402 715 2424 l'an
733 2402 764 2425 de
781 2405 870 2425 nostre
887 2402 998 2433 Seignor
1014 2402 1060 2425 mil
1073 2402 1138 2425 trois
1155 2411 1215 2425 cens
1231 2405 1256 2425 et
1271 2402 1451 2433 quatre-[vings
1467 2401 1609 2432 quatorzeJ.
1626 2411 1639 2422 a>

188 2549 329 2586 1687.
353 2559 480 2585 Litterae
508 2560 706 2585 Universitatis
733 2559 908 2586 Coloniensis
927 2560 1140 2595 gratulator-iae
1157 2561 1196 2586 ad
1221 2561 1436 2586 Universitatem
1456 2560 1615 2586 Parisiens.
1637 2560 1672 2585 de
1692 2560 1863 2595 extirpando
1881 2560 2048 2586 Scliismate.

1431 2643 1507 2672 1394,
1523 2643 1585 2668 dum
1596 2643 1622 2672 5,
1639 2643 1765 2668 Coloniae.

273 2724 571 2757 Venerandarum
607 2725 948 2770 circumspectionis
983 2733 1017 2759 et
1047 2727 1198 2759 scientie
1229 2726 1317 2758 viris
1352 2726 1499 2758 domino
1534 2726 1665 2758 rectori
1706 2725 1841 2769 totique
1878 2724 2048 2769 collegio⁷

185 2790 370 2835 magistris
391 2797 426 2823 et
447 2790 659 2825 doctoribus
681 2792 938 2826 Universitatis
960 2793 1071 2825 studii
1093 2793 1309 2825 Parisiensis
1331 2791 1436 2825 nobis
1458 2792 1494 2824 in
1513 2792 1660 2825 Christo
1682 2791 1912 2824 carissimis¹.
1937 2792 2048 2822 Reve—

186 2856 289 2889 rendi
311 2863 442 2901 patres,
466 2857 642 2902 magistri,
666 2858 877 2903 dominique
900 2859 1076 2904 precipui.
1102 2859 1234 2892 Suadet
1260 2859 1398 2903 equitas
1426 2865 1462 2891 ut
1482 2859 1620 2903 justum
1646 2865 1700 2891 est
1730 2865 1763 2890 et
1790 2863 2046 2902 opportunum,
