2488 3386
165 325 261 362 1356]
588 339 630 360 ΑΒ
664 339 769 361 ΑΝΝο
803 337 936 360 MCCCL
969 338 1100 366 USQUE
1135 338 1182 359 An
1218 338 1483 360 BENEDICTUM
1517 339 1608 360 XIll.
1980 331 2020 363 41

163 424 288 445 eorum
310 412 495 457 proprium
517 418 550 445 et
571 412 723 445 duorum
746 412 897 445 aliorum
915 412 1174 456 juramentum,
1200 411 1337 455 absque
1359 411 1530 443 dilatione
1552 418 1584 444 et
1611 412 1819 445 difficultate
1840 413 2022 446 maliciosa

164 485 199 512 et
227 478 486 523 impedimento
512 478 791 523 quibuscunque
816 478 931 511 libere
956 477 1244 518 admitterentur,
1271 477 1365 509 sicut
1390 477 1501 510 ceteri
1529 477 1651 509 clerici
1680 478 1862 511 scculares
1890 478 2022 511 ibidem

164 551 434 578 consueverunt
453 545 604 585 admitti,
627 557 700 577 non
721 544 950 577 obstantibus
972 543 1251 588 quibuscunque
1274 543 1416 576 statutis
1438 550 1472 576 et
1496 543 1824 576 consuetudinibus
1846 551 2025 577 monaste-

165 611 300 644 riorum
332 617 366 643 et
395 610 546 643 aliorum
567 610 730 643 locorum
758 610 967 643 eorumdem
995 609 1172 643 Ordinum
1204 621 1268 642 seu
1298 609 1531 654 religionum,
1561 609 1723 652 ejusdem
1755 610 1971 642 parisiensis
1993 617 2028 643 et

164 677 315 710 aliorum
338 677 540 710 studiorum
563 689 864 722 quorumcunque
891 676 1096 716 contrariis,
1114 675 1343 720 juramentis,
1367 675 1704 708 confirmationibus
1732 676 1941 720 apostolicis
1970 683 2028 708 aut

165 743 445 788 quibuscunque
466 743 697 776 firmitatibus
717 743 798 776 aliis
820 742 1014 783 roboratis,
1038 748 1073 775 et
1093 742 1166 775 illis
1188 742 1378 786 presertim
1402 742 1545 774 statutis
1567 741 1700 786 quibus
1727 742 1762 774 in
1785 742 1910 774 eodem
1933 742 2030 774 Pari-

165 810 278 843 siensi
309 809 430 842 studio
460 810 579 843 caveri
610 810 742 842 dicitur
767 809 865 854 quod
895 808 1019 841 nullus
1050 808 1248 841 monachus
1275 808 1332 840 vel
1362 808 1559 852 religiosus
1590 807 1682 840 alius
1712 808 1809 852 legat
1838 808 1927 840 inibi
1951 809 2032 853 jura

166 876 338 909 canonica
365 876 422 909 vel
449 876 493 909 ad
520 875 758 909 bacalariatus
779 882 907 909 statum
930 881 990 908 aut
1010 875 1211 920 magisterii
1238 874 1413 907 honorem
1445 874 1481 906 in
1507 875 1590 918 jure
1611 874 1786 906 canonico
1808 874 2034 919 permittatur

166 943 315 983 assumi,
335 954 399 975 seu
417 942 513 987 quod
530 942 654 976 nullus
671 942 750 975 sine
772 942 883 975 rubea
904 954 990 987 capa
1011 941 1195 974 decretum
1217 941 1310 986 legat
1331 953 1395 973 seu
1416 940 1540 985 legere
1563 941 1789 985 permittatur
1810 940 1957 981 ibidem,
1976 948 2036 973 aut

167 1009 264 1054 quod
286 1008 408 1042 nullus
429 1008 479 1041 ibi
500 1009 624 1054 legere
653 1009 769 1042 valeat
787 1009 869 1053 jura
888 1008 1060 1041 canonica
1081 1007 1138 1041 vel
1165 1007 1208 1040 ad
1230 1007 1482 1040 bacalariatum
1504 1007 1653 1048 assumi,
1677 1018 1741 1039 seu
1770 1013 1809 1039 ut
1834 1006 2035 1039 bacalarius

167 1075 291 1120 legere
319 1075 520 1108 decretales
547 1082 607 1108 aut
631 1075 674 1108 ad
696 1075 943 1120 magisterium
966 1074 1164 1107 ascendere
1192 1074 1228 1106 in
1257 1073 1413 1106 decretis
1440 1073 1516 1106 sive
1538 1073 1665 1106 doctor
1686 1072 1764 1105 fieri
1792 1073 2032 1114 decretorum,

167 1148 228 1175 aut
247 1141 291 1174 ad
315 1141 487 1174 lecturam
510 1141 546 1174 in
568 1141 724 1174 decretis
752 1141 887 1174 assumi
917 1153 981 1174 seu
1011 1141 1123 1185 ipsam
1150 1140 1374 1181 continuare,
1405 1140 1476 1172 nisi
1506 1139 1639 1172 ibidem
1662 1139 1720 1172 vel
1751 1139 1787 1171 in
1817 1139 1886 1172 alio
1915 1140 2035 1172 studio

168 1208 330 1253 generali
351 1208 505 1241 audierit
527 1209 609 1252 jura
631 1208 801 1241 canonica
823 1220 887 1253 per
908 1207 1068 1252 quinque
1091 1213 1125 1240 et
1145 1206 1251 1239 alibi²
1271 1207 1349 1251 jura
1371 1206 1490 1240 civilia
1511 1218 1575 1251 per
1603 1212 1676 1239 tres
1698 1217 1826 1246 annos,
1851 1212 1910 1238 aut
1931 1205 2036 1238 alibi²

167 1275 245 1320 jura
273 1274 390 1307 civilia
420 1286 484 1319 per
514 1275 674 1319 quinque
701 1281 736 1307 et
764 1274 814 1306 ibi
835 1274 893 1307 vel
923 1274 959 1306 in
981 1273 1050 1306 alio
1081 1273 1244 1318 generali
1273 1273 1393 1306 studio
1419 1274 1502 1317 jura
1529 1273 1700 1305 canonica
1732 1284 1796 1317 per
1823 1279 1897 1305 tres
1924 1284 2038 1305 annos

168 1347 287 1386 prout,
312 1346 376 1375 etc.
401 1346 440 1374 ut
466 1341 501 1374 in
525 1341 775 1381 Clzartulario,
803 1342 845 1381 H,
871 1353 905 1385 p.
929 1341 1006 1373 465.

256 1408 391 1441 Verum
410 1419 489 1440 cum
508 1407 602 1439 sicut
617 1406 734 1439 oblata
755 1406 862 1439 nobis
884 1406 1115 1451 postmodum
1137 1418 1202 1451 pro
1222 1412 1321 1451 parte
1338 1412 1456 1439 vestra
1478 1405 1604 1450 petitio
1621 1404 1840 1445 continebat,
1859 1405 2037 1449 hospitale

167 1480 328 1507 vestrum
350 1480 521 1506 noscatur
540 1473 628 1507 viris
649 1473 816 1506 litteratis
837 1473 1004 1518 indigere
1026 1479 1061 1506 et
1081 1473 1117 1505 in
1139 1472 1266 1505 eodem
1290 1472 1461 1516 hospitali
1482 1471 1584 1504 multi
1607 1472 1679 1504 sint
1699 1472 1827 1504 fratres
1849 1472 2037 1516 cupientes

168 1540 205 1573 in
225 1540 391 1573 facultate
416 1540 511 1584 juris
533 1540 696 1572 canonici
727 1539 918 1584 proficere,
945 1546 980 1572 et
1008 1540 1045 1571 in
1073 1539 1210 1584 prefato
1232 1539 1429 1571 Parisiensi
1449 1538 1507 1571 vel
1527 1538 1608 1571 aliis
1630 1538 1761 1570 studiis
1783 1544 1911 1570 statum
1934 1537 2037 1570 baca-

168 1607 248 1640 larii
269 1613 304 1639 et
324 1607 482 1651 insignia
508 1606 670 1651 recipere
697 1606 918 1646 doctoratus,
947 1606 991 1638 ad
1017 1606 1115 1650 quod
1143 1605 1372 1638 obstantibus
1399 1605 1546 1649 prefatis
1573 1604 1716 1637 statutis
1745 1604 1907 1648 ejusdcm
1939 1605 2036 1637 Pari—

167 1674 301 1706 siensis
322 1680 358 1706 et
377 1673 528 1706 aliorum
550 1673 752 1706 studiorum
774 1674 903 1706 fratres
925 1673 994 1717 ipsi
1016 1672 1208 1717 pervenire
1230 1684 1302 1704 non
1324 1678 1478 1717 possunt
1497 1683 1503 1704 ι
1523 1683 1590 1704 nos
1611 1671 1801 1716 cupientes
1822 1672 1920 1704 viros
1941 1671 2036 1703 litte-

170 1747 266 1773 ratos
287 1740 324 1772 in
345 1740 411 1772 Dei
433 1739 586 1772 ecclesia
607 1740 814 1779 confovere,
843 1746 880 1772 ut
906 1740 1060 1772 fructum
1089 1739 1125 1771 in
1154 1751 1193 1771 ea
1224 1750 1290 1771 suo
1311 1745 1473 1783 tempore
1495 1738 1623 1770 afferre
1643 1738 1782 1771 valeant
1805 1744 2034 1782 oportunum,

168 1806 300 1840 vestris
321 1805 650 1851 supplicationibus
671 1806 846 1847 inclinati,
870 1812 909 1838 ut
928 1806 1056 1838 fratres
1077 1805 1268 1850 hospitalis
1289 1805 1402 1838 vestri
1422 1805 1465 1838 ad
1487 1804 1738 1837 bacalariatum
1757 1804 1852 1849 juris
1874 1804 2036 1837 canonici

169 1873 246 1906 sive
276 1873 505 1905 decretorum
535 1884 677 1905 necnon
710 1872 754 1905 ad
784 1884 908 1905 eorum
939 1872 1112 1904 lecturam
1143 1884 1181 1904 ac
1212 1871 1412 1916 magisterii
1443 1871 1519 1904 sive
1552 1871 1760 1903 doctoratus
1794 1870 1970 1903 honorem
2001 1871 2036 1902 in

168 1939 292 1972 habitu
313 1938 485 1972 fratribus
506 1939 592 1971 dieti
619 1939 810 1984 hospitalis
831 1945 1056 1984 congruente
1078 1938 1216 1971 admitti
1238 1945 1272 1971 et
1292 1938 1405 1983 recipi
1432 1937 1547 1970 libere
1573 1944 1607 1970 et
1634 1937 1731 1970 licite
1751 1937 1904 1978 valeant,
1932 1944 2038 1982 prout

170 2005 256 2038 dicti
277 2005 442 2038 monachi
464 2012 499 2038 et
516 2005 681 2038 canonici
702 2005 951 2046 admittuntur,
966 2006 1066 2050 juxta
1083 2005 1379 2038 constitutionem
1402 2004 1553 2037 eandem
1574 2004 1848 2049 predecessoris
1870 2003 2035 2048 predicti,

170 2071 360 2117 premissis
382 2078 417 2104 et
436 2071 516 2104 aliis
543 2072 685 2104 statutis
707 2078 740 2104 et
767 2071 1097 2104 consuetudinibus
1125 2071 1211 2104 dicti
1240 2071 1457 2104 Parisiensis
1486 2077 1521 2103 et
1549 2070 1701 2103 aliorum
1732 2070 1932 2103 studiorum
1956 2082 2036 2102 eon-

169 2138 290 2171 trariis
318 2149 543 2182 nequaquam
567 2137 809 2173 obstantibus.
833 2138 1017 2171 devotioni
1041 2144 1162 2171 vestre
1190 2137 1400 2170 auctoritate
1427 2136 1626 2182 apostolica
1656 2143 1782 2169 tenore
1812 2136 2034 2181 presentium

169 2204 416 2249 indulgemus.
446 2204 543 2236 Nulli
572 2216 672 2249 ergo,
700 2209 778 2245 etc„
808 2210 932 2237 nostre
954 2204 1205 2236 concessionis
1232 2203 1445 2248 infringere,
1472 2209 1535 2236 etc.
1564 2204 1640 2236 Dat.
1668 2203 1847 2236 Avinione
1868 2202 1941 2246 viiij
1966 2202 2032 2234 kal.

169 2270 302 2312 Martii,
319 2270 549 2315 pontificatus
569 2270 684 2303 nostri
701 2282 795 2303 anno
817 2277 955 2315 quarto.

248 2403 383 2434 Originale
398 2403 424 2426 in
440 2403 517 2427 Arch.
532 2406 585 2426 nat.
603 2403 686 2427 Paris.
700 2403 728 2427 L.
745 2403 799 2432 311,
817 2408 846 2426 n⁰
860 2403 890 2426 14
905 2404 994 2434 (notat.
1013 2407 1071 2427 ante
1087 2405 1190 2433 xxxln).
1206 2403 1332 2434 Superest
1347 2404 1473 2435 sig-illum.
1491 2404 1519 2426 In
1530 2404 1600 2435 plica
1617 2411 1621 2426 z
1640 2413 1653 2424 α
1668 2403 1697 2426 R.
1713 2402 1744 2425 de
1760 2402 1871 2432 Lanloys
1882 2411 1906 2425 n.
1923 2400 2035 2424 Rubrica

169 2449 243 2470 vetus
255 2446 281 2469 in
297 2450 370 2477 tergo
388 2447 480 2470 addit:
498 2456 509 2469 a
523 2447 555 2470 Et
571 2447 619 2470 suit
633 2451 803 2478 procuratum
819 2455 867 2478 per
883 2449 990 2470 fratrem
1006 2447 1175 2471 Guillelmum
1189 2448 1220 2470 de
1236 2448 1336 2476 Malleo,
1354 2456 1402 2478 pro
1418 2451 1535 2479 tempore
1551 2447 1659 2470 Francie
1678 2446 1801 2477 priorem.
1819 2455 1832 2466 »
1853 2459 1878 2462 —
1896 2446 1957 2475 Reg.
1977 2445 2032 2467 Vnt.

169 2491 249 2514 Aven.
268 2491 411 2514 Innocentii
429 2491 472 2520 Vt,
488 2491 540 2514 vol.
557 2492 624 2520 XIII,
647 2492 691 2515 fol.
712 2491 785 2515 307¹).
802 2491 871 2515 Bibl.
887 2493 977 2515 Arsen.
1000 2500 1048 2515 ms.
1073 2492 1142 2517 1121.
1160 2501 1187 2523 p.
1209 2492 1253 2515 318
1276 2493 1330 2521 (sol.
1354 2492 1434 2522 1821)),
1458 2492 1506 2515 sub
1525 2491 1631 2514 rubrica
1650 2499 1654 2514 τ
1674 2500 1685 2513 ((
1701 2490 1872 2521 privilegium
1892 2488 2035 2512 Innocentii

169 2535 239 2566 quod
256 2535 424 2566 hospitalarii
440 2538 465 2558 et
478 2535 523 2558 alii
539 2535 660 2558 monachi
675 2535 779 2566 possint
793 2536 919 2567 graduari
937 2544 959 2559 1).

247 2659 270 2682 1.
286 2658 343 2682 Vid.
359 2659 498 2688 chartul„
512 2660 544 2688 ΙΙ,
561 2665 590 2683 n⁰
607 2661 677 2685 100‘2.
690 2674 719 2679 —
738 2662 760 2685 2.
777 2661 874 2690 Pei-ies,
891 2661 933 2685 La
947 2661 1052 2691 saculte'
1064 2662 1098 2685 de
1109 2662 1185 2684 droit
1199 2662 1273 2685 dans
1291 2661 1372 2685 [ἀπε.
1396 2660 1551 2685 Universite'
1566 2662 1599 2684 de
1613 2659 1707 2688 Paris,
1725 2667 1751 2689 p.
1772 2658 1821 2686 102,
1842 2666 1890 2688 pro
1906 2665 1916 2679 α
1933 2656 1996 2679 alibi
2011 2664 2031 2682 1),

169 2702 187 2726 i.
200 2710 222 2726 e.
238 2702 263 2725 in
280 2702 331 2725 alio
347 2711 377 2726 ac
394 2703 478 2727 Paris.
496 2704 591 2734 studio,
606 2705 646 2728 his
658 2705 733 2736 ponit
747 2714 758 2728 <‹
775 2705 835 2736 ipsu
850 2713 871 2733 ›),
886 2705 905 2728 i.
920 2714 943 2728 e.
959 2714 970 2728 «
987 2705 1045 2736 ipsa
1060 2705 1120 2735 jura
1136 2705 1224 2727 civilia
1238 2713 1260 2733 »,
1279 2705 1315 2728 ita
1331 2708 1359 2727 ut
1376 2713 1468 2727 sensus
1486 2707 1617 2732 occurrat,
1632 2704 1693 2734 jura
1710 2702 1799 2725 civilia
1814 2701 1840 2724 in
1856 2700 2033 2724 Universitate

169 2746 252 2770 Paris.
277 2750 338 2769 tunc
355 2747 481 2778 temporis
504 2748 600 2771 tradita
625 2757 691 2773 esse.
710 2750 808 2772 Revera
831 2749 918 2773 Pei-ies
935 2749 1064 2772 exclamat
1082 2757 1087 2772 ·,
1106 2758 1116 2772 α
1133 2749 1172 2772 011
1190 2749 1353 2772 chercherait
1375 2757 1404 2771 en
1430 2748 1489 2771 vain
1517 2749 1562 2771 des
1582 2747 1762 2778 temoignages
1786 2746 1844 2777 plus
1870 2744 1975 2767 sormels
2003 2743 2033 2766 de

169 2790 315 2814 l'existence
334 2791 365 2814 de
382 2791 597 2823 l’enseignement
618 2793 653 2816 du
678 2793 752 2816 Droit
766 2793 868 2816 romain
893 2794 958 2816 dans
981 2794 1005 2816 le
1028 2794 1240 2818 ClOt-Bruneau
1263 2795 1288 2816 nl
1311 2793 1490 2824 Supponimus
1513 2792 1600 2815 Peries
1616 2791 1727 2814 inscium
1745 2793 1843 2812 textum
1861 2789 2033 2811 adulterasse.

169 2834 306 2857 Caeterum
322 2836 487 2859 Innocentius
503 2837 536 2859 VI
549 2845 591 2860 un.
611 2837 779 2865 1356(P21ries
797 2846 801 2860 z
819 2846 829 2860 t(
844 2838 904 2861 1355
918 2839 942 2867 »)
962 2841 1063 2860 tantum
1081 2838 1171 2860 codem
1189 2838 1266 2861 modo
1284 2837 1407 2868 loquendi
1424 2845 1474 2867 quo
1490 2836 1644 2859 Benedictus
1662 2836 1707 2857 XlI
1725 2834 1821 2863 (peries
1838 2841 1843 2855 2
1858 2843 1869 2853 α
1882 2833 1948 2860 xm,
1967 2831 2033 2853 :ilias

170 2878 189 2901 X
206 2879 227 2905 »l
245 2887 308 2901 usus
324 2882 371 2907 est,
392 2879 484 2911 dequo
502 2880 555 2904 vid.
574 2881 713 2910 CII-amul„
732 2882 765 2906 11.
784 2891 810 2912 p.
823 2883 875 2910 465,
895 2885 947 2906 not.
965 2882 976 2904 lc
997 2885 1021 2904 et
1039 2884 1061 2905 5.
1078 2881 1116 2905 Cf.
1134 2885 1270 2912 praeterea
1286 2881 1355 2904 infra
1371 2885 1398 2903 11⁰
1417 2880 1482 2904 1242.

294 2926 340 2942 m
359 2924 454 2948 chart.
475 2925 549 2948 Unio.
570 2925 664 2949 Paris.
684 2926 728 2948 111.
1894 2921 1908 2942 6
