2488 3386
473 360 535 392 130
1055 358 1368 384 CllAn'rULARIUM
1405 355 1592 378 UNIVERS.
1629 354 1756 376 PAlus.
2230 338 2329 375 [1365

1229 446 1373 473 Provincia
1391 443 1564 470 Turonensis.

559 527 747 560 Guydomaro
763 525 841 551 Senis
849 524 870 553 ³,
887 523 1088 556 corisopitens.
1106 521 1191 548 dioc,
1206 526 1283 550 mag.
1301 517 1330 542 111
1345 517 1421 542 ari...

557 576 683 602 Johanni
696 574 813 600 Cillan-di
826 573 842 602 ⁷¹,
860 573 951 606 presb.
968 572 1082 596 Dolens.
1095 570 1180 597 dioc..
1194 575 1255 593 can.
1269 574 1327 598 reg.
1345 564 1513 602 monasterii
1524 564 1554 588 B.
1567 563 1654 588 Marie
1671 562 1854 595 Belliportus.
1868 561 2010 586 Briocens.
2023 560 2109 589 dioc..
2123 559 2328 585 Premonstrat.

472 626 553 655 Ord.,
570 633 646 657 mag.
665 624 694 649 in
707 625 774 652 art„
791 622 856 647 scol.
875 622 903 646 in
921 620 1046 652 theolog.

559 674 721 700 Guillermo
733 672 768 697 (10
785 668 970 703 1.011;ζ111(11[0],
985 669 1147 694 Trecorens.
1164 666 1250 694 dioc..
1266 672 1341 696 mag.
1360 663 1390 688 in
1406 663 1483 687 ari...

562 722 688 748 Johanni
701 722 727 747 10
742 719 882 753 Fruglois.
900 718 1040 743 Briocens.
1055 716 1140 744 dioc.v
1156 722 1232 747 mag.
1250 714 1280 738 in
1295 714 1348 738 art.

562 770 689 797 Johanni
703 770 730 796 le
744 770 810 798 Dos,
828 768 969 794 Briocens.
986 766 1071 795 dioc.‚
1089 772 1165 797 mag.
1183 763 1213 789 in
1228 764 1304 788 ari...

1228 850 1373 877 Provincia
1388 848 1575 875 Bituricensis.

565 930 692 957 Johanni
707 929 742 954 de
758 929 860 957 Pluma,
875 926 1043 952 Taurinens.
1061 924 1146 951 dioc..
1164 930 1240 955 mag.
1258 922 1288 947 in
1304 923 1357 947 ari.
1375 921 1421 954 [de
1436 928 1498 946 can.
1517 920 1584 945 eccl.
1601 919 1761 951 Januens.],

562 981 644 1005 Petro
659 977 803 1005 Melhcric,
818 976 1047 1001 Claromontens.
1066 973 1151 1000 dioc..
1166 979 1242 1004 mag.
1262 971 1290 995 in
1306 971 1359 996 art,
1375 970 1421 1002 [de
1436 977 1499 995 can.
1517 969 1583 994 0001.
1600 966 1802 1002 Claromont.].

560 1030 670 1061 Rogero
685 1027 719 1052 de
732 1027 884 1053 Theramo,
901 1023 1089 1056 Aprutinens.
1107 1021 1192 1048 dioc..
1210 1028 1286 1052 mag.
1302 1019 1332 1044 in
1347 1020 1425 1045 orl...

562 1076 709 1102 Anthonio
725 1074 820 1100 Forini
835 1073 870 1099 de
887 1073 998 1101 Cremu,
1014 1070 1106 1104 presb.
1122 1070 1309 1095 Cremonens.
1326 1067 1412 1096 dioc..
1429 1075 1506 1100 mag.
1525 1067 1555 1092 in
1570 1068 1623 1092 art.
1641 1066 1686 1098 [de
1701 1073 1764 1093 can.
1781 1065 1848 1091 0001.
1867 1065 2044 1097 Veronens.].

560 1125 721 1151 Guillcrino
735 1123 771 1149 de
785 1122 929 1150 Chesellis,
946 1120 1176 1146 Claromontens.
1193 1118 1279 1146 dioc..
1297 1124 1373 1149 mag.
1391 1116 1421 1142 in
1437 1117 1490 1142 art.
1508 1116 1554 1148 [dc
1568 1123 1631 1141 can.
1648 1115 1716 1141 eccl.
1734 1113 1886 1149 Noviom.].
2028 1147 2036 1183 [
2056 1147 2082 1183 8]

2039 1157 2052 1173 2

955 1225 1113 1247 ROTULUS
1139 1223 1394 1245 MAGISTRoRUM
1422 1222 1587 1243 NACIonxs
1614 1221 1849 1243 PICARDORUM.

560 1307 852 1342 Cleinentissiine
892 1304 1070 1338 sanctitati
1104 1309 1225 1336 vestre
1255 1301 1435 1347 supplicat
1473 1300 1658 1333 humiliter
1691 1300 1762 1333 filia
1800 1300 1928 1333 devota
1961 1305 2081 1332 vestra
2115 1297 2333 1331 universitas

472 1376 726 1421 magistrorum
757 1379 791 1406 et
823 1371 1015 1405 scolarium
1041 1370 1251 1410 Parisiens.‚
1284 1375 1461 1413 quatenus
1488 1368 1626 1400 eisdem
1655 1367 1804 1412 gratiam
1830 1367 1948 1399 facere
1970 1364 2172 1410 dignemini
2197 1363 2334 1409 specia-

472 1443 541 1475 lem
569 1439 793 1486 providendo
822 1438 1005 1483 magistris
1036 1437 1072 1469 in
1098 1435 1236 1469 artibus
1267 1435 1311 1468 de
1339 1435 1491 1468 nacione
1521 1434 1755 1467 Picardorum
1786 1433 1939 1466 inferius
1969 1430 2260 1476 subscriptorum
2289 1428 2335 1464 de

472 1508 718 1542 beneficiis...
2316 1495 2318 1498 >

561 1593 658 1619 Primo
673 1592 799 1618 Johanni
814 1591 850 1617 (10
866 1590 976 1618 Ρ1’0(110,
994 1589 1086 1623 presb.
1102 1589 1273 1614 Tornacens.
1290 1588 1377 1616 dioc..
1395 1586 1574 1620 procuratori
1592 1594 1653 1612 nac.
1673 1586 1871 1612 Picardoruin.

561 1641 687 1667 Johanni
701 1641 736 1666 (10
751 1640 875 1669 6111111113,
893 1639 985 1672 presb.
1003 1639 1198 1664 Caineraeens.
1216 1637 1288 1662 dioc.
1307 1637 1352 1670 [(10
1367 1644 1429 1662 can.
1445 1636 1512 1661 eccl.
1531 1635 1557 1661 S.
1573 1635 1716 1661 Vincentii
1731 1635 1767 1661 de
1783 1634 1912 1668 Senogiis
1924 1634 2015 1668 ejusd.
2033 1631 2129 1667 (11001.

561 1690 686 1716 Johanni
701 1689 736 1715 (10
750 1688 883 1716 '1'1-010110,
898 1688 963 1713 cler.
982 1687 1176 1712 Cameracens.
1194 1685 1280 1714 dioc..
1297 1685 1365 1710 alias
1380 1684 1484 1710 rectori
1500 1684 1698 1710 Universitatis
1714 1683 1798 1709 Paris.

562 1738 688 1765 Johanni
703 1737 903 1766 Boutovifflfin,
920 1736 986 1761 cler.
1004 1735 1199 1761 Cameracens.
1218 1734 1303 1763 dioc.‚
1318 1734 1385 1759 alias
1401 1733 1504 1759 rectori
1521 1733 1672 1758 Universit.
1691 1733 1776 1761 Paris.

562 1787 719 1813 Guillelmo
732 1785 870 1814 Fonrarii,
887 1785 954 1810 alias
969 1785 1004 1810 dc
1019 1785 1100 1813 Rosa,
1117 1783 1209 1816 presb.
1225 1783 1427 1808 Atrebatens...

562 1836 688 1862 Johanni
704 1835 837 1861 Ricbardi
850 1834 885 1860 de
899 1834 1068 1862 Belloi-amo,
1086 1832 1178 1866 presb.
1197 1832 1382 1858 Laudunens.
1399 1831 1496 1857 dioc...

563 1885 697 1911 Nicholao
713 1883 848 1917 Jong1eti.
863 1883 956 1916 presb.
972 1882 1157 1907 Ambianens.
1170 1881 1267 1907 dioc...

561 1933 693 1959 Eustacio
708 1932 743 1958 de
760 1932 852 1960 Porta.
869 1931 937 1957 alias
951 1931 987 1956 de
1002 1930 1100 1959 Entra,
1118 1930 1211 1963 presb.
1231 1929 1415 1955 Ambianens.
1433 1929 1530 1955 dioc..⁴

564 1983 646 2008 Petro
661 1981 695 2007 (10
711 1980 840 2009 llersino,
855 1980 947 2013 presb.
965 1979 1144 2004 Noviomens.
1159 1979 1256 2004 dioc...

562 2031 675 2056 Matheo
690 2030 725 2055 (10
738 2029 866 2058 Ilersino,
884 2028 975 2061 presb.
994 2027 1172 2053 Noviomcns.
1190 2027 1263 2052 dioc.
1281 2027 1326 2059 [(10
1342 2035 1404 2053 can.
1422 2028 1489 2053 eccl.
1507 2028 1662 2059 Remens.].

563 2079 720 2105 Guillehno
734 2078 769 2103 (10
782 2078 899 2106 Moreto,
916 2077 981 2102 cler.
997 2076 1193 2102 Cfflneracens.
1210 2076 1296 2106 dioc..
1311 2076 1378 2102 alias
1393 2077 1436 2102 bis
1450 2077 1554 2102 rectori
1570 2076 1698 2102 Univers.
1719 2075 1801 2101 Paris.
1817 2075 1863 2108 [de
1878 2082 1940 2101 can.
1955 2074 2023 2100 eccl.
2040 2073 2191 2106 Noviom.].

563 2128 690 2153 Waltcro
705 2127 740 2152 (10
755 2126 937 2158 Meybruecb.
955 2126 1047 2158 presb.
1065 2126 1261 2151 Cmnerncens.
1279 2125 1351 2151 dioc.
1370 2125 1415 2158 [de
1429 2133 1491 2151 can.
1509 2126 1576 2151 0001.
1595 2125 1737 2158 Noviom.]

563 2176 700 2208 Gregorio
715 2175 750 2200 (10
765 2176 844 2203 Pero,
858 2174 949 2207 presb.
968 2174 1114 2200 Leodiens.
1132 2174 1204 2199 dioc.
1223 2174 1268 2206 [(10
1283 2182 1345 2200 can.
1363 2174 1389 2200 S.
1409 2174 1489 2199 Pauli
1506 2173 1676 2208 Leodiens.].

563 2226 636 2251 Item
651 2224 777 2250 Johanni
793 2224 827 2249 (10
844 2223 1027 2252 Μοηοεῑωῇε,
1043 2223 1168 2248 subdiac
1186 2223 1372 2249 Ambianens.
1391 2223 1466 2249 civit.
1484 2223 1530 2256 [de
1545 2231 1608 2249 can.
1625 2223 1692 2249 0001.
1711 2223 1868 2255 Ambian.].

564 2274 697 2299 Nicholao
712 2273 737 2298 10
753 2272 945 2301 Falourdercs‚
963 2272 1029 2297 cler.
1047 2271 1242 2297 Cameracens.
1260 2272 1356 2298 dioc...

564 2322 698 2348 Nicholao
710 2322 830 2349 Tannes.
847 2321 913 2346 cler.
931 2320 1122 2346 Attrcbatens.
1140 2320 1236 2346 dioc...

564 2371 689 2397 Johanni
704 2371 813 2395 Trocon
829 2370 864 2395 (10
876 2369 1038 2398 Chreciaco,
1053 2370 1119 2395 cler.
1137 2370 1320 2395 Laudunens.
1336 2370 1409 2396 dioc.

563 2419 708 2445 Bernardo
724 2419 848 2447 Pntessn,
866 2418 1050 2443 Ambianens.
1066 2418 1139 2443 dioc.
1157 2418 1223 2444 cler.

562 2468 662 2501 Egidio
676 2467 711 2493 de
727 2467 867 2495 Pmnerio,
881 2466 952 2492 diac.
969 2467 1139 2492 Tornacens.
1157 2466 1230 2492 dioc,
1249 2467 1295 2499 [(10
1310 2475 1372 2493 can.
1390 2468 1457 2494 eccl.
1478 2469 1633 2501 Laudun.].

567 2517 691 2543 noberto
706 2515 829 2543 Martini,
844 2515 910 2540 cler.
928 2514 1119 2540 Attrehatens.
1137 2515 1232 2540 dioc...

565 2565 691 2591 Johanni
705 2564 741 2589 de
757 2564 863 2592 l‘orres,
880 2564 945 2589 cler.
963 2563 1158 2589 Cameracens.
1175 2564 1248 2590 dioc.
1266 2565 1312 2597 [de
1327 2573 1389 2590 can.
1407 2566 1474 2591 eccl.
1493 2566 1522 2591 B.
1541 2566 1705 2599 Walburgis
1720 2566 1859 2591 Furnens.
1878 2564 1980 2590 Morin.
1996 2562 2093 2597 dioc.].

567 2613 668 2647 Egidio
682 2612 769 2645 Moysi
785 2612 890 2644 presb..
907 2612 974 2637 alias
989 2612 1065 2637 dicto
1083 2612 1194 2642 Pluma,
1211 2613 1380 2639 Tornaeens
1398 2614 1471 2640 dioc.
1491 2615 1536 2647 [de
1551 2622 1613 2640 can.
1631 2615 1697 2640 0001.
1717 2615 1742 2640 S.
1762 2613 1832 2640 Piati
1848 2613 1967 2645 Siclin.].

567 2662 667 2695 Egidio
682 2661 717 2686 de
731 2661 872 2690 Convino,
889 2661 955 2686 cler.
973 2661 1170 2686 Cameracens.
1189 2662 1284 2687 dioc...

568 2711 664 2737 Guido
678 2710 780 2738 Dones,
797 2709 863 2734 cler.
880 2709 1034 2734 Morinens.
1052 2709 1124 2734 dioc.

565 2759 707 2785 Balduino
722 2757 823 2789 Agni7,
841 2757 933 2790 presb.
949 2758 1119 2783 Tornacens.
1136 2758 1208 2784 dioc.
1227 2759 1272 2791 [de
1287 2767 1349 2785 can.
1367 2761 1434 2786 0001.
1451 2761 1476 2786 S.
1494 2761 1569 2786 Petri
1585 2762 1725 2787 lnsulens.
1743 2761 1818 2787 dicte
1832 2761 1927 2793 dioc.].

568 2809 650 2834 Petro
665 2807 816 2835 Rcrselare,
834 2807 898 2832 cler.
917 2806 1070 2831 Morineus.
1087 2806 1160 2832 dioc.
1181 2807 1225 2841 [(10
1240 2816 1301 2833 can.
1321 2809 1349 2833 B.
1368 2810 1454 2835 Marie
1467 2810 1606 2843 Brugens.
1621 2811 1740 2836 Tornac.
1758 2809 1856 2844 dioc.].

567 2856 693 2882 Johanni
707 2855 785 2884 liert,
800 2855 893 2888 presb.
908 2855 1077 2880 'Fornacens
1095 2855 1168 2881 dioc.
1185 2855 1230 2890 [de
1245 2864 1307 2882 can.
1326 2858 1393 2883 eccl.
1412 2858 1437 2884 S.
1461 2858 1612 2892 Gaugerici
1627 2859 1847 2891 Cameracens.].

568 2905 651 2930 Petro
666 2903 801 2932 Zelisone,
819 2903 885 2929 cler.
903 2902 1056 2928 Morinens.
1071 2903 1144 2929 dioc.

603 2951 642 2974 17.
