2488 3386
444 333 507 364 232
1014 341 1332 362 anni-ULAmUM
1368 339 1557 362 UNtVERS.
1596 338 1725 360 rmus.
2208 323 2305 360 [1377

445 416 629 459 nigrorum
649 415 774 455 edidit,
792 416 885 448 inter
901 415 967 448 alia
985 415 1105 447 statuit
1118 416 1141 454 ¹,
1159 420 1222 448 etc.
1242 415 1364 459 Nuper
1380 420 1496 446 autem
1517 425 1580 457 pro
1598 419 1697 457 parte
1715 411 1837 444 dilecti
1854 411 1918 444 filii
1935 410 2111 444 Johannis
2128 410 2173 442 de
2190 410 2305 450 Atrio,

444 481 607 514 monachi
638 482 733 526 nigri
764 482 972 514 monasterii
1004 482 1117 514 sancti
1148 481 1242 513 Petri
1269 480 1489 520 Gandensis,
1512 479 1599 512 Ord.
1624 479 1658 511 S.
1683 480 1769 511 Ben.
1798 480 1949 511 Tornac.
1980 477 2089 517 dioc„
2117 476 2242 509 bacall.
2271 476 2306 508 in

444 549 612 589 decretis,
646 547 751 581 nobis
781 548 936 580 exhibita
966 548 1090 592 petitio
1119 547 1327 580 continebat
1354 546 1451 591 quod
1481 546 1566 578 licet
1593 545 1677 578 olim
1706 546 1785 590 ipse
1813 545 1856 577 ad
1887 544 2045 577 studium
2077 544 2113 576 in
2141 543 2307 576 facultate

444 627 619 647 canonum
643 626 706 659 per
727 615 907 659 quondam
934 614 1154 647 Johannem²
1184 613 1345 646 abbatem
1378 613 1463 645 dicti
1495 612 1706 645 monasterii
1732 612 1786 655 (ad
1814 624 1919 656 quem
1950 610 2153 656 pertinebat
2178 610 2307 643 electio

445 681 699 713 monachorum
722 681 885 725 ejusdem
908 681 1117 714 monasterii
1138 681 1181 713 ad
1207 680 1390 725 generalia
1413 687 1447 712 et
1467 679 1642 712 solemnia
1669 679 1787 712 studia
1809 678 2067 711 mittendorum
2091 679 2192 722 juxta
2213 677 2304 722 ipsa-

445 760 520 780 rum
543 747 840 780 constitutionum
864 749 1038 791 tenorem)
1056 747 1194 779 electus
1210 747 1253 779 ad
1276 746 1495 779 studendum
1516 746 1553 778 in
1575 746 1667 778 dicta
1689 745 1856 778 facultate
1877 757 2055 778 canonum
2078 751 2113 777 et
2132 744 2175 777 ad
2196 755 2308 788 gene-

445 815 515 846 rale
544 814 701 847 studium
731 814 935 846 Parisiense
962 814 1164 846 destinatus
1191 814 1334 854 suisset,
1356 813 1508 857 ipseque
1532 813 1567 845 in
1588 813 1713 845 eodem
1739 812 1859 845 studio
1887 812 1924 844 in
1951 811 2118 844 facultate
2149 810 2308 856 predicta

445 880 624 914 studendo
647 893 710 925 per
731 880 854 925 plures
875 892 989 913 annos
1016 886 1259 913 commoratus
1280 879 1401 920 fuerit,
1423 886 1457 912 et
1482 879 1518 911 in
1540 892 1582 912 co
1604 879 1861 912 bacallczriatus
1879 878 2035 924 gradum
2059 878 2251 923 receperit,
2274 884 2309 910 et

445 949 479 980 in
502 947 612 980 tercio
628 959 721 980 anno
743 947 890 991 legendi
911 947 946 979 in
969 947 1091 979 eadem
1114 946 1280 979 facultate
1296 947 1370 990 jam
1392 946 1575 978 extiterat:
1596 953 1712 978 tamen
1734 946 1829 978 idem
1850 945 2034 978 „Iohannes
2055 944 2228 983 dubitat,³,
2245 956 2310 990 per

445 1014 613 1047 dilectum
643 1013 753 1046 silium
781 1013 1018 1046 Balduinum⁴
1040 1012 1203 1046 abbatem
1233 1013 1319 1045 dicti
1345 1013 1555 1045 monasterii
1577 1012 1740 1057 ejusdem
1762 1011 1939 1045 Johannis
1960 1012 2205 1044 immediatum
2227 1023 2309 1044 suc-

444 1093 627 1113 cessorem
648 1080 691 1113 ab
713 1080 839 1112 eodem
863 1080 983 1112 studio
1005 1079 1165 1113 revocari
1192 1086 1226 1112 et
1256 1079 1470 1124 pensionem
1499 1078 1569 1111 sibi
1599 1078 1755 1111 debitam
1864 1079 1943 1112 sine
1965 1090 2033 1123 qua
2059 1090 2132 1111 non
2160 1078 2311 1111 haberet

446 1147 489 1179 de
511 1159 581 1191 quo
603 1146 774 1179 lecturam
796 1146 1005 1190 hujusmodi
1027 1146 1079 1178 sic
1100 1146 1278 1190 inceptam
1301 1145 1512 1178 continuare
1534 1158 1572 1178 ac
1594 1145 1804 1178 doctoratus
1820 1145 1970 1190 gradum
1995 1145 2158 1190 recipere
2174 1144 2310 1178 valeret.

446 1215 481 1245 in
502 1213 667 1246 facultate
684 1213 857 1258 predicta,
879 1213 949 1245 sibi
971 1212 1134 1245 subtrahi
1156 1219 1191 1245 et
1210 1212 1372 1245 indebite
1394 1212 1582 1257 denegari,
1600 1212 1763 1257 quamvis
1779 1211 1891 1244 abbas
1913 1212 2076 1256 ejusdem
2099 1212 2310 1245 monasterii

446 1280 605 1312 existens
627 1291 691 1324 pro
713 1286 874 1324 tempore
896 1279 988 1312 duos
1010 1279 1206 1312 monachos
1228 1279 1392 1324 ejusdem
1415 1279 1624 1312 monasterii
1647 1278 1855 1323 aliquandiu
1875 1278 2108 1311 consueverit
2128 1285 2252 1311 tenere
2273 1279 2310 1312 in

446 1347 572 1379 codem
604 1346 724 1379 studio
757 1346 953 1379 Parisiensi
984 1358 1022 1379 ac
1054 1358 1117 1379 eos
1147 1346 1191 1378 de
1222 1346 1437 1379 condecenti
1472 1346 1649 1390 pensione
1679 1347 1779 1390 juxta
1811 1352 1972 1378 tenorem
2008 1345 2308 1378 constitutionum

446 1413 602 1457 ipsarum
630 1413 834 1457 providere,
861 1419 896 1445 et
921 1412 1058 1445 nullum
1086 1413 1193 1446 alium
1221 1412 1356 1445 ibidem
1383 1419 1502 1445 teneat
1527 1413 1571 1445 de
1598 1413 1772 1457 presenti,
1794 1412 1879 1445 licet
1905 1412 2163 1445 monasterium
2189 1412 2309 1458 ipsum

445 1479 612 1524 locuplex
633 1486 668 1512 et
687 1479 898 1524 opulentum
921 1480 1060 1512 existat.
1085 1481 1158 1512 Nos
1179 1480 1291 1525 igitur
1383 1479 1596 1512 discretioni
1613 1486 1733 1512 vestre
1754 1491 1818 1524 per
1838 1478 2036 1524 apostolica
2057 1479 2190 1524 scripta
2210 1491 2309 1512 man—

447 1546 572 1579 damus
594 1546 764 1590 quatinus
784 1558 849 1579 vos
870 1546 926 1579 vel
949 1546 1019 1579 duo
1042 1553 1101 1579 aut
1122 1558 1216 1579 unus
1237 1553 1396 1579 vestrum
1420 1558 1484 1591 per
1505 1558 1569 1579 vos
1591 1546 1647 1579 vet
1668 1546 1774 1579 alium
1798 1558 1863 1579 seu
1884 1546 1989 1587 alios,
2011 1546 2181 1591 quatinus
2202 1546 2233 1579 si
2255 1552 2310 1579 est

447 1613 506 1654 ita,
525 1613 678 1645 eundem
702 1612 916 1646 Balduinum
938 1612 1099 1646 abbatem
1124 1620 1157 1646 et
1179 1613 1332 1646 dilectos
1353 1613 1448 1646 filios
1470 1620 1686 1646 conventum
1709 1613 1872 1658 ejusdem
1896 1613 2107 1646 monasterii
2128 1619 2163 1646 et
2182 1624 2309 1646 omnes

447 1679 537 1712 alios
554 1686 589 1712 et
604 1679 784 1724 singulos,
803 1679 936 1724 quibus
953 1679 1086 1712 solutio
1103 1679 1313 1724 hujusmodi
1335 1680 1550 1724 pensionum
1574 1679 1737 1712 imminet
1755 1679 1932 1721 facienda,
1949 1680 1992 1712 ad
2014 1679 2306 1713 satisfaciendum

448 1746 564 1778 eidem
585 1745 739 1778 Johanni
765 1746 821 1779 vel
849 1747 928 1791 ejus
956 1747 1181 1791 procuratori
1289 1746 1527 1791 compellatis.
1559 1747 1638 1778 Non
1667 1745 1847 1787 obstante,
1873 1752 1936 1780 etc.
1968 1747 2046 1779 Dat.
2077 1747 2188 1779 Rome
2213 1746 2308 1792 apud

449 1813 615 1845 Sanctum
637 1813 779 1845 Petrum
803 1824 887 1844 non.
910 1813 1041 1853 Martii,
1060 1825 1153 1845 anno
1175 1813 1341 1857 septimo.

538 1897 599 1928 Reg.
616 1896 673 1920 Vnt.
687 1898 766 1919 Aven.
785 1896 905 1927 Gregorii
921 1897 962 1925 XI,
979 1897 1029 1920 vol.
1045 1897 1131 1926 XXIX,
1151 1897 1195 1920 sol.
1213 1897 1285 1920 ‘2641’¹

543 1972 562 1995 l.
579 1972 684 1995 Scilicet
698 1972 724 1995 in
740 1972 850 1995 Statutis
863 1980 905 1996 nn.
920 1973 985 2000 1336,
1003 1973 1034 1995 dc
1046 1973 1166 2004 eligendo
1182 1981 1232 1996 uno
1248 1976 1309 2004 apto
1325 1973 1356 1996 de
1376 1973 1494 2004 quolibet.
1512 1973 1642 1996 vicenario
1659 1974 1691 1996 nd
1710 1974 1837 2003 studium,
1852 1978 1876 1997 et
1890 1974 2064 2005 providendo,
2080 1974 2106 1997 in
2121 1974 2260 2002 Char-tul..
2274 1974 2308 2003 ΙΙ,

447 2021 474 2039 11⁰
491 2017 557 2045 1002,
572 2025 598 2047 p.
614 2018 668 2039 [163.
685 2030 711 2034 —
724 2017 746 2039 2.
764 2016 884 2045 Pitthem,
899 2017 1021 2040 abbatom
1034 2017 1066 2040 uh
1082 2026 1124 2041 an.
1142 2018 1210 2041 1337.
1226 2018 1280 2040 Vid.
1298 2018 1369 2042 Gall.
1386 2018 1491 2047 chrisa,
1505 2019 1533 2045 V,
1549 2020 1602 2042 203.
1620 2032 1648 2036 -
1662 2020 1685 2042 3.
1698 2019 1787 2042 Potius
1802 2028 1812 2041 (ι
1832 2019 1905 2042 timet
1918 2028 1941 2042 n.
1954 2033 1984 2036 —
1999 2020 2021 2042 4.
2040 2019 2075 2042 De
2090 2019 2209 2047 Grutere,
2226 2018 2309 2042 ubba-

447 2065 496 2084 tcm
513 2061 545 2083 ab
563 2069 604 2084 un.
622 2061 691 2089 1376,
703 2060 784 2092 April.
803 2062 825 2090 2,
839 2069 897 2083 cum
913 2065 982 2084 esset
996 2062 1070 2092 prius
1087 2062 1253 2093 praepositus
1273 2066 1383 2088 monast,
1402 2063 1473 2093 (ch.
1495 2063 1551 2086 vat.
1569 2063 1648 2094 Grcg.
1668 2064 1708 2091 XI,
1723 2068 1751 2086 11⁰
1766 2064 1819 2090 289,
1835 2065 1852 2087 s.
1868 2065 1916 2093 68).

453 2228 592 2265 1413.
615 2237 792 2263 Deliberatio
813 2238 1010 2264 Universitatis
1026 2239 1119 2264 Paris.
1139 2242 1165 2265 et
1180 2242 1239 2264 nat.
1260 2239 1374 2265 Picard.
1393 2239 1428 2265 de
1444 2239 1652 2266 contributione
1665 2249 1719 2276 pro
1734 2243 1813 2274 sacto
1829 2241 1969 2266 communi
1990 2241 2199 2267 Universitatis.

1711 2324 1783 2353 1377,
1797 2324 1856 2350 Maii
1869 2325 1893 2353 4,
1910 2324 2023 2350 Ρανίσίίε.

536 2403 640 2435 Anno
658 2403 800 2435 Domini
825 2405 920 2444 1377,
943 2404 1000 2436 die
1021 2404 1118 2444 lune,
1137 2406 1156 2437 4
1177 2405 1274 2446 Maii,
1293 2406 1579 2450 congregatione
1600 2406 1780 2440 celebrata
1801 2407 1896 2452 apud
1918 2408 1952 2440 S.
1972 2407 2190 2440 Maturinum
2208 2418 2308 2439 more

448 2469 567 2510 solito,
591 2481 654 2514 per
679 2471 875 2502 rectorem¹
898 2471 965 2503 fuit
985 2471 1140 2515 positum
1164 2471 1200 2504 in
1222 2471 1485 2505 deliberatione
1508 2473 1605 2517 quod
1632 2485 1697 2518 pro
1718 2474 1811 2506 facto
1832 2474 2015 2506 communi
2038 2473 2307 2514 Universitatis,

448 2535 616 2568 videlicet
641 2548 704 2580 pro
732 2536 918 2578 advocato,
941 2545 1174 2582 procuratore
1203 2545 1238 2571 et
1263 2538 1342 2571 aliis
1373 2539 1409 2571 in
1436 2539 1548 2581 curia,
1571 2540 1733 2584 quelibet
1754 2541 1849 2573 natio
1871 2541 1973 2573 daret
1999 2541 2124 2573 decem
2149 2540 2305 2573 francos.

447 2602 552 2644 Quod
581 2602 645 2634 suit
674 2615 888 2635 concessum
917 2604 1158 2637 concorditer.
1191 2606 1383 2638 Presentes
1410 2613 1511 2638 erant
1540 2607 1704 2651 magistri
1730 2607 1939 2648 Jo[hannes]
1965 2607 2009 2640 de
2035 2607 2143 2648 Beka,
2170 2606 2306 2639 locum-

448 2675 574 2701 tenens
608 2670 885 2713 procuratoris2,
916 2670 1094 2711 Ja[cobus]
1125 2672 1168 2704 de
1201 2673 1317 2713 Serra,
1348 2672 1556 2713 Jo[hannes]
1589 2673 1632 2706 de
1663 2674 1793 2719 Augia,
1825 2674 2005 2707 Alnoldns
2036 2674 2080 2707 de
2115 2673 2306 2715 Emelisse,

446 2734 653 2775 Jo[hannes]
675 2735 718 2768 dc
740 2735 922 2780 Chyniaco
944 2743 978 2769 et
998 2737 1120 2781 plures
1142 2738 1213 2770 alii.

539 2819 607 2842 Bihl.
623 2823 676 2843 nat.
692 2820 775 2842 Puris.
793 2828 841 2843 ms.
858 2821 903 2843 tat.
919 2821 994 2843 12847
1011 2823 1167 2853 (apograph.
1182 2825 1254 2852 νεα),
1270 2824 1313 2846 sol.
1329 2824 1386 2852 40't;
1404 2825 1488 2853 1:3849,
1506 2825 1549 2847 tot.
1569 2827 1606 2848 ⁸2.

539 2890 560 2913 1.
579 2891 723 2913 Hcrvueum
741 2891 846 2914 Sulven.
864 2905 891 2908 -
910 2892 931 2914 2,
951 2892 1009 2914 Nat.
1022 2892 1200 2916 Picardorum.
