2488 3386
172 328 267 365 1358]
590 341 636 362 ΑΒ
671 340 778 362 111Νο
813 340 945 362 mecm,
978 341 1109 369 USQUE
1141 342 1189 363 An
1226 343 1489 365 BENEnicrnM
1523 346 1613 367 xm.
1992 340 2033 371 59

170 415 343 456 notarius,
367 414 450 447 dum
474 414 592 446 omnia
614 420 648 446 et
673 413 819 458 singula
845 414 1090 458 suprascripta
1113 414 1240 447 fierent
1270 422 1303 448 et
1331 416 1597 458 ordinarentur,
1622 431 1773 463 presens
1799 420 1847 452 sui
1875 421 2031 466 indeque

169 493 322 527 presens
344 480 527 526 publicum
549 480 830 512 instrumentum
852 479 888 511 in
905 480 1054 512 formam
1078 480 1257 524 publicam
1281 482 1418 526 redegi.
1442 483 1612 516 Pluribus
1634 491 1749 517 autem
1772 485 1852 518 aliis
1874 488 2031 531 negotiis

169 548 381 593 prepeditus
402 558 466 592 per
485 546 592 579 alium
615 545 726 579 scribi
747 546 871 578 feci....

261 645 383 671 Bulaeus.
397 645 438 673 IV,
455 646 509 674 346,
521 652 534 667 e
549 644 634 668 Libro
649 644 803 668 Pie-ardiae
817 643 950 668 nationis.
969 645 996 666 In
1009 652 1056 667 ms.
1074 653 1152 667 nouv.
1167 645 1268 676 acquis.
1284 646 1328 669 lat.
1347 647 1399 674 535,
1419 647 1462 670 fol.
1480 647 1533 674 151,
1551 647 1618 670 Bibl.
1636 650 1689 670 nnt.
1706 648 1960 679 Paris.,Regist1·uin
1977 654 2028 673 nat.

167 689 268 721 Aug-lic.
292 689 447 716 continente,
471 692 555 712 exstat
575 697 586 711 (1
609 691 861 719 uppunctumentum
886 688 1024 711 divisionis
1044 689 1240 719 provinciarum
1261 693 1285 712 ct
1303 690 1419 713 locorum
1440 690 1552 713 nationis
1578 691 1695 714 Picardie
1711 695 1735 714 et
1751 693 1918 723 Anglicoruin
1934 702 1955 722 1),
1973 694 1988 717 1.
2009 703 2030 718 e.

167 733 339 757 Concordatio
354 733 422 756 inter
437 733 520 756 dietas
536 733 664 758 nationes.
681 733 712 755 de
724 741 774 763 quo
791 732 816 755 in
833 733 970 756 Auctario
989 733 1169 757 chartularii
1189 734 1311 758 Univers.
1328 734 1431 763 Paris„
1450 734 1470 763 Ι,
1487 735 1518 757 ad
1533 743 1576 758 an.
1592 735 1661 764 1358,
1676 736 1739 758 Julii
1755 737 1792 760 12.

259 817 282 840 1.
298 817 356 840 Bul.
375 824 380 839 :
398 825 409 839 «
426 816 468 840 die
489 817 517 840 18
536 817 609 845 Julii,
631 817 721 840 indict.
739 818 761 840 11
784 825 805 840 ».
828 830 854 834 -
878 817 900 839 2.
923 817 982 839 Bul.
999 825 1004 839 :
1023 825 1034 839 «
1051 817 1204 848 aggregatis
1221 826 1242 840 n.
1259 831 1287 835 —
1311 819 1333 840 3.
1352 818 1387 841 De
1403 827 1454 849 qua
1469 819 1513 841 lite
1529 819 1581 842 vid.
1604 820 1628 842 in
1645 821 1790 847 Auctario,
1811 821 1868 845 Lib.
1882 827 2030 851 procurat.

165 865 225 886 ‘nat-
241 861 353 891 Anylic.
370 861 402 884 ad
422 869 464 884 an.
485 861 555 887 1356,
582 862 650 884 1357.
672 874 702 878 —
725 862 748 884 4.
766 861 823 884 Bul.
842 869 847 884 ¹.
868 869 879 883 «
897 861 1021 884 dederent
1037 869 1057 883 n.
1074 875 1104 878 —
1119 863 1141 884 5.
1158 862 1187 884 In
1204 870 1251 885 1115.
1276 862 1343 885 Bibl.
1360 866 1413 886 nat.
1431 871 1436 886 ·.
1455 872 1465 886 (1
1483 864 1571 886 Lunne
1588 873 1609 887 1).
1628 878 1654 881 -
1671 866 1694 887 6.
1711 865 1767 887 Bul.
1787 873 1791 887 2
1808 874 1818 887 «
1835 866 1947 888 Williem
1963 875 1984 889 ».
2000 880 2031 884 —

165 906 188 929 7.
201 906 258 928 Bul.
276 913 282 928 :
301 914 312 928 «
328 905 462 929 evidenter
473 914 494 928 ».
509 919 535 922 —
549 907 572 928 8.
589 905 647 928 Bul.
664 914 668 928 ·,
687 915 698 928 a
714 909 739 928 et.
755 915 776 928 ».
795 919 825 922 ——
838 907 860 928 9.
878 906 897 928 1.
913 913 936 928 e.
950 906 1105 936 Ingeranno.
1119 919 1151 922 —-
1166 906 1203 930 10.
1221 906 1288 929 Bull.
1308 914 1314 929 2
1332 916 1342 929 (ι
1360 907 1484 930 Correllis
1499 916 1519 930 ».
1539 922 1565 925 —
1583 909 1620 932 11.
1638 909 1672 931 De
1687 909 1745 940 ipsu
1761 913 1785 932 et
1800 910 1957 940 quibusdum
1972 910 2031 933 aliis

166 949 219 973 vid.
236 950 371 978 Chartul„
388 950 420 973 ΙΙ.

170 1080 311 1118 1241.
338 1090 487 1124 Gregorius
502 1089 718 1123 Ar·iminensis⁴,
735 1090 816 1126 prior
831 1089 976 1124 generalis
994 1089 1058 1116 ord.
1078 1091 1170 1116 Erem.
1190 1092 1216 1116 S.
1235 1092 1318 1125 Aug„
1337 1091 1377 1116 ad
1395 1094 1504 1125 fratres
1523 1092 1587 1118 ord.
1607 1097 1756 1119 conventus
1774 1095 1877 1128 Paris„
1898 1094 1933 1120 de
1953 1096 2029 1120 inor·-

253 1138 356 1164 dinata
368 1139 546 1174 promotione
561 1138 704 1165 lectorum.

1443 1177 1518 1206 1358,
1534 1177 1642 1210 Augusti
1656 1178 1690 1204 13.

253 1257 369 1290 Priori
397 1264 431 1290 et
458 1258 642 1302 magistris
671 1270 710 1290 ac
740 1257 911 1290 fratribus
943 1258 1124 1291 universis
1154 1266 1356 1291 conventus
1385 1260 1579 1292 parisiens.
1690 1262 1787 1294 Sicut
1809 1263 2029 1306 experientia

162 1323 245 1356 facti
266 1324 509 1369 percepimus,
532 1324 644 1357 nichil
665 1325 716 1357 sic
738 1324 868 1357 Ordini
894 1324 1002 1357 officit
1030 1324 1207 1369 prelibato
1238 1326 1332 1358 sicut
1361 1326 1562 1359 inordinata
1595 1328 1774 1371 promotio
1805 1329 2027 1361 studentium

164 1390 421 1423 Parisiensium
452 1402 673 1436 prepropera
701 1391 850 1423 nimium
882 1398 917 1423 et
944 1391 1087 1432 festina,
1119 1391 1155 1423 in
1186 1404 1339 1436 quorum
1368 1393 1599 1425 multitudine
1630 1406 1821 1427 numerosa
1853 1395 2028 1439 plurimos

164 1457 365 1501 reperimus
386 1457 423 1489 in
443 1457 592 1490 lectoris
618 1457 696 1490 solo
724 1458 869 1490 nomine
891 1457 1054 1503 gloriari⁷
1084 1464 1118 1490 et
1143 1457 1210 1490 hoc
1239 1459 1320 1502 quia
1348 1465 1428 1491 ante
1456 1460 1606 1504 cupiunt
1636 1460 1790 1493 lectores
1817 1461 1900 1502 dici,
1923 1474 2027 1506 quam

164 1522 250 1555 boni
273 1523 432 1556 scolares
460 1523 598 1556 haberi.
626 1525 779 1568 Propter
807 1536 912 1568 quem
941 1524 1094 1556 abusum
1117 1531 1251 1557 tantum
1275 1531 1309 1557 et
1330 1524 1435 1557 talem
1458 1525 1493 1557 in
1515 1525 1714 1558 lectoribus
1735 1527 1887 1571 ydoneis
1909 1528 2028 1561 desec-

164 1596 235 1622 tum
258 1589 488 1622 habemus...
512 1591 687 1633 Quocirca
710 1591 899 1635 cupientes
922 1597 988 1623 tam
1012 1591 1184 1635 pestifero
1207 1590 1352 1623 obviare
1379 1591 1520 1636 langori
1543 1598 1575 1624 01
1598 1599 1694 1624 tanto
1716 1593 1864 1625 Ordinis
1886 1594 2028 1639 dispen-

163 1655 222 1688 dio
253 1656 459 1701 providere,
479 1656 584 1690 vobis
612 1663 739 1689 tenore
770 1657 993 1702 presentium
1020 1657 1171 1689 facimus
1202 1658 1430 1690 manifestum
1462 1659 1559 1702 quod
1594 1671 1673 1691 eum
1705 1659 1825 1704 aliquo
1859 1661 2026 1694 studente

162 1722 321 1755 Parisius
349 1730 430 1756 ante
455 1723 672 1768 completum
703 1724 911 1760 triennium,
938 1725 1039 1768 juxta
1064 1725 1213 1758 sormam
1240 1724 1463 1757 additionum
1487 1732 1704 1765 nostrarum,
1734 1738 1844 1768 super
1865 1726 1931 1759 1100
1954 1740 2025 1760 11011

161 1789 383 1822 intendimus
418 1789 644 1834 dispensare,
677 1802 741 1822 nec
773 1791 889 1822 facere
920 1790 1018 1834 quod
1048 1791 1205 1826 odimus,
1235 1803 1301 1823 nec
1332 1791 1429 1836 quod
1460 1791 1695 1836 dampnamus
1726 1792 1889 1832 velle....,
1921 1801 1958 1826 ut
1988 1795 2024 1826 in

161 1855 256 1888 dicto
278 1856 398 1888 studio
420 1856 583 1901 expediri
606 1857 720 1901 possit
747 1868 811 1889 seu
832 1863 934 1889 antea
956 1858 1162 1901 promoveri
1190 1864 1250 1890 aut
1274 1857 1452 1890 licentiari
1480 1858 1523 1890 ad
1550 1858 1705 1891 officium
1732 1859 1893 1891 lectorie.
1922 1861 2023 1893 Unde

160 1921 229 1954 sibi
264 1929 413 1955 caveant
448 1923 559 1967 prior7
591 1923 754 1967 magistri
785 1930 818 1955 et
847 1923 979 1967 reliqui
1010 1930 1129 1968 patres
1157 1930 1359 1956 conventus
1390 1925 1552 1968 ejusdem
1590 1937 1656 1957 nos
1689 1925 1856 1958 decctero
1890 1926 1933 1958 de
1965 1926 2023 1959 tali

159 1999 309 2033 gravare
339 1989 498 2029 materia⁷
531 1989 613 2033 quia
641 1989 723 2021 talia
754 1990 938 2033 rogamina
962 1990 1200 2034 proponimus
1227 1990 1434 2022 nullatcnus
1463 1991 1690 2023 exaudire...
1714 1992 1818 2034 Quod
1845 1999 1960 2024 autem
1988 1993 2023 2025 in

158 2059 290 2091 vestris
323 2059 454 2092 litteris
484 2059 718 2104 supplicastis
745 2072 809 2104 per
841 2072 909 2092 nos
935 2060 1070 2092 debere
1097 2061 1265 2093 decetero
1296 2061 1475 2093 moderari
1502 2061 1768 2094 multitudinem
1801 2063 2022 2095 studentium

158 2125 431 2166 Parisiensium,
450 2125 494 2158 de
516 2132 637 2158 nostra
659 2126 772 2170 gratia
794 2126 942 2170 speciali
963 2133 1103 2171 gratum
1126 2126 1301 2159 habentes
1323 2139 1388 2171 pro
1410 2134 1534 2159 nostro
1557 2139 1665 2172 posse
1687 2128 1893 2161 curabimus
1915 2129 2021 2161 adim-

158 2190 271 2235 plere7
293 2198 327 2224 et
353 2191 488 2224 dietum
510 2198 727 2224 conventum
754 2192 863 2224 nimis
889 2192 1122 2225 studentibus
1148 2205 1220 2225 non
1242 2205 1403 2237 gravare.
1426 2195 1561 2226 Verum
1584 2194 1666 2238 quia
1688 2194 1892 2227 invenimus
1913 2207 2021 2227 vene-

158 2256 305 2289 rabilem
323 2257 438 2290 virum
456 2258 601 2290 fratrem
618 2258 809 2291 Thomam²
828 2258 913 2291 olim
931 2259 1229 2303 predecessorem
1247 2266 1411 2291 nostrum
1429 2260 1465 2291 in
1482 2266 1662 2292 conventu
1681 2261 1851 2293 statuisse
1870 2262 2018 2305 prefato7

157 2323 253 2367 quod
276 2323 431 2368 quilibet.
450 2325 706 2369 magistrorum
729 2337 809 2357 cum
841 2324 985 2357 duobus
1007 2325 1129 2365 500115,
1158 2325 1383 2357 bachalarius
1409 2332 1526 2357 autem
1555 2333 1634 2358 actu
1660 2326 1788 2371 legens
1810 2334 1842 2359 et
1864 2327 2019 2360 biblicus

157 2389 193 2421 in
215 2389 291 2422 51115
308 2390 472 2431 cameris,
492 2390 676 2435 dispensis
696 2403 759 2423 seu
778 2390 893 2430 cellis,
913 2391 1165 2438 quilibet-cum
1189 2403 1259 2423 uno
1282 2391 1381 2423 socio
1400 2398 1533 2423 tantum
1552 2392 1743 2425 comedere
1761 2393 1831 2425 sint
1846 2394 2018 2430 0011101111,

157 2455 238 2488 ideo
265 2456 397 2488 dictum
427 2463 597 2489 statutum
620 2464 785 2501 tanquam
818 2457 1029 2490 rationabile
1059 2464 1164 2502 atque
1195 2464 1318 2490 nostre
1344 2469 1545 2502 congruum
1568 2458 1746 2491 honestati
1776 2459 2018 2497 decernimus,

155 2522 225 2554 vim
240 2521 373 2555 habere
395 2530 569 2568 perpetue
591 2523 770 2556 firmitatis
792 2530 825 2556 et
847 2531 972 2556 tenore
995 2524 1217 2568 presentium
1240 2524 1455 2556 innovamus

247 2619 314 2650 Req.
337 2619 467 2649 Greyorii
488 2620 609 2644 Arimin.
632 2625 658 2644 et
681 2621 817 2645 Matthaei
834 2621 929 2645 Asczcl.
947 2621 979 2643 ad
996 2621 1133 2651 Augustin.
1151 2621 1283 2652 pertinens
1301 2634 1329 2638 —
1348 2621 1396 2643 Dd.
1413 2621 1433 2643 1.
1450 2635 1480 2638 -—
1503 2622 1580 2649 (saec.
1598 2623 1661 2650 ΧΠ),
1678 2630 1704 2652 p.
1726 2623 1763 2648 89,
1783 2631 1824 2644 an.
1849 2623 2015 2653 MCCClviij,

154 2663 250 2686 mensis
274 2664 384 2694 Augusti
407 2665 444 2687 13.
466 2665 561 2695 Incipit
581 2673 585 2687 z
609 2674 618 2686 (ι
642 2665 803 2696 Scripsimus
829 2674 906 2688 unam
929 2665 1043 2688 litteram
1066 2665 1188 2696 priori....
1206 2665 1343 2693 Pnrisien„
1360 2665 1384 2687 in
1404 2673 1454 2696 qua
1470 2665 1537 2687 inter
1552 2668 1637 2688 cetera
1653 2666 1690 2688 sic
1709 2666 1819 2688 habetur
1843 2675 1863 2689 ι’.
1881 2667 1907 2689 111
1924 2667 2015 2689 iisdem

153 2707 247 2730 litteris
260 2708 333 2738 prior
350 2709 481 2739 generalis
502 2709 645 2740 Gregorius
663 2711 756 2732 fratres
779 2710 939 2732 Bencnutum
960 2710 991 2732 de
1010 2710 1145 2732 Catalonin
1163 2713 1187 2732 et
1204 2709 1370 2732 From-iseum
1388 2710 1418 2731 (le
1441 2709 1578 2737 Florentia,
1596 2709 1620 2731 in
1638 2718 1711 2732 sacra
1727 2710 1824 2740 pagina
1841 2711 2015 2735 bum-alarcos.

154 2754 182 2774 ut
203 2751 351 2775 visitatores
371 2756 513 2776 conventus
536 2753 618 2776 Paris.
636 2753 772 2784 deputavit
798 2768 826 2771 —
842 2754 918 2782 lbid.‚
938 2763 964 2784 p.
981 2755 1034 2781 329,
1054 2754 1199 2784 exscriptae
1220 2756 1280 2776 sunt
1301 2753 1478 2776 ordinationes
1495 2757 1519 2775 ct
1534 2753 1680 2776 additiones
1698 2754 1811 2784 ejusdem
1829 2754 1924 2784 prioris
1938 2763 2013 2784 geue-

153 2795 226 2824 ralis‚
244 2796 326 2819 factae
341 2796 367 2819 in
382 2800 511 2820 conventu
526 2797 698 2820 Avenionensi
717 2806 758 2822 1111.
775 2799 843 2825 1357,
856 2798 881 2820 in
896 2798 991 2829 quibus
1008 2799 1089 2820 inulta
1105 2799 1136 2820 de
1152 2798 1286 2828 magistris
1298 2801 1323 2820 et
1338 2797 1498 2820 hacealnreis
1514 2797 1629 2820 Ordinis.

247 2879 269 2902 1.
283 2879 318 2902 De
336 2879 394 2910 ipso
412 2880 551 2906 chartul..
569 2881 601 2909 ΙΙ,
614 2885 642 2903 n⁰
657 2881 726 2903 1097.
742 2895 766 2898 -—
785 2882 807 2904 ἱ).
822 2881 857 2903 De
872 2881 1023 2911 Argentina.
1038 2881 1094 2905 Vid.
1114 2881 1252 2909 chartul„
1269 2881 1301 2907 ll,
1320 2884 1348 2902 n⁰
1363 2880 1432 2902 1113.
