2488 3386
418 343 481 375 544
994 346 1311 370 cuAnTULARtUM
1344 346 1535 368 niuvmxs.
1573 345 1702 367 rmus.
2180 330 2276 366 [1391

412 426 536 470 judice
558 425 602 457 de
620 425 718 456 leurs
740 424 795 456 diz
817 422 1028 468 privileges,
1052 421 1140 454 maiz
1162 420 1318 453 d’iceulx
1338 419 1392 452 les
1413 420 1531 452 facent
1553 426 1587 452 et
1607 419 1759 451 laissent
1775 418 1849 462 joir
1870 424 1903 450 et
1924 429 2010 450 user
2026 416 2281 462 paisiblement

418 504 501 525 sanz
531 491 711 524 contredit
740 502 784 522 ou
815 489 1109 534 empeschement
1140 499 1268 520 aucun.
1298 488 1341 519 Et
1368 498 1406 519 se
1435 498 1552 519 aucun
1582 486 1678 518 avoit
1699 489 1776 518 este
1798 483 2006 529 empeschie
2032 495 2078 516 ou
2100 495 2167 516 son
2192 490 2280 516 tem-

418 558 519 603 porel
540 558 641 602 prins
663 569 708 590 ou
730 568 790 589 ses
811 556 900 589 amis
922 555 1176 600 emprisonnez
1197 553 1433 586 indeuement
1453 564 1545 598 pour
1564 552 1596 585 la
1618 563 1725 585 cause
1748 539 1880 584 dessus
1901 551 2009 590 dicte,
2029 550 2059 583 si
2079 550 2183 582 faites
2204 556 2282 582 tout

418 631 546 658 mettre
572 626 590 657 ὲ
616 623 734 669 plaine
761 623 967 656 delivrance
994 633 1057 666 par
1086 620 1156 653 tole
1186 620 1345 652 maniere
1373 631 1443 664 que
1474 626 1598 652 nostre
1627 619 1720 651 dicte
1748 618 1821 651 fille
1848 618 1933 650 n'ait
1960 617 2042 662 plus
2065 629 2173 649 cause
2199 617 2281 650 d’en

420 698 610 724 retourner
630 690 801 735 plaintive
822 689 1019 734 pardevers
1040 699 1145 720 nous.
1165 687 1234 720 Car
1255 686 1347 719 ainsi
1368 698 1461 719 nous
1483 685 1636 731 plaisir-il
1657 692 1754 718 estre
1774 685 1836 718 fait
1857 684 1900 717 de
1917 695 2024 729 grace
2041 683 2199 728 especial
2220 695 2282 728 par

419 770 479 790 ces
501 763 706 803 presentes,
733 755 953 788 nonobstant
979 754 1218 793 ordenances,
1246 752 1483 785 mandemens
1511 764 1557 785 ou
1582 752 1753 785 defenses
1775 763 1844 797 que
1866 751 1936 784 l’en
1963 751 2015 783 dit
2039 762 2103 783 sur
2122 762 2162 783 ce
2183 750 2283 783 avoir

420 828 496 857 este
517 824 643 856 faictes
665 835 727 868 par
753 834 844 855 vous
871 834 915 854 en
941 828 1066 854 nostre
1092 819 1301 864 eschiquier
1327 819 1475 851 dernier
1495 825 1578 851 tenu
1603 825 1638 851 et
1657 825 1779 851 autres
1800 817 2051 863 quelconques
2071 817 2176 849 saites
2197 828 2242 849 ou
2265 818 2283 849 ii

419 891 508 923 faire
529 903 572 923 au
594 889 787 922 contraire.
811 890 940 921 Donne
962 890 979 920 ἐι
999 887 1099 920 Paris
1120 886 1153 918 le
1175 887 1270 930 xxvje
1286 886 1372 930 jour
1394 885 1545 925 d'AvriL
1569 885 1638 918 l'an
1660 885 1705 918 de
1726 897 1834 929 grace
1855 884 1918 917 mil
1939 884 2028 918 CCC
2051 885 2144 916 1111¹¹
2164 890 2196 916 et
2218 884 2280 924 XI,

419 963 454 989 et
474 957 518 989 de
535 963 659 989 nostre
681 959 792 1000 regne
809 955 842 987 le
864 955 1060 987 onziesme.

507 1024 585 1056 Par
600 1022 630 1055 le
647 1033 714 1067 roy
729 1023 749 1055 ὰ
766 1021 800 1054 la
817 1021 973 1054 relacion
988 1019 1035 1053 du
1050 1019 1194 1061 conseil,
1732 1018 1902 1050 Cumu’rli.

512 1120 646 1150 Originale
666 1119 691 1141 in
710 1119 787 1142 Arch.
806 1122 859 1141 nat.
877 1118 960 1141 Pnris.
976 1118 1009 1141 M.
1027 1118 1083 1146 66¹³,
1100 1122 1128 1140 n⁰
1144 1118 1181 1140 27.
1199 1117 1349 1140 Pertinebat
1364 1117 1396 1139 ud
1413 1116 1490 1139 Areh.
1507 1116 1584 1139 Univ.
1602 1116 1640 1145 (Α.
1656 1116 1679 1139 6.
1694 1117 1726 1145 r).
1742 1129 1772 1133 -—
1794 1115 1822 1138 ln
1841 1116 1905 1139 Rec.
1921 1116 1967 1139 des
1986 1114 2084 1144 privil.
2101 1115 2133 1137 de
2146 1113 2285 1138 l'Univer-

417 1164 470 1189 site'
483 1166 513 1188 de
529 1164 620 1192 Paris,
640 1172 665 1194 p.
683 1164 721 1192 12,
738 1163 816 1186 breve
832 1163 1015 1185 summarium.
1031 1176 1062 1179 —
1077 1162 1110 1185 Ut
1125 1170 1138 1184 e
1154 1166 1182 1184 n⁰
1196 1162 1256 1185 1598
1275 1164 1396 1192 apparet,
1413 1160 1552 1192 supposita
1568 1160 1756 1183 Universitatis
1779 1159 1950 1182 nihilominus
1966 1159 1992 1182 in
2014 1158 2175 1181 Nat-mannia
2192 1161 2284 1181 vexata

419 1211 488 1231 sunt.

423 1307 562 1344 1594.
589 1316 792 1341 Ordinationes
811 1314 937 1351 Capituli
951 1314 1097 1349 generalis
1116 1314 1181 1340 Ord.
1202 1314 1305 1340 praed.
1323 1315 1544 1349 Assignationes
1560 1313 1795 1340 [saecularem-um
1810 1323 1862 1349 pro
1878 1313 1974 1339 studio
1987 1314 2083 1340 Paris.

1506 1398 1578 1427 1391,
1594 1397 1663 1423 circa
1677 1397 1739 1422 Maii
1752 1397 1788 1426 14.
1803 1397 2035 1429 caesaraugustae.

510 1482 780 1527 Significamus¹
803 1481 976 1514 fratribus
1005 1481 1200 1521 universis,
1224 1481 1322 1525 quod
1345 1493 1418 1514 rev.
1442 1487 1543 1526 pater
1568 1481 1678 1513 frater
1700 1481 1848 1513 Petrus²
1875 1480 1974 1525 prior
1996 1479 2229 1525 provincialis
2249 1479 2286 1512 in

421 1549 605 1594 provincia
626 1549 808 1594 Aragonie
829 1549 952 1593 (prout
971 1548 1128 1581 vicarius
1150 1548 1237 1580 Ord.
1266 1547 1462 1593 generalis)
1484 1559 1600 1592 nuper
1621 1547 1657 1579 in
1679 1547 1777 1580 curia
1800 1548 1900 1580 Rom.
1923 1547 2084 1580 existens
2104 1546 2288 1579 concessit

422 1615 659 1648 serenissimo
691 1615 845 1659 principi
873 1615 1020 1647 domino
1049 1614 1132 1647 duci
1160 1615 1346 1655 Bituric.³7
1370 1614 1487 1647 nostri
1514 1613 1687 1647 desolati‘
1710 1613 1860 1646 Ordinis
1888 1613 2182 1658 singularissimo
2204 1624 2287 1658 pro-

422 1682 561 1723 tectori,
585 1682 681 1726 quod
703 1681 856 1726 quilibet
876 1688 1078 1714 conventus
1100 1681 1250 1717 Ordinis
1271 1693 1387 1726 usque
1409 1681 1453 1714 ad
1470 1693 1601 1714 annum
1620 1681 1805 1713 ordinaret
1826 1693 1934 1713 unum
1957 1681 2116 1721 fratrem,
2139 1680 2200 1725 qui
2222 1691 2286 1725 pro

422 1761 465 1782 eo
489 1748 646 1793 singulis
665 1748 795 1781 diebus
813 1749 958 1781 missam
982 1748 1166 1781 tenebitur
1187 1748 1430 1781 celebrare...

1118 1846 1191 1879 Iste
1209 1851 1291 1879 sunt
1310 1846 1587 1891 assignaciones.

510 1935 753 1980 Assignamus
782 1935 825 1967 ad
855 1935 1051 1980 legendum
1079 1935 1291 1968 Sentencias
1323 1935 1484 1968 Parisius
1515 1947 1580 1979 pro
1612 1946 1706 1967 anno
1737 1935 1899 1980 presenti
1924 1935 2069 1967 fratrem
2099 1933 2288 1967 Albertum

424 2001 571 2034 Roberti
593 2001 637 2034 de
663 2002 847 2046 provincia
875 2002 1036 2042 Francie,
1060 2002 1118 2034 cui
1144 2001 1402 2034 substituimus
1429 2002 1575 2034 fratrem
1602 2001 1802 2034 Johannem
1831 2001 2004 2046 Stephani
2034 2001 2078 2034 de
2105 2001 2290 2046 provincia
2334 1990 2337 1991 ⁷

423 2068 561 2109 eadem,
584 2068 620 2100 in
643 2080 728 2101 casu
750 2080 821 2112 quo
844 2068 977 2101 dictum
999 2069 1144 2101 fratrem
1166 2067 1356 2100 Albertum
1379 2068 1611 2113 contingeret
1631 2068 1831 2113 impediri‘.
1855 2070 1923 2100 Pro
1947 2068 2063 2113 primo
2088 2079 2175 2102 vero
2196 2079 2290 2101 anno

424 2135 604 2168 extraneis
635 2135 772 2176 debito,
804 2135 1034 2180 assignamus
1064 2135 1200 2167 ibidem
1228 2135 1271 2167 ad
1298 2134 1496 2180 legendum
1529 2135 1746 2177 Sententias‚
1778 2142 1949 2180 quantum
1977 2142 2100 2168 nostra
2125 2135 2290 2177 interest,

424 2202 570 2234 fratrem
593 2201 791 2234 „Iohannem
815 2202 948 2234 Poleti⁶
971 2202 1016 2234 de
1041 2202 1226 2247 provincia
1249 2202 1411 2242 Francie⁷
1442 2214 1507 2247 pro
1532 2202 1695 2235 secundo
1717 2214 1811 2235 anno
1841 2202 2022 2235 extraneis
2048 2201 2170 2235 debito
2201 2202 2292 2235 assi-

424 2280 577 2312 gnamus
603 2268 737 2300 ibidem
774 2268 818 2301 ad
854 2268 1051 2313 legendum
1082 2269 1308 2308 Sentencffls,
1335 2275 1508 2313 quantum
1541 2275 1664 2302 nostra
1695 2269 1859 2309 interest,
1888 2269 2034 2301 fratrem
2067 2268 2289 2301 Anthonium

427 2334 642 2367 Genebreda
665 2335 708 2367 de
726 2335 911 2379 provincia
932 2335 1129 2380 Aragonie.

516 2401 570 2432 Ad
585 2400 782 2445 legendum
799 2401 951 2434 Bibliam
970 2401 1104 2434 ibidem
1124 2402 1379 2447 [assignamus]
1397 2403 1439 2434 sr.
1459 2403 1603 2434 Petrum
1623 2402 1667 2435 de
1684 2402 1886 2447 Marologio
1904 2402 1948 2434 de
1966 2414 2065 2446 prov.
2086 2402 2290 2435 Francie...⁷

519 2499 675 2529 Fragmeuta
701 2499 783 2530 Capp.
805 2508 892 2529 gener.
916 2500 978 2523 Ord.
996 2501 1089 2524 Praed.
1109 2509 1122 2523 e
1138 2501 1195 2524 cod.
1216 2501 1361 2524 Barcinone
1381 2503 1536 2524 conservato
1558 2500 1706 2531 desumpta.
1727 2513 1751 2516 —
1769 2500 1797 2522 ln
1815 2499 1862 2522 hoc
1882 2499 2002 2530 Capitulo
2019 2499 2142 2522 Nicolaus
2158 2499 2190 2522 de
2205 2499 2292 2529 Troia,

427 2542 484 2566 Elia
500 2543 645 2573 Raymundi
664 2543 793 2566 Tolosam)
807 2552 848 2567 an.
868 2545 929 2567 1389
942 2545 1074 2572 defuneto,
1091 2545 1117 2567 in
1131 2545 1289 2576 magistrum
1305 2546 1455 2576 generalem
1470 2553 1518 2576 pro
1534 2544 1678 2568 ditionibus
1695 2544 1821 2567 Clementi
1837 2544 1882 2566 Vll
1898 2543 2023 2574 subjectis
2041 2544 2139 2567 electus
2150 2547 2199 2567 est.

519 2627 542 2650 1.
563 2627 642 2649 Antea
665 2627 848 2649 exscribuntur
870 2628 1048 2651 ordinationes
1065 2637 1112 2659 pro
1129 2629 1224 2652 studiis
1243 2629 1412 2660 generalibus
1434 2629 1549 2657 Ordinis,
1575 2637 1586 2651 «
1603 2629 1709 2659 dempto
1731 2631 1859 2650 conventu
1877 2627 2019 2650 parisiensi
2039 2636 2061 2656 1),
2079 2628 2110 2651 de
2123 2627 2293 2656 lectionibus;

426 2671 581 2702 prohibetur
599 2679 629 2693 nc
645 2671 703 2701 quis
720 2671 826 2694 studens
846 2680 856 2693 (x
873 2680 921 2702 pro
943 2681 989 2694 suo
1005 2672 1109 2704 hejauio
1124 2681 1134 2695 »
1151 2674 1282 2704 expendat
1300 2674 1371 2696 ultra
1392 2682 1474 2696 unum
1492 2674 1626 2701 francum;
1643 2681 1691 2703 pro
1707 2680 1827 2695 sermone
1843 2672 1875 2694 ad
1891 2672 1990 2695 clerum
2006 2672 2110 2695 nonnisi
2126 2672 2250 2696 medium.
2265 2685 2295 2690 —-

426 2716 448 2738 2.
463 2716 509 2738 Ms.
527 2723 532 2738 :
547 2724 558 2737 «
575 2715 648 2745 prius
661 2715 766 2738 ».Pri0r
778 2716 948 2746 provincialis
965 2720 989 2739 et
1008 2717 1121 2740 vicarius
1138 2717 1244 2741 Ordinis
1261 2721 1317 2741 erut
1330 2718 1422 2741 Petrus
1439 2717 1596 2748 Corregerii,
1614 2725 1683 2747 mag.
1699 2717 1725 2739 in
1741 2716 1820 2739 theol.
1835 2731 1861 2734 —
1872 2717 1894 2739 3.
1912 2717 1962 2739 Seu
1977 2717 2010 2740 de
2025 2717 2125 2747 Berry.
2142 2716 2199 2744 Quo
2214 2716 2296 2748 igitur

427 2763 502 2790 pacto
526 2759 629 2782 Simeon
653 2759 719 2782 Luco
741 2767 858 2782 asserere
878 2760 973 2791 potuit,
998 2764 1058 2784 tunc
1080 2762 1149 2785 solos
1171 2763 1250 2785 duces
1272 2762 1442 2793 Burgundiae
1464 2761 1694 2793 conjunctissimos
1716 2761 1796 2784 fuisse
1815 2769 1873 2783 cum
1896 2761 2083 2790 Dominicnnis,
2100 2761 2145 2792 qui
2167 2771 2179 2782 α
2199 2760 2296 2784 etaient

428 2803 544 2826 infeodes
558 2805 572 2826 ξι
588 2803 613 2826 lu
629 2811 706 2826 cnusc
725 2803 769 2826 des
785 2804 900 2827 ennelnis
917 2805 947 2827 de
965 2806 1022 2827 leur
1035 2814 1100 2837 pays
1114 2808 1145 2829 u?
1159 2820 1189 2823 —
1204 2808 1228 2831 4.
1245 2807 1355 2838 Propter
1372 2806 1519 2829 ,Iohannem
1539 2806 1570 2829 de
1586 2806 1747 2829 Montesono.
1762 2819 1793 2822 —
1808 2807 1831 2828 5.
1848 2805 1894 2828 lsti
1910 2806 1960 2828 duo
1975 2805 2029 2836 jum
2047 2814 2088 2828 un.
2106 2806 2166 2828 1388
2181 2805 2214 2828 ud
2232 2805 2296 2828 Seu-

428 2848 523 2871 tentius
538 2847 661 2878 legendus
684 2847 792 2870 Parisiis
815 2848 943 2879 assignati
959 2853 1033 2872 crant
1049 2850 1112 2878 (vid.
1128 2859 1210 2882 supra
1223 2855 1252 2873 n⁰
1267 2851 1345 2880 1547),
1363 2851 1408 2874 sed
1423 2853 1533 2881 propter
1551 2850 1624 2873 litem
1645 2850 1713 2873 inter
1733 2849 1937 2873 Universitutem
1955 2849 2039 2873 Puris.
2056 2853 2081 2872 et
2099 2849 2294 2873 Praedicatores

431 2892 539 2914 minime
551 2892 637 2922 leger(-
649 2895 798 2922 putuerunt.
810 2894 871 2915 -G.
886 2893 979 2916 Postea
992 2894 1173 2924 magisterium
1188 2895 1213 2917 in
1229 2895 1309 2918 theol.
1327 2898 1462 2918 assecutus
1479 2898 1519 2918 est
1533 2898 1558 2917 et
1567 2898 1685 2925 tempore
1701 2894 1879 2925 inquisitionis
1893 2897 1983 2917 contra
1998 2894 2157 2917 assertiones
2167 2893 2295 2917 Johannis
