2488 3386
187 359 281 396 1358]
603 371 648 392 AB
682 370 786 392 ΑΝΝο
821 369 951 392 mecon
984 369 1116 398 usque
1152 370 1200 391 An
1237 369 1502 391 BENEDICTUM
1537 371 1626 392 xui.
2000 362 2040 394 53

185 455 196 469 α
214 455 265 478 qua
281 449 402 470 cantatur
421 446 543 470 cantate.
560 453 571 467 »
591 458 620 462 —
636 444 719 467 Aliam
740 444 859 467 chartam
879 443 995 474 ejusdem
1018 442 1143 474 temporis
1160 445 1236 466 notae
1256 451 1304 474 pro
1327 443 1454 467 Gausrido
1475 443 1640 475 Vavassoris⁷
1657 444 1720 469 cler,
1742 443 1830 467 licent.
1850 444 1874 467 in
1894 445 2002 473 artibus,
2016 445 2040 468 in

183 491 280 514 scholis
302 490 389 514 Sancti
410 489 527 512 Severini
549 489 642 518 Paris„
667 488 719 511 vid.
735 488 798 513 ibid.
815 491 840 511 et
855 488 926 518 apud
941 487 1079 516 Jourduin,
1095 492 1124 510 n0
1139 488 1193 510 673.
1209 501 1240 504 —
1261 489 1308 510 An.
1329 487 1398 516 1371,
1414 489 1479 518 Aug.
1497 488 1534 515 25,
1552 491 1642 510 cantor
1657 487 1812 511 Guillelmus
1829 489 1859 511 de
1876 490 2042 518 Salvarvilla,

184 536 275 558 doctor
289 535 314 558 in
331 543 351 558 s.
368 534 466 565 pagiua
485 534 526 563 (de
541 541 592 565 quo
609 533 748 560 Chartul„
765 533 797 561 11,
814 540 841 563 p.
857 533 910 559 6'11.
926 535 980 555 not.
1000 532 1047 564 15),
1062 540 1132 562 mag.
1149 531 1276 556 Gurnerio
1294 532 1325 554 de
1341 531 1487 562 Muuvugiis
1504 531 1636 554 licentiam
1651 532 1786 555 erudiendi
1802 541 1896 563 pueros
1913 533 1938 556 in
1953 534 2041 557 eadem

184 579 309 611 parochia
325 587 336 602 «
353 586 435 610 usque
455 578 487 601 ad
507 586 645 601 numerum
665 577 812 605 duodecim,
828 577 855 600 in
871 576 966 608 quibus
983 584 1029 599 nos
1045 579 1070 599 et
1084 576 1284 607 predecessores
1300 575 1382 599 nostri
1401 576 1463 599 dare
1478 579 1503 599 et
1523 576 1663 599 concedere
1677 576 1859 599 consuevimus
1873 585 1895 605 n,
1914 586 1994 608 usque
2011 579 2041 600 nd

184 625 278 647 festum
295 624 321 646 S.
341 622 469 646 Johannis
492 623 568 654 Bapt.
589 630 631 645 an.
654 622 712 645 1372
728 621 855 644 concedit.
877 635 908 638 —
926 622 958 644 Et
974 629 1015 644 an.
1033 621 1101 648 1376,
1120 620 1192 643 Junii
1213 621 1251 650 24,
1268 620 1337 643 idem
1353 623 1444 643 cantor
1463 620 1595 643 licentiam
1615 620 1749 643 erudiendi
1765 629 1860 651 pucros
1877 621 1901 644 in
1920 622 2043 652 parochia

185 669 210 692 S.
227 667 348 691 Mederici
362 666 480 690 concedit
494 675 565 697 mog.
580 666 705 690 Nicholao
721 666 752 689 de
766 666 850 695 Valle,
868 674 951 697 usque
970 665 1002 688 ad
1018 665 1137 688 eumdem
1154 665 1295 688 terminum
1312 673 1353 688 nn.
1371 665 1439 688 1377.
1455 678 1486 682 —
1501 665 1571 688 Infra
1587 665 1619 687 ad
1633 673 1674 688 an.
1692 665 1760 692 1380,
1778 665 1837 688 Maii
1853 667 1876 695 6,
1892 674 1942 688 non
1959 666 2043 689 minus

183 720 261 744 quam
278 712 305 735 41
327 711 457 742 magistri,
474 714 528 734 tam
550 711 637 734 clerici
654 718 733 742 quam
749 710 819 738 laici,
840 713 865 733 et
887 710 914 733 21
939 709 1062 733 rectrices
1084 709 1235 732 scholarum
1257 709 1496 740 grammaticalium
1519 709 1545 732 in
1568 709 1630 732 villa
1650 709 1732 733 Paris.
1755 713 1780 732 et
1800 709 1866 732 inter
1890 710 2042 733 banleucam

183 757 337 780 afferuntur.

274 840 297 863 1.
313 839 339 862 in
354 847 404 863 ms.
425 840 497 862 solus
517 839 610 862 titulus
625 846 631 862 :
647 847 658 861 α
676 839 831 862 Juramenta
850 838 1040 870 magistrorum
1056 841 1080 861 et
1102 838 1302 868 magistrarum.
1319 845 1330 860 »
1352 851 1381 855 —
1397 838 1419 860 2.
1437 846 1448 860 «
1464 837 1572 860 ecclesie
1592 837 1675 860 Paris,
1689 846 1700 860 ›>
1721 837 1781 861 add.
1799 846 1879 869 supra
1894 838 1998 862 lineam.
2013 853 2043 856 —

182 886 205 908 3.
222 885 299 908 Manu
314 884 366 907 alia
389 887 518 907 mutatum
534 884 559 906 in
577 892 588 906 «
604 887 629 907 et
644 883 725 906 donec
743 891 770 906 se
785 886 871 906 teneat
885 891 933 914 pro
949 886 1070 906 contento
1083 883 1114 906 de
1130 882 1183 906 illis
1198 890 1220 906 ».
1232 895 1264 899 —
1280 883 1303 904 4.
1320 882 1413 905 Postea
1430 882 1491 904 add.
1509 890 1519 904 t(
1538 885 1582 904 aut
1597 882 1775 911 beneficiatus,
1791 882 1890 913 absque
1905 882 2043 914 dispensa—

180 929 251 952 tione
266 928 365 952 domini
383 928 498 951 cantoris
517 935 539 951 »-
553 941 584 945 ——
599 930 621 951 5.
639 936 650 950 «
669 927 770 951 cantori
786 936 797 950 »
815 927 875 950 add.
892 935 951 958 sup.
965 927 1011 950 lin.
1032 941 1063 945 -
1079 928 1102 951 6.
1125 927 1218 950 Postea
1233 934 1300 950 corr.
1320 926 1345 948 in
1363 935 1373 948 α
1390 934 1440 948 non
1462 926 1574 949 intendit
1588 929 1678 949 cantor
1699 934 1720 949 ».
1740 939 1771 943 —
1786 927 1808 950 7.
1829 927 1919 949 Postea
1935 935 2002 950 corr.
2018 928 2043 950 in

183 982 194 996 (ι
211 973 305 996 retinet
321 976 413 996 cantor
429 972 455 995 in
474 980 522 995 sua
537 980 560 995 υ.
583 985 612 990 -
630 973 653 995 8.
670 972 763 995 Postea
785 972 845 997 add,
866 979 876 995 ι
894 972 993 1003 absque
1014 971 1210 1002 dispensatione
1225 970 1350 999 cantoriS,
1369 978 1415 993 nec
1431 970 1558 1001 magister
1580 970 1630 993 nisi
1651 979 1746 1001 pueros
1767 971 1926 1002 mas[culos].
1944 980 1955 993 η
1974 972 2044 994 Finis

181 1017 287 1041 omnino
300 1020 430 1040 vetustate
443 1017 553 1040 deletus.
569 1017 618 1040 Pro
633 1025 644 1039 «
661 1017 793 1039 masculos
810 1024 832 1045 »,
852 1017 950 1039 frustra
963 1016 1024 1047 Joly
1039 1016 1079 1039 ed.
1096 1024 1106 1039 α
1123 1015 1174 1038 nisi
1187 1016 1219 1038 de
1234 1015 1351 1046 ejusdem
1367 1014 1563 1046 dispensatione
1580 1023 1600 1038 ».
1618 1028 1646 1032 —
1657 1017 1679 1038 9.
1697 1023 1708 1037 «
1725 1015 1839 1039 cantoris
1855 1024 1866 1037 »
1883 1016 1943 1039 add.
1960 1024 1982 1040 S.
1998 1016 2043 1039 lin.

182 1075 212 1079 —
227 1062 266 1085 10.
278 1062 371 1085 Postea
386 1061 445 1084 add.
465 1069 487 1084 s.
502 1061 549 1084 lin.
565 1069 575 1084 ι
591 1061 679 1084 statim
695 1061 796 1084 cantori
814 1069 836 1084 ».
854 1074 883 1078 —-
898 1061 938 1084 11.
951 1060 1060 1084 Articuli
1077 1061 1147 1083 26-29
1165 1068 1243 1083 manu
1265 1059 1318 1082 alia
1333 1059 1422 1082 addita
1443 1062 1510 1087 sunt,
1528 1067 1610 1090 neque
1630 1059 1655 1082 in
1678 1059 1796 1082 versione
1812 1060 1907 1090 gallica
1923 1062 1998 1091 (quoe
2019 1061 2044 1083 in

182 1106 271 1130 codice
290 1106 416 1137 sequitur)
433 1105 592 1133 redduntur;
616 1105 704 1136 itaque
723 1105 803 1136 paulo
823 1105 984 1136 posteriores
1004 1104 1140 1136 judicandi
1160 1107 1229 1127 sunt.
1250 1117 1281 1122 —-
1298 1104 1335 1127 12.
1353 1104 1395 1127 Sic
1416 1112 1465 1127 ms.
1480 1104 1522 1126 hic
1543 1107 1568 1127 et
1582 1104 1659 1126 infra.
1680 1105 1819 1135 Perperam
1838 1105 1898 1135 ‚loly
1912 1107 1951 1128 ter
1965 1105 2046 1128 edidit

184 1159 195 1173 ι
207 1150 358 1182 procantori
370 1159 391 1174 υ.
407 1164 433 1167 -
448 1150 486 1173 13.
502 1150 651 1181 Sequuntur
666 1150 747 1173 verbu
763 1150 818 1173 sine
830 1158 908 1172 sensu
925 1158 936 1172 ((
948 1152 993 1172 aut
1005 1153 1062 1172 cato
1076 1157 1097 1177 »,
1112 1149 1138 1172 id
1150 1152 1189 1172 est
1199 1151 1298 1178 cantor,
1312 1148 1439 1171 sententia
1450 1148 1547 1175 hiante,
1559 1148 1634 1179 quasi
1648 1148 1673 1171 in
1687 1148 1786 1171 minuta
1797 1149 1905 1180 propriu
1921 1149 2044 1172 auctoris.

182 1194 301 1218 Ceterum
318 1194 461 1218 notandum
476 1197 525 1218 art..
543 1195 572 1217 29
587 1194 707 1217 inutilem
722 1202 788 1222 esse,
806 1202 865 1217 cum
883 1194 961 1217 finem
974 1197 1023 1217 art.
1040 1194 1068 1216 28
1084 1193 1168 1216 iteret.

186 1391 326 1428 1238.
353 1400 480 1434 Carolus,
506 1400 567 1425 dux
589 1401 792 1434 Normanniae,
817 1400 954 1435 concedit,
974 1404 1004 1426 ut
1027 1400 1101 1426 vicus
1123 1400 1297 1426 Straminum
1320 1403 1400 1425 nocte
1421 1399 1584 1433 claudatur,
1602 1408 1636 1425 ne
1658 1399 1789 1433 magistri
1810 1403 1836 1425 et
1851 1399 1995 1425 scholares
2011 1399 2045 1425 de

269 1458 351 1475 mane
367 1450 507 1475 venientes
524 1448 630 1475 ibidem
645 1449 802 1485 spurcitias
817 1449 969 1476 inveniant.

1336 1485 1410 1514 1358,
1427 1493 1515 1511 mense
1531 1485 1595 1513 Maii,
1612 1485 1763 1516 Compendii.

271 1573 440 1614 Karolus,
471 1573 569 1618 regis
599 1573 747 1606 Francie
773 1573 1053 1618 primogenitus,
1087 1585 1239 1618 regnum
1267 1585 1414 1618 regens,
1441 1573 1512 1606 dux
1539 1573 1757 1605 Normannie
1785 1579 1819 1605 et
1846 1572 2046 1617 Dalphinus

181 1640 416 1674 Viennensis.
439 1641 568 1672 Notum
595 1639 745 1673 facimus
767 1646 836 1672 tam
865 1639 1099 1685 presentibus
1121 1652 1225 1684 quain
1246 1640 1391 1681 suturis,
1417 1640 1513 1685 quod
1540 1652 1620 1672 cum
1642 1639 1784 1672 dilectis
1806 1639 1890 1672 filiis
1913 1640 2046 1672 nostris

182 1707 380 1751 magistris,
398 1706 602 1739 scolaribus
624 1706 784 1739 Parisius
806 1706 1040 1740 studentibus
1061 1707 1098 1739 in
1119 1707 1246 1739 artium
1269 1706 1436 1740 facultate
1456 1719 1474 1739 a
1496 1707 1674 1751 principio
1695 1706 1916 1739 fundationis
1938 1706 2046 1739 studii

182 1773 399 1806 Parisiensis
426 1773 484 1806 vel
511 1773 626 1818 quasi,
650 1779 771 1806 certus
792 1773 894 1806 vicus
915 1773 1008 1806 ultra
1031 1774 1179 1807 Parvum
1203 1775 1351 1806 Pontem
1373 1780 1521 1807 vocatus
1545 1773 1674 1818 gallice
1696 1773 1730 1806 la
1756 1785 1818 1807 rue
1841 1773 1888 1806 du
1913 1774 2047 1807 Feurre

182 1839 321 1873 eisdem
350 1839 535 1884 magistris
567 1839 610 1872 ad
640 1839 851 1884 legendum,
883 1839 1086 1873 scolaribus
1111 1852 1198 1873 vero
1227 1840 1294 1881 [ad]
1322 1840 1542 1873 audiendum
1573 1847 1607 1872 et
1644 1840 1905 1884 proficiendum
1939 1840 2045 1872 fuerit

180 1906 399 1951 assignatus,
423 1912 457 1939 et
477 1906 514 1938 in
535 1906 630 1939 dicto
650 1906 729 1939 vico
752 1906 978 1951 temporibus
1000 1907 1188 1940 retroactis
1209 1907 1295 1940 dicti
1313 1907 1475 1951 magistri
1497 1906 1643 1951 pacifice
1660 1906 1816 1951 legerint
1832 1919 1870 1939 ac
1887 1906 2045 1939 scolares

181 1972 362 2005 audierint
381 1973 460 2005 sine
481 1972 744 2017 inquietatione
763 1972 820 2006 vel
842 1972 1017 2014 nota[bi]li
1039 1973 1311 2018 perturbatione
1331 1985 1337 2006 ε
1360 1985 1454 2006 nunc
1471 1985 1557 2007 vero
1579 1979 1765 2006 crescente
1788 1973 1919 2006 malitia
1936 1972 2044 2005 homi-

182 2050 266 2072 num
288 2045 322 2072 et
346 2039 494 2071 inimico
516 2039 667 2072 scientie
688 2039 857 2072 zizaniam
879 2039 974 2072 inter
999 2039 1116 2073 bonos
1142 2047 1176 2073 et
1204 2040 1294 2073 alios
1323 2040 1536 2081 seminante,
1566 2040 1602 2072 in
1633 2040 1728 2072 dicto
1759 2040 1838 2072 vico
1867 2040 1911 2072 de
1941 2046 2044 2072 nocte

182 2105 430 2138 immunditias
451 2112 486 2138 et
506 2105 627 2138 fecosa
648 2106 826 2150 portando
844 2118 882 2138 ac
903 2106 1039 2139 ibidem
1061 2106 1290 2148 dimittendo,
1314 2119 1383 2151 que
1405 2107 1513 2139 corda
1535 2113 1569 2139 et
1585 2118 1735 2151 corpora
1752 2106 1884 2139 ibidem
1908 2106 2045 2139 inhabi-

182 2172 332 2204 tantium
361 2178 599 2217 corrumpunt
625 2178 660 2205 et
685 2172 874 2213 infestant;
907 2173 985 2212 sed,
1018 2173 1115 2217 quod
1145 2173 1365 2206 horrendius
1394 2185 1459 2206 seu
1486 2173 1737 2206 detestabilius
1767 2180 1820 2206 est
1848 2173 1941 2205 inter
1971 2179 2044 2205 stu-

183 2238 310 2271 dentes
332 2244 366 2271 et
387 2237 625 2283 philosophos
643 2238 809 2283 reperiri,
827 2250 892 2283 per
911 2239 1088 2280 le[n]ones
1110 2246 1145 2272 et
1165 2240 1424 2284 spurcissimos
1445 2239 1623 2280 homines,
1647 2241 1759 2272 Deum
1778 2251 1842 2272 nec
1860 2239 2042 2272 scientiam

182 2316 245 2350 pre
275 2304 391 2338 oculis
416 2304 606 2346 habentes,
630 2305 714 2346 imo,
738 2312 777 2338 ut
797 2306 1082 2350 presumendum
1108 2313 1164 2339 est
1191 2306 1234 2338 de
1260 2305 1406 2343 talibus,
1429 2306 1554 2339 florem
1582 2313 1616 2339 et
1644 2306 1867 2351 margaritam
1895 2306 2044 2338 scientie

180 2371 357 2416 impedire
385 2371 506 2416 potius
536 2371 739 2416 cupientes,
775 2371 819 2404 de
852 2379 958 2405 nocte
987 2372 1178 2405 villissime
1209 2380 1244 2406 et
1274 2373 1572 2406 inhonestissime
1600 2373 1715 2406 hostia
1743 2373 1920 2405 scolarum
1951 2374 2044 2404 sran-

182 2444 318 2483 guntur
337 2450 376 2470 ac
397 2438 434 2470 in
455 2438 593 2470 eisdem
614 2438 826 2471 meretrices
847 2450 1060 2472 communes
1081 2451 1119 2472 ac
1142 2439 1313 2473 mulieres
1335 2440 1520 2472 immunde
1543 2440 1771 2472 adducuntur
1790 2452 1828 2471 ac
1850 2439 1885 2471 in
1908 2439 2042 2471 eisdem

180 2504 370 2537 villissime
392 2511 426 2537 et
446 2504 746 2537 inhonestissime
771 2505 991 2550 aliquotiens
1015 2506 1262 2550 pernoctando
1286 2513 1321 2539 et
1341 2506 1576 2547 remanendo,
1602 2506 1853 2538 immundicias
1877 2505 2044 2538 orribiles

181 2577 248 2603 tam
283 2582 393 2616 super
425 2570 613 2604 cathedras
635 2571 813 2604 dictorum
835 2572 1091 2617 magistrorum
1116 2585 1220 2618 quam
1250 2585 1315 2618 per
1344 2573 1461 2606 scolas
1488 2580 1522 2606 et
1550 2573 1639 2613 loca,
1670 2573 1704 2604 in
1729 2572 1860 2617 quibus
1887 2572 2043 2604 scolares

181 2637 312 2670 sedent
332 2643 367 2670 et
387 2637 517 2669 sedere
539 2636 687 2678 debent,
708 2638 844 2670 faciunt
864 2644 899 2670 et
919 2638 1116 2680 dimittunt,
1139 2639 1236 2684 quod
1257 2640 1293 2671 in
1314 2639 1470 2672 crastino
1492 2639 1653 2684 magistri
1677 2639 1719 2671 ad
1742 2638 1948 2683 legendum,
1967 2649 2044 2670 sco-

180 2703 274 2736 lares
298 2703 342 2736 ad
362 2703 640 2748 proficiendum,
662 2703 798 2736 ibidem
820 2705 1036 2738 accedentes
1057 2712 1093 2738 et
1117 2712 1186 2738 tam
1215 2706 1390 2747 enormia,
1418 2706 1533 2750 turpia
1563 2718 1600 2738 ac
1630 2705 1737 2737 fetida
1768 2704 2004 2748 reperientes,
2027 2716 2043 2735 a

182 2775 248 2802 tam
266 2770 392 2811 fetido,
409 2769 593 2802 horrendo
611 2777 646 2803 et
660 2770 847 2803 immundo
868 2771 948 2804 loco
965 2771 1110 2816 fugiunt
1130 2779 1165 2805 et
1184 2773 1358 2805 recedunt
1377 2793 1420 2797 —
1441 2772 1527 2817 quid
1543 2772 1684 2811 mirum,
1707 2783 1785 2803 cum
1808 2769 2043 2814 philosophos

180 2836 337 2869 mundos
358 2847 440 2868 esse
462 2835 587 2869 deceat
607 2843 642 2869 et
661 2836 837 2870 honestos
859 2843 892 2870 et
909 2837 1070 2870 habitare
1087 2838 1164 2871 loca
1182 2839 1326 2880 munda,
1345 2838 1508 2871 decentia
1525 2845 1559 2870 et
1575 2837 1799 2870 honestaP—
1816 2842 1847 2868 et
1866 2836 1928 2875 sic,
1948 2835 2042 2879 quod

181 2902 377 2935 dolendum
399 2909 455 2935 est
475 2909 510 2935 et
529 2902 781 2947 dampnosum,
804 2910 888 2936 tunc
910 2904 1085 2949 temporis
1106 2905 1314 2950 sepedictos
1336 2905 1528 2949 magistros
1550 2911 1584 2936 et
1605 2903 1762 2935 scolares
1784 2914 1800 2934 a
1823 2914 1887 2933 suo
1909 2901 2040 2939 studio,
