2488 3386
468 321 512 353 30
1045 328 1364 350 CHARTULARIUM
1399 327 1589 348 uuivssns.
1628 326 1756 347 emis.
2237 315 2336 352 [1354

469 415 542 436 non
564 403 669 444 datis,
694 415 760 436 nec
781 402 925 441 oblatis,
950 414 1015 434 nec
1044 401 1248 446 promissis,
1272 413 1354 445 ymo
1383 400 1509 445 pocius
1530 399 1731 443 denegatiS,
1760 410 1824 443 per
1843 399 2014 432 Jacobum
2044 400 2089 432 de
2123 401 2334 443 Pavillione,

468 469 652 502 bedellum
673 469 834 514 ipsorum
863 475 894 501 et
926 468 1016 500 alios
1043 480 1166 500 eorum
1199 467 1377 506 bedellos,
1406 465 1648 510 peremptorie
1676 471 1711 497 et
1740 465 1993 509 personaliter,
2018 466 2110 499 dicta
2132 467 2190 500 die
2212 467 2335 501 ultima

469 536 624 580 Augusti
646 539 726 576 [me]
756 535 857 568 citari
879 534 1110 572 mandarunt,
1133 546 1172 566 ac
1193 534 1277 566 dicti
1300 532 1433 565 bedelli
1456 544 1524 571 me,
1548 532 1640 564 dicta
1663 531 1734 571 die,
1757 531 1850 564 circa
1871 532 1961 565 solis
1982 544 2163 574 occasum,
2181 534 2336 568 citarunt

467 602 510 634 ad
533 602 812 646 comparendum
835 601 1078 645 peremptorie
1099 606 1131 632 et
1158 599 1398 644 personaliter
1418 610 1536 630 coram
1559 598 1612 630 eis
1633 597 1676 630 ad
1698 597 1792 630 diem
1815 598 1964 643 primam
1988 599 2225 644 Septembris,
2247 600 2334 634 hora

467 680 562 701 none
584 669 690 700 Beate
713 668 836 700 Mar-ie.

557 736 658 775 Item,
677 734 773 778 quod
794 746 811 766 a
835 734 968 778 prefata
985 733 1160 766 citacione
1183 744 1246 764 seu
1269 731 1499 766 evocacione,
1518 737 1684 775 tanquam
1707 730 1750 763 ab
1772 731 1904 775 injusta
1928 739 1963 764 et
1981 732 2116 777 iniqua,
2139 745 2178 766 ac
2199 734 2235 766 in
2258 746 2333 779 pre-

461 801 640 845 judicium
670 800 955 845 appellacionum
985 811 1049 832 seu
1083 798 1383 844 provocacionum
1413 809 1571 830 mearum
1603 797 1705 837 sacta,
1733 804 1900 842 tanquam
1931 799 2039 831 nimis
2068 806 2141 832 arta
2172 800 2271 833 tarde
2298 807 2332 834 et

465 874 540 899 arte
564 874 722 907 executa,
742 867 893 910 dataque
911 873 942 898 et
966 866 1108 898 decreta
1132 865 1189 897 die
1211 865 1352 897 notorie
1373 864 1621 908 seriata,juste
1644 870 1679 896 et
1698 863 1819 896 debite
1840 864 2018 909 appellavi
2039 877 2104 899 seu
2126 867 2332 911 provocavi,

465 940 500 966 et
521 946 563 966 ex
584 933 692 966 certis
710 940 745 965 et
758 933 869 977 justis
886 932 1016 972 causis,
1036 932 1072 964 in
1089 932 1181 964 dicta
1199 930 1446 975 appellacione
1464 942 1527 962 seu
1551 930 1814 974 provocacione
1831 931 2024 972 contentis,
2043 933 2147 977 cujus
2168 939 2331 966 tenorem

465 999 521 1032 hic
543 1000 625 1032 volo
646 999 770 1031 haberi
792 1011 856 1043 pro
878 998 1028 1031 inserto.

555 1068 642 1099 Item
664 1066 744 1098 dico
771 1072 806 1098 et
835 1077 1010 1109 propono,
1036 1064 1132 1109 quod
1163 1064 1291 1096 dictam
1320 1063 1604 1108 appellacionem
1632 1075 1695 1096 seu
1726 1064 2025 1108 provocacionem
2049 1065 2141 1098 dicta
2163 1066 2222 1099 die
2249 1067 2332 1100 inti-

464 1133 551 1165 mari
573 1144 637 1165 seu
658 1132 834 1164 insinuari
856 1131 923 1163 feci
945 1142 1008 1175 per
1029 1130 1226 1163 discretum
1246 1130 1376 1170 virum,
1396 1130 1606 1174 magistrum
1628 1129 1828 1163 Johannem
1850 1131 1995 1172 Amelii,
2013 1132 2225 1165 canonicum
2246 1133 2331 1166 Lin-

462 1210 676 1243 gonensem,
696 1204 966 1242 procuratorem
986 1209 1115 1237 meum,
1134 1196 1251 1241 quoad
1273 1196 1341 1229 hoc
1359 1196 1543 1228 sufficiens
1564 1196 1769 1229 mandatum
1792 1196 1996 1238 habentem,
2015 1199 2163 1243 prefatis
2185 1200 2329 1242 rectori,

462 1264 608 1297 decanis
634 1264 852 1303 facultatum,
881 1263 1064 1308 magistris
1092 1275 1131 1295 ac
1153 1263 1388 1295 Universitati
1417 1262 1592 1307 predicte,
1617 1262 1652 1294 in
1679 1274 1803 1295 eorum
1832 1264 2124 1309 congregacione
2153 1266 2328 1310 generali,

460 1330 555 1375 apud
577 1331 742 1363 Sanctum
766 1330 999 1370 Maturinum,
1017 1329 1103 1362 hora
1125 1341 1220 1361 none
1242 1329 1414 1374 predicta.

550 1398 637 1429 Item
660 1397 740 1429 dico
762 1403 796 1429 et
823 1408 1000 1441 propono,
1027 1396 1123 1441 quod
1154 1396 1223 1440 ipsi
1251 1402 1455 1428 aut-eorum
1478 1396 1601 1440 aliqui,
1628 1396 1663 1428 in
1692 1396 1932 1440 prejudicium
1954 1397 2242 1442 appellacionum
2264 1403 2329 1432 se'u

461 1463 763 1508 provocacionum
791 1475 963 1504 mearum,
991 1475 1030 1495 ac
1060 1463 1096 1494 in
1126 1462 1364 1507 vilipendium
1393 1469 1426 1495 et
1457 1469 1702 1507 contemptum
1733 1463 1932 1507 apostolice
1963 1464 2075 1504 sedis,
2103 1466 2328 1509 procuratori

461 1542 541 1562 meo
563 1530 664 1574 plura
686 1529 795 1562 verba
816 1530 993 1573 injuriose
1015 1529 1200 1568 dixerunt3
1220 1536 1252 1561 et
1274 1536 1397 1562 contra
1420 1529 1536 1574 ipsum
1560 1529 1755 1562 clamantes
1777 1536 1812 1562 et
1832 1531 2086 1573 vociferantes,
2105 1543 2186 1565 eum
2202 1532 2328 1566 audire

460 1596 675 1635 noluerunt,
694 1603 729 1628 et
749 1596 846 1640 quod
868 1596 1028 1628 deterius
1046 1602 1113 1631 est,
1131 1595 1254 1640 plures
1272 1607 1313 1628 ex
1335 1596 1438 1640 ipsis,
1456 1596 1493 1628 in
1510 1608 1590 1628 eum
1612 1596 1816 1641 impetuose
1835 1603 1997 1638 ruentes,
2014 1597 2133 1643 ipsum
2149 1598 2329 1632 violenter

460 1663 702 1701 strinxerunt·,
726 1669 761 1695 et
780 1662 1048 1695 accumulantes
1070 1662 1158 1694 mala
1181 1662 1297 1703 malis,
1319 1662 1458 1695 honore
1480 1669 1514 1695 et
1534 1663 1737 1695 reverentia
1758 1663 1858 1696 sedis
1878 1664 2078 1709 apostolice
2098 1666 2326 1710 postpositis,

459 1729 727 1774 appellaciones
749 1740 812 1761 seu
834 1729 1117 1773 provocaciones
1139 1740 1249 1769 meas,
1267 1741 1306 1761 ac
1327 1729 1504 1769 cedulam,
1523 1741 1626 1774 quam
1651 1742 1715 1774 pro
1732 1741 1853 1762 earum
1875 1730 2128 1781 insinuacione
2149 1731 2326 1776 portabat,

459 1795 503 1828 ab
525 1796 604 1840 ejus
626 1795 791 1828 manibus
808 1795 986 1827 violenter
1003 1807 1153 1840 rappcre
1171 1802 1203 1827 et
1225 1795 1378 1828 aufferre
1398 1795 1515 1828 conati
1538 1803 1619 1828 sunt
1643 1796 1687 1828 de
1709 1796 1813 1837 sacto,
1833 1796 1918 1830 licet
1937 1797 2015 1842 ipse
2037 1804 2136 1831 esset
2155 1798 2324 1840 clericus,

460 1862 496 1894 in
518 1868 667 1894 tonsura
688 1868 722 1894 et
744 1861 866 1894 habitu
888 1861 1058 1894 clericali.

549 1929 637 1960 Item
658 1928 739 1960 dico
757 1934 792 1960 et
812 1940 989 1973 propono,
1009 1928 1105 1973 quod
1126 1928 1195 1973 ipsi
1217 1928 1318 1973 plura
1339 1928 1448 1961 verba
1469 1929 1740 1962 comminatoria
1761 1929 1976 1971 intulerunt,
1994 1930 2109 1963 eidem
2131 1931 2326 1965 innuentes

461 1994 559 2039 quod
580 2001 703 2027 contra
725 2006 914 2039 personam
937 2006 1049 2027 meam
1071 1995 1113 2027 ad
1136 1995 1315 2027 deteriora
1344 1996 1625 2040 processissent,
1653 1996 1683 2028 si
1711 2007 1865 2041 presens
1885 1996 2020 2030 ibidem
2046 1997 2215 2039 suisse1n;
2243 2010 2326 2043 pro·
2356 1990 2359 1994 i

460 2067 539 2105 pter
556 2073 625 2105 que
646 2061 689 2093 ad
710 2073 832 2093 eorum
857 2061 1079 2105 presenciam
1102 2061 1274 2093 accedere
1296 2062 1547 2106 personaliter,
1567 2055 1632 2095 nec
1654 2063 1847 2103 immerito,
1866 2063 2123 2108 perhorresco;
2142 2075 2209 2097 nec
2229 2071 2328 2098 esset

462 2126 568 2159 michi
590 2133 702 2159 tutum
725 2139 843 2159 coram
866 2128 919 2159 eis
941 2127 1180 2172 personaliter
1201 2140 1422 2172 comparere.

550 2194 637 2225 Item
660 2193 740 2226 dico
762 2200 794 2226 et
816 2205 992 2238 propono,
1017 2194 1113 2238 quod
1135 2194 1253 2227 dictus
1275 2201 1488 2239 procurator
1504 2207 1606 2228 meus
1627 2195 1814 2240 apostolos
1834 2195 1878 2228 ab
1902 2196 1955 2228 eis
1979 2196 2168 2237 instanter,
2192 2196 2326 2230 instan-

459 2259 538 2292 cius
560 2266 594 2292 et
614 2259 875 2292 instantissime
898 2260 1000 2304 petiit
1020 2260 1089 2292 sibi
1112 2260 1200 2301 dari,
1224 2273 1316 2305 quos
1337 2273 1402 2294 nec
1425 2261 1614 2299 dederunt,
1642 2274 1706 2294 nec
1728 2262 1950 2303 obtulerunt,
1976 2274 2042 2295 nec
2064 2262 2323 2307 promiserunt,

460 2325 525 2358 sed
546 2326 666 2370 potius
686 2326 923 2371 denegarunt.

549 2393 636 2424 Item
659 2392 739 2425 dico
765 2399 800 2425 et
828 2405 1004 2438 propono,
1033 2394 1127 2438 quod
1160 2395 1285 2439 prefati
1308 2401 1438 2435 rector,
1467 2395 1606 2435 decani,
1633 2395 1795 2440 magistri
1823 2408 1862 2428 ac
1884 2396 2124 2435 Universitas,
2149 2396 2321 2430 offensam

460 2458 559 2490 sedis
580 2458 778 2502 apostolice
806 2471 877 2491 non
899 2466 1079 2501 verentes,
1108 2472 1172 2504 pro
1202 2461 1391 2505 premissis
1412 2468 1535 2494 contra
1559 2473 1613 2494 me
1634 2462 1817 2503 commoti,
1845 2462 1967 2506 petitis
1988 2462 2176 2507 apostolis,
2203 2469 2243 2496 ut
2268 2469 2325 2496 est

461 2523 607 2565 dictum,
626 2531 661 2556 et
682 2536 745 2569 per
765 2537 828 2557 eos
849 2537 921 2557 non
943 2525 1047 2566 datis,
1073 2538 1139 2558 nec
1161 2526 1304 2563 oblatis,
1330 2539 1395 2559 nec
1421 2528 1624 2571 promissiS,
1651 2540 1732 2572 ymo
1761 2528 1888 2572 pocius
1909 2528 2110 2573 denegatis,
2138 2535 2174 2561 et
2199 2535 2323 2562 contra

460 2589 727 2634 appellaciones
757 2602 821 2623 seu
852 2592 1134 2635 provocaciones
1162 2604 1259 2625 meas
1289 2599 1424 2625 temere
1454 2594 1711 2638 attemptando,
1739 2606 1803 2639 per
1831 2594 2002 2627 Jacobum
2035 2595 2078 2627 de
2110 2594 2320 2636 Pavillione,

460 2655 643 2688 bedellum
679 2657 854 2701 ipsorum,
887 2663 922 2689 et
953 2657 1043 2690 alios
1073 2670 1195 2690 eorum
1232 2658 1410 2700 bedellos,
1444 2661 1686 2704 peremptorie
1717 2667 1748 2693 et
1786 2661 2039 2705 personaliter,
2070 2661 2128 2693 die
2163 2660 2320 2694 secunda

460 2722 696 2766 Septembris,
721 2723 821 2755 citari
843 2724 1074 2763 mandarunt,
1100 2736 1138 2757 ac
1165 2725 1249 2757 dicti
1270 2725 1405 2757 bedelli
1429 2738 1484 2758 me
1511 2726 1603 2759 dicta
1629 2727 1687 2759 die
1708 2727 1802 2759 circa
1823 2727 1945 2760 horam
1973 2727 2147 2760 merediei
2167 2727 2321 2760 citarunt

458 2788 502 2821 ad
530 2789 809 2833 comparendum
840 2790 1081 2834 peremptorie
1109 2797 1144 2823 et
1172 2791 1413 2835 personaliter
1433 2804 1552 2824 coram
1575 2793 1627 2825 eis
1654 2793 1697 2825 ad
1726 2793 1818 2826 hanc
1842 2793 1950 2834 diem,
1977 2793 2065 2826 hora
2092 2794 2206 2838 prime
2227 2793 2322 2826 beati

458 2854 581 2887 Jacobi
603 2867 672 2899 que
694 2861 747 2887 est
769 2855 870 2899 quasi
892 2855 977 2888 hora
999 2856 1115 2889 media
1137 2857 1230 2889 inter
1250 2857 1339 2890 solis
1359 2864 1475 2890 ortum
1498 2865 1531 2891 et
1550 2858 1672 2891 horam
1694 2860 1822 2904 prime.
