2488 3386
197 326 293 362 1388]
614 338 658 360 ΑΒ
693 338 798 360 ΑΝΝΟ
833 338 962 361 MCCCL
996 340 1126 368 USQUE
1162 341 1209 361 AD
1245 341 1510 363 amu-:nicrum
1546 342 1636 364 Χιιι.
1994 333 2057 366 477

194 412 354 458 collegii,
378 413 438 458 qui
467 412 717 446 defensionem
744 419 780 445 et
804 424 897 445 onus
918 425 1026 446 cause
1052 413 1088 446 in
1109 425 1148 446 se
1170 421 1423 459 susceperunt.
1447 416 1514 447 Per
1534 415 1703 460 idemque
1725 423 1900 449 arrestum
1923 417 2056 449 dictum

193 479 261 512 fuit
281 479 379 524 quod
406 480 443 512 in
464 479 595 512 ceteris
617 479 710 512 dicte
732 485 852 524 partes
874 486 975 512 erant
995 486 1030 512 et
1051 486 1136 512 sunt
1161 481 1353 520 contrarie,
1376 493 1441 513 nec
1471 488 1638 525 poterant
1667 494 1784 526 neque
1806 490 1956 527 possunt
1980 483 2059 516 sine

193 546 296 579 factis
317 546 492 591 expediri.
516 545 661 578 Facient
688 545 799 590 igitur
819 546 908 578 facta
934 557 997 578 sua
1018 546 1061 578 ad
1090 558 1216 578 omnes
1238 546 1329 579 fines
1350 547 1394 579 ad
1415 559 1507 591 quos
1529 548 1772 590 tetenderunt,
1795 560 1905 593 super
1926 549 2059 593 quibus

194 613 400 657 inquiretur
418 612 564 653 veritas,
584 618 619 644 et
638 612 805 656 inquesta
825 612 915 644 facta
936 624 975 644 ac
996 612 1113 645 eidem
1131 613 1230 645 curie
1252 620 1432 658 reportata
1454 614 1515 646 fiet
1529 615 1602 658 jus.
1628 616 1670 646 Et
1690 627 1754 659 per
1770 615 1864 647 idem
1881 623 2058 648 arrestum

194 679 329 724 prefata
349 679 448 711 curia
467 685 589 711 nostra
611 678 786 711 dictarum
808 689 928 711 rerum
945 679 1259 711 contenciosarum
1281 680 1550 712 recredenciam
1568 680 1674 713 dictis
1695 681 1831 713 decano
1849 688 1883 714 et
1903 682 2060 727 collegio

193 746 279 778 fecit
298 752 403 790 atque
424 745 518 787 facit,
532 745 595 778 lite
617 756 712 790 pres.
737 745 901 778 durante.
925 745 1155 781 Pronunciat.
1176 746 1227 778 ixa
1246 746 1304 778 die
1319 746 1416 786 Maii,
1435 758 1491 779 an.
1515 748 1618 779 Dom.
1634 748 1685 780 Μο
1696 747 1801 780 CCC⁰
1814 749 2059 782 LXXXV1110.

286 830 363 853 Arch.
380 833 434 853 nat.
448 829 531 853 Paris.
544 830 591 852 Χυἱ
607 830 637 853 35
655 829 766 860 (Juqe’s),
784 830 828 853 fol.
845 830 899 853 326.
913 843 944 847 —-
959 830 1035 860 ibid„
1052 831 1096 853 X‘a
1110 831 1169 853 1474
1186 831 1296 860 (Cons.),
1314 831 1358 854 fol.
1374 831 1445 861 1891’,
1461 834 1544 854 exstat.
1555 832 1739 854 documentum
1756 832 1769 854 2
1782 832 1842 855 Maii
1858 832 1974 863 ejusdem
1990 833 2062 862 anni,

193 875 220 898 in
234 883 285 906 quo
300 877 431 898 arrestum
446 882 527 905 supra
542 874 743 905 pronuntiatum
753 874 807 905 jam
824 874 964 897 indicatur.
981 875 1016 897 De
1029 874 1078 898 hac
1093 875 1138 898 lite
1155 874 1208 898 vid.
1226 883 1307 906 supra
1326 875 1359 897 n¹⁸
1375 876 1519 899 1528-1531.

286 946 309 970 1.
324 946 390 969 Ms.:
410 954 421 969 r(
437 946 506 969 Bene
522 953 544 968 υ.
562 959 592 963 —
607 946 629 968 2.
647 946 718 968 Idem
734 945 779 976 qui
794 953 875 977 supra
890 954 917 976 p.
938 946 984 969 396
1000 954 1011 969 (ι
1032 946 1063 969 de
1081 946 1161 969 Sacco
1178 954 1189 968 »
1206 946 1311 969 dicitur.
1330 947 1380 969 Sed
1400 947 1426 969 in
1446 947 1523 970 Arch.
1542 950 1594 970 nat.
1613 947 1707 976 Paris.5
1724 947 1773 971 LL.
1796 948 1860 975 108¹2,
1879 955 1982 979 semper
2001 956 2012 970 «
2030 948 2062 971 de

193 991 274 1014 Socco
290 999 301 1013 ι)
324 990 459 1014 scribitur.
476 1004 506 1007 —
517 991 539 1013 3.
555 990 606 1013 Seu
622 1000 634 1011 a
651 990 743 1014 Grnssi
759 998 782 1014 ».
797 1004 827 1007 —
842 991 864 1013 4.
884 991 935 1013 Seu
953 998 963 1013 ‹<
977 990 1092 1013 Pinchon
1113 998 1133 1018 J),
1151 990 1195 1022 qui
1210 991 1265 1022 jam
1281 999 1324 1014 an.
1342 991 1398 1014 1387
1414 992 1504 1014 doctor
1523 991 1572 1014 suit
1588 991 1651 1021 (vid.
1667 996 1717 1014 num
1732 992 1810 1021 1539),
1833 995 1861 1015 ut
1878 992 1956 1015 etiam
1972 993 2063 1022 Fulco,

193 1039 218 1059 et
233 1035 414 1059 verisimiliter
430 1034 520 1058 Simon
540 1035 571 1058 de
586 1035 679 1063 Bosco,
695 1035 727 1058 de
743 1043 793 1066 quo
809 1039 838 1058 n⁰
853 1035 922 1058 1589.
938 1049 969 1052 -
985 1037 1007 1058 5.
1023 1035 1081 1058 Vid.
1102 1035 1173 1058 infra
1190 1035 1216 1058 in
1236 1036 1405 1066 Appendice.
1423 1050 1451 1053 —
1470 1037 1492 1058 6.
1510 1036 1572 1059 Scil.
1589 1036 1722 1059 Johnnnes
1744 1037 1775 1059 de
1793 1037 1947 1064 Bournazel,
1964 1037 1995 1060 de
2011 1046 2061 1068 quo

193 1088 276 1111 supra
288 1088 315 1111 p.
332 1080 386 1108 348,
403 1082 457 1102 not.
474 1079 496 1102 1.
518 1093 545 1096 —
558 1080 580 1102 7.
595 1079 645 1107 Qui
659 1087 740 1110 supra
762 1083 791 1102 n0
806 1079 867 1102 1528
882 1089 895 1100 «ι
912 1080 990 1102 Perre
1005 1079 1120 1102 Beauble
1138 1087 1148 1102 »
1169 1083 1286 1102 vocatur.
1301 1093 1331 1096 —
1344 1081 1366 1103 8.
1381 1080 1518 1103 Nicolaum
1534 1080 1565 1103 de
1583 1081 1674 1109 Bosco,
1694 1081 1726 1103 de
1741 1089 1791 1112 quo
1807 1089 1888 1112 supra
1903 1086 1932 1104 n⁰
1947 1082 2015 1105 1304.
2031 1095 2063 1099 —-

193 1125 216 1147 9.
229 1125 257 1147 In
271 1124 441 1156 sequentibus
453 1124 567 1147 Amelius
579 1124 610 1147 de
622 1124 710 1147 Brolio
723 1124 797 1155 petit,
814 1127 843 1146 ut
855 1124 941 1155 quoad
956 1124 1043 1147 omnia
1055 1127 1229 1155 praenarrata
1243 1124 1286 1155 jus
1297 1128 1387 1147 contra
1401 1125 1568 1148 adversarios
1582 1125 1708 1154 obtineat,
1722 1125 1766 1157 qui
1777 1126 1901 1149 deberent
1912 1126 1938 1148 in
1954 1126 2062 1149 emenda

192 1170 255 1192 4000
274 1169 336 1192 libr.
358 1168 384 1191 in
408 1170 524 1191 savorem
542 1168 623 1199 regis,
640 1171 665 1191 et
684 1168 818 1192 20001ihr.
835 1168 861 1191 in
880 1170 996 1191 favorem
1016 1168 1110 1191 Amelii
1125 1169 1303 1192 condemnari.
1318 1182 1349 1186 —
1365 1169 1403 1192 10.
1420 1169 1488 1192 Haec
1506 1169 1532 1191 in
1553 1169 1722 1200 sequentibus
1739 1170 1824 1201 magis
1845 1170 2018 1201 explicantur,
2038 1174 2063 1194 et

194 1213 326 1236 accusatio
344 1216 436 1236 contra
450 1212 580 1236 Amelium
596 1213 715 1236 iteratur.
732 1227 759 1230 —
778 1213 816 1236 11.
832 1213 867 1235 De
884 1213 978 1244 quihus
993 1213 1108 1236 Amelius
1131 1213 1158 1235 in
1174 1213 1355 1244 superioribus
1371 1214 1473 1236 locutus
1490 1217 1538 1237 est.
1555 1214 1612 1236 Vid.
1633 1222 1659 1245 p.
1675 1214 1730 1237 l171.
1748 1214 1828 1238 -12,
1845 1215 1873 1237 In
1892 1215 2062 1246 sequentibus

194 1258 306 1281 facultas
323 1258 489 1281 decretorum
503 1257 570 1288 petit
589 1260 616 1280 ut
634 1257 685 1280 sihi
701 1257 726 1280 in
743 1257 864 1280 omnihus
880 1257 1035 1288 praemissis
1053 1258 1099 1280 fiat
1109 1257 1152 1288 jus
1166 1261 1191 1280 et
1206 1257 1390 1288 pronuntietur
1405 1261 1496 1280 contra
1513 1258 1641 1281 Amelium
1657 1258 1687 1281 de
1704 1258 1801 1281 Brolio.

286 1302 463 1325 Nihilominus
484 1301 600 1325 Amelius
622 1302 653 1325 de
673 1302 762 1325 Brolio
785 1310 826 1325 an.
849 1302 917 1330 1395,
941 1302 1005 1325 Julii
1029 1302 1067 1330 26,
1091 1302 1188 1325 electus
1210 1305 1250 1325 est
1271 1302 1487 1333 archiepiscopus
1510 1303 1655 1326 TuronenS.
1682 1303 1766 1331 (Gall.
1785 1304 1891 1331 christ„
1916 1304 1979 1331 XIV,
1997 1304 2062 1333 122),

193 1346 319 1370 Novemb.
337 1348 350 1369 5
365 1354 380 1369 a
398 1346 495 1369 Bened.
517 1346 576 1369 XIII
596 1346 767 1369 confirmatus
789 1347 861 1377 (fleg.
878 1346 938 1369 Vat-
962 1346 1033 1374 Ben.,
1051 1350 1080 1368 ΠΟ
1095 1346 1149 1374 321,
1174 1347 1217 1369 sol.
1234 1347 1284 1376 44),
1307 1347 1369 1369 dum
1385 1350 1453 1369 esset
1474 1350 1565 1369 cantor
1588 1347 1733 1370 Turonens.
1750 1347 1842 1370 Petrus
1858 1348 1973 1370 Beauble
1990 1356 2059 1376 vero,

194 1398 273 1422 saepe
297 1390 400 1422 legatus
415 1390 567 1422 principum
584 1390 718 1420 Franciae,
741 1393 810 1422 post.
829 1399 871 1414 an.
894 1391 953 1413 1398
976 1390 1116 1421 episcopus
1140 1391 1256 1414 Uticens.
1274 1391 1356 1420 (Gall.
1374 1392 1479 1420 christ..
1500 1392 1542 1420 VI,
1558 1392 1623 1420 639),
1644 1399 1685 1414 an.
1707 1391 1776 1422 1405,
1794 1392 1865 1422 Sept.
1882 1392 1920 1419 16,
1942 1392 2062 1423 Sugiens.

195 1435 268 1466 (Reg.
280 1435 328 1458 Av.
342 1435 416 1463 Ben„
432 1435 485 1458 vol.
502 1435 551 1463 XL,
570 1435 615 1458 sol.
629 1434 710 1464 179b).

200 1552 341 1589 1547.
364 1561 585 1596 Assignationes
603 1562 838 1588 bac-calamorum
858 1562 923 1588 Ord.
941 1562 1045 1588 Praed.
1066 1563 1094 1588 in
1110 1561 1206 1587 studio
1222 1562 1393 1588 Parisiensi.

1364 1645 1439 1673 1388,
1459 1645 1527 1670 cit-ca
1542 1645 1603 1670 Maii
1615 1645 1652 1674 17,
1669 1644 1779 1670 Rutenis.

285 1725 357 1757 Iste
385 1730 471 1757 sunt
496 1723 783 1769 assignaciones.
807 1724 1048 1769 Assignamus
1070 1723 1114 1756 ad
1140 1723 1337 1768 legendum
1365 1723 1577 1756 Sentencias
1599 1723 1759 1756 Parisius
1783 1735 1847 1768 pro
1868 1735 1961 1755 anno
1983 1735 2065 1768 pre-

196 1790 291 1823 senti
319 1790 495 1823 intraneis
522 1790 645 1823 debito
672 1791 817 1823 fratrem
845 1790 1034 1823 Albertum
1062 1789 1211 1823 Roberti
1239 1790 1282 1822 de
1305 1790 1490 1835 provincia
1512 1790 1679 1831 Francie3
1709 1790 1766 1822 cui
1795 1789 2063 1831 substituimus,

197 1864 368 1902 quantuni
391 1863 513 1890 nostra
533 1857 697 1898 interest,
719 1858 864 1890 fratrem
886 1857 1086 1890 Johannem
1109 1856 1299 1901 Stephani¹
1323 1856 1487 1901 ejusdem
1509 1857 1728 1901 provincie2.
1751 1857 1819 1889 Pro
1841 1856 1957 1901 primo
1978 1868 2064 1889 vero

197 1935 290 1956 anno
319 1923 499 1956 extraneis
528 1923 650 1956 debito
681 1924 826 1956 fratrem
854 1923 1095 1957 Guillermum
1128 1923 1260 1964 Zavila,
1293 1923 1336 1955 dc
1365 1923 1551 1968 provincia
1575 1923 1776 1968 Aragonie3
1809 1934 1874 1967 pro
1903 1923 2063 1955 secundo

197 2002 283 2023 vero
316 2002 409 2023 anno
441 1990 621 2023 extraneis
656 1989 792 2031 debito,
829 1997 1001 2035 quantum
1032 1996 1156 2022 nostra
1186 1990 1351 2030 interest,
1381 1990 1424 2022 ad
1458 1989 1655 2034 legendum
1688 1989 1899 2022 Sentencias
1929 1988 2063 2021 ibidem

196 2057 341 2090 fratrem
361 2056 562 2090 Johannem
585 2057 628 2089 de
649 2056 788 2089 Merula
810 2057 854 2089 de
875 2056 1060 2101 provincia
1078 2056 1297 2089 Tholosana.

285 2123 341 2155 Ad
368 2123 564 2168 legendum
586 2122 738 2155 Bibliam
769 2122 904 2155 ibidem
935 2129 1018 2167 post
1049 2123 1194 2155 fratrem
1222 2122 1424 2155 Johannein
1456 2121 1642 2166 Stephani7
1672 2122 1817 2154 fratrem
1846 2123 1989 2154 Petrum
2019 2122 2063 2155 de

196 2189 315 2222 Palier
338 2196 539 2222 conventus
561 2189 811 2230 Gebennens.‚
835 2201 941 2233 quein
963 2189 994 2221 si
1021 2189 1142 2233 aliquo
1163 2189 1271 2221 modo
1293 2188 1524 2233 contingeret
1543 2188 1724 2232 impediri,
1748 2199 1790 2220 eo
1816 2199 1901 2221 casu
1918 2188 2064 2233 provin-

197 2256 278 2289 ciali
299 2256 448 2289 Francie
469 2256 691 2288 comittimus
713 2255 810 2300 quod
831 2256 910 2300 ipse
931 2255 975 2287 de
997 2255 1133 2288 lectura
1155 2255 1316 2299 predicta
1338 2254 1456 2287 Biblie
1475 2254 1591 2287 valeat
1612 2254 1818 2299 providere.

290 2354 449 2385 Fragmenta
467 2353 550 2384 Capp.
568 2361 626 2384 gen.
644 2353 707 2377 Ord.
724 2353 826 2381 Praed.⁷
844 2361 857 2376 e
874 2353 962 2376 codice
978 2353 1041 2375 olim
1057 2352 1202 2375 Barcinone
1218 2355 1382 2375 conservato.
1402 2366 1432 2369 —
1450 2352 1503 2374 Hoc
1521 2351 1672 2382 Capitulum
1690 2352 1812 2382 generale
1827 2354 1916 2382 partes
1936 2351 2064 2375 Johannis

197 2398 229 2422 de
244 2399 395 2421 Montesono
411 2398 578 2429 sequebatur.
596 2398 791 2421 Declarationes
811 2397 926 2428 Capituli
942 2397 1029 2428 quoad
1044 2397 1092 2419 hoc
1106 2397 1159 2420 vid.
1174 2397 1243 2419 infra
1259 2401 1287 2419 n⁰
1302 2397 1373 2424 1561,
1389 2396 1434 2418 uhi
1448 2396 1479 2419 de
1496 2396 1615 2418 Johanne
1630 2395 1661 2419 de
1674 2396 1837 2419 Montesono.

291 2470 312 2492 1.
330 2470 378 2493 Ms.
393 2469 436 2492 hie
454 2472 479 2493 et
498 2472 589 2500 postea
609 2477 614 2492 ·.
630 2478 641 2491 «
662 2469 724 2492 Steli
742 2477 763 2492 υ,
778 2468 836 2492 Yid.
853 2473 881 2491 n⁰
897 2469 966 2491 1524.
986 2482 1013 2486 —
1032 2469 1055 2491 2.
1078 2468 1183 2491 Minime
1206 2471 1292 2490 tamen
1310 2467 1439 2498 legerunt,
1461 2467 1571 2498 ideoque
1592 2475 1634 2490 an.
1655 2467 1712 2490 1391
1730 2466 1825 2490 iterum
1850 2466 1988 2498 assignati.
2004 2467 2061 2490 Vid.

198 2517 248 2536 n¹²¹²¹
264 2514 334 2537 1594.

204 2631 344 2667 1548.
369 2641 464 2666 Causa
480 2640 553 2665 inter
568 2639 813 2676 archiepiscopum
825 2639 1079 2674 Rotlzomagensem
1091 2642 1117 2664 et
1133 2638 1349 2664 Universitatem
1359 2638 1454 2664 Paris.
1469 2646 1563 2663 coram
1578 2637 1763 2663 Par-lamento
1777 2637 1873 2672 agitur
1888 2637 1923 2663 de
1939 2637 2062 2672 quodam

286 2688 418 2715 scholare
430 2689 524 2714 Paris.

1437 2723 1511 2752 1388,
1526 2722 1595 2748 dunis
1606 2723 1648 2751 22,
1664 2723 1778 2748 Parisiis.

288 2807 409 2841 Lundi
431 2807 530 2852 xxzj²
545 2809 639 2852 jour
662 2807 704 2841 de
726 2808 826 2841 Juin.
849 2828 892 2832 —
916 2808 1026 2840 Entre
1047 2807 1294 2851 I⁷arcevesque
1317 2806 1360 2838 de
1389 2806 1532 2838 Rouan¹
1563 2805 1670 2838 d'une
1692 2812 1782 2850 part,
1808 2811 1843 2837 et
1867 2804 1900 2837 le
1921 2810 2063 2837 recteur

200 2881 235 2907 et
254 2873 487 2907 l’Universitc
508 2873 552 2906 de
573 2874 673 2907 Paris
695 2874 832 2906 d'autre
855 2880 944 2918 part,
974 2885 1037 2906 sus
1065 2873 1097 2906 la
1120 2879 1289 2918 requeste
1312 2872 1355 2904 de
1378 2872 1637 2916 l’arcevesque,
1660 2872 1720 2915 qui
1744 2871 1904 2915 requiert
1924 2882 1993 2914 que
2014 2881 2063 2902 un
