2488 3386
223 313 320 349 1385]
643 327 688 348 ΑΒ
723 327 828 348 ,111Νο
863 326 994 348 MCCCL
1028 327 1159 354 USQUE
1195 328 1242 348 An
1278 327 1540 348 0050010100
1572 327 1661 348 xm.
2018 318 2082 350 419

309 401 381 426 Item
398 408 484 434 super
497 400 540 434 ij0.
553 401 597 434 iij⁰
608 402 636 427 et
651 406 680 426 ψ’
691 401 829 429 articulis.
846 400 919 426 dixit
931 402 960 426 et
974 401 1109 433 deposuit
1122 409 1223 426 verum
1241 409 1297 426 esse
1310 401 1391 434 quod
1407 401 1465 434 ipse
1478 401 1607 426 interfuit
1626 401 1732 433 pluries
1747 404 1772 427 el
1792 402 1957 435 frequenter
1969 402 1998 427 in
2016 410 2083 435 pre-

220 449 342 475 statione
355 450 595 482 juramentorum
615 457 673 483 que
687 451 901 475 consueverunt
924 450 1043 482 prestari
1069 457 1119 482 per
1143 450 1297 475 bacalarios
1321 450 1512 475 licenciandos
1536 449 1565 474 in
1588 450 1697 475 artibus
1718 451 1885 476 cancellario
1901 451 1943 476 vel
1968 451 2083 476 locum-

220 498 377 525 tenenti....
400 499 521 531 Ipseque
540 499 592 532 qui
613 499 747 532 loquitur
761 498 869 532 pluries
890 498 998 531 recepit
1016 498 1091 523 dicta
1110 498 1280 531 juramenta
1300 498 1330 523 in
1354 499 1489 524 facultate
1504 499 1612 523 artium
1628 500 1769 531 tanquam
1786 500 2026 525 subcancellarius
2042 500 2085 525 xel

219 547 423 573 locumtenens
437 547 599 573 cancellarii
613 555 629 572 a
645 547 791 573 bacalariis
804 547 988 573 licenciandis
1003 547 1034 572 in
1049 547 1206 572 artibus...

310 596 383 621 Item
400 604 486 629 super
506 596 557 629 vij⁰
575 596 708 625 articulo,
725 596 797 621 dixit
820 597 849 622 et
867 596 1001 629 deposuit
1023 604 1125 621 verum
1149 604 1207 621 esse
1229 596 1309 629 quod
1329 597 1477 628 quantum
1499 595 1534 620 ad
1560 595 1725 621 facultatem
1751 597 1902 628 theologie.
1929 597 2085 629 Postquam

220 645 340 670 facultas
360 645 504 677 theologie
526 645 675 678 requisivit
696 645 902 670 cancellarium
923 645 1003 678 quod
1025 645 1151 678 apperiat
1175 652 1307 674 examen,
1331 644 1517 670 cancellarius
1537 652 1564 670 se
1584 644 1742 670 informare
1766 647 1858 677 polest
1881 646 1974 678 spacio
1995 645 2085 670 trium

220 694 379 722 mensium,
396 695 430 719 ut
445 693 475 718 in
490 693 568 719 (11010
583 694 706 719 articulo
721 694 899 719 continetur.
914 693 1080 726 ltequisitus
1095 694 1129 719 (10
1148 701 1231 719 causa
1247 701 1297 719 5110
1315 693 1444 720 sciencie,
1461 693 1610 725 respondit
1625 693 1691 725 quia
1709 693 1746 718 ita
1762 694 1869 718 audivit
1885 694 1974 719 teneri
1990 696 2017 719 et
2032 694 2087 719 diei

220 742 420 767 communiter
435 742 465 767 in
480 742 576 767 studio
590 742 753 770 Parisiensi:
772 750 928 775 nunquam
944 744 1043 768 tamen
1058 742 1128 767 vidit
1150 742 1230 775 quod
1252 743 1362 767 teneret
1383 742 1538 767 bacalarios
1558 749 1608 774 per
1625 743 1679 766 tres
1694 749 1815 767 menses.
1833 742 1906 767 Dixit
1925 742 2046 767 ulterius
2061 750 2088 767 se

220 790 345 819 credere,
363 790 442 823 quod
456 791 529 816 facta
541 791 758 817 examinacione
771 799 822 824 per
834 791 1040 817 cancellarium
1056 791 1114 824 ipse
1130 792 1224 824 potest
1237 791 1393 816 concedere
1406 790 1449 815 vel
1463 798 1567 822 negare
1582 790 1730 815 licenciam
1745 791 1828 822 juxta
1844 798 1925 815 suam
1939 791 2088 816 conscien-

220 839 295 865 ciam
314 839 345 864 in
363 839 498 865 facultate
513 839 651 873 predicta.
668 840 709 865 Dc
726 840 787 865 aliis
801 847 867 865 vcro
883 840 1069 865 facultatibus
1088 840 1161 865 dixit
1176 848 1204 865 se
1225 840 1368 873 ignorare,
1386 839 1462 864 salvo
1478 839 1557 872 quod
1573 839 1603 863 in
1619 839 1729 864 artibus
1744 847 1803 864 non
1819 841 2023 871 presentantur
2038 839 2089 864 sibi

220 888 401 915 licenciandi.
418 895 471 914 nec
485 890 527 913 cst
542 888 594 914 sibi
607 889 735 921 prefixus
748 889 892 914 terminus
906 889 982 914 infra
997 897 1087 922 quem
1103 889 1208 914 habeat
1229 896 1276 914 eos
1295 888 1470 915 examinare.
1490 887 1536 912 sed
1554 889 1638 920 prout
1662 888 1725 912 vult
1743 887 1890 913 examinat
1909 889 1937 913 et
1958 888 2090 913 licenciat

220 944 272 970 per
287 945 315 962 se
328 937 372 962 vel
387 945 475 962 suum
490 937 763 967 subcancellarium.
778 939 806 963 et
821 938 860 963 ita
875 937 947 963 vidit
962 938 1007 963 uti
1022 938 1227 963 cancellarium
1243 945 1296 970 pro
1311 939 1443 969 tempore
1459 944 1510 962 5110
1521 935 1550 961 ⁵³5.

309 986 382 1011 Item
394 993 481 1019 super
497 991 544 1011 xv⁰
557 986 689 1015 articulo.
702 986 774 1012 dixit
785 988 813 1012 et
825 986 959 1019 deposuit
970 994 998 1012 se
1008 987 1148 1012 audivisse
1161 987 1198 1012 ita
1211 994 1278 1015 0550,
1291 987 1325 1011 111
1340 986 1370 1010 111
1381 986 1458 1011 (11010
1470 985 1592 1010 articulo
1604 985 1781 1014 continetur,
1794 986 1961 1018 frequenter
1975 993 1990 1011 a
2007 986 2090 1011 licen-

220 1034 300 1060 ciatis
315 1034 345 1060 in
362 1035 498 1060 facultate
518 1035 550 1060 in
569 1035 646 1061 dicto
667 1035 790 1061 articulo
810 1035 966 1063 declarata:
992 1043 1052 1060 non
1068 1037 1166 1061 tamen
1183 1035 1254 1060 vidit
1276 1035 1391 1060 realiter
1406 1034 1459 1059 nisi
1474 1034 1509 1059 de
1525 1042 1552 1059 se
1567 1034 1638 1067 ipso,
1653 1034 1704 1067 qui
1719 1034 1799 1059 dedit
1814 1036 1944 1068 tempore
1959 1042 2019 1067 quo
2035 1035 2090 1059 fuit

220 1083 388 1109 licenciatus
404 1083 433 1108 in
449 1084 569 1113 artibus,
586 1092 646 1109 una
660 1092 729 1109 cum
744 1084 806 1109 aliis
820 1084 951 1117 ejusdem
965 1084 1135 1113 audicionis,
1153 1084 1283 1109 videlicet
1298 1083 1489 1109 familiaribus
1509 1083 1670 1108 cancellarii
1693 1083 1816 1108 condam
1838 1083 1907 1109 dicti
1928 1083 1963 1109 de
1979 1084 2089 1111 Calore.

220 1132 269 1158 sed
284 1132 320 1157 de
335 1132 499 1164 quantitate
514 1132 580 1158 data
596 1140 656 1158 non
672 1133 850 1158 recordatur.

310 1182 383 1206 Item
399 1189 485 1213 super
500 1181 569 1214 xvjss,
585 1181 657 1206 dixit
672 1190 700 1207 se
712 1181 852 1207 audivisse
867 1182 923 1207 dici
939 1181 1019 1215 quod
1032 1182 1067 1207 de
1080 1183 1212 1214 tempore
1227 1181 1348 1214 predicti
1363 1181 1524 1206 cancellarii
1540 1180 1575 1206 de
1590 1180 1689 1206 Calore
1702 1180 1757 1206 fuit
1770 1188 1848 1206 1111115
1863 1181 1906 1206 vel
1920 1181 2025 1214 plures,
2039 1181 2090 1214 qui

219 1229 318 1255 induit
339 1230 383 1255 vel
404 1229 568 1256 induerunt
589 1230 795 1256 cancellarium
817 1232 846 1256 et
872 1230 1013 1256 familiam
1038 1232 1072 1255 ut
1095 1230 1125 1255 in
1151 1230 1229 1256 dicto
1255 1230 1378 1255 articulo
1404 1229 1586 1258 continetur:
1608 1229 1643 1255 de
1667 1229 1722 1254 alio
1744 1229 1912 1255 cancellario
1939 1237 2005 1256 vero
2030 1238 2090 1255 non

219 1278 341 1304 audivit.

308 1328 382 1353 Item
398 1335 484 1361 super
499 1328 580 1361 xxiij⁰
596 1328 728 1357 articulo,
745 1328 818 1354 dixit
832 1330 861 1354 et
876 1328 1008 1361 deposuit
1022 1328 1119 1361 quoad
1135 1327 1261 1361 primam
1277 1329 1390 1360 partem
1407 1327 1531 1357 articuli,
1548 1327 1628 1360 quod
1649 1315 1920 1360 1mscimt'judicarc,
1935 1335 2003 1352 cum
2019 1335 2090 1352 0011-

219 1375 298 1401 sistat
313 1376 423 1409 injure
438 1378 466 1402 01
479 1384 539 1402 11011
555 1377 698 1410 pertineat
713 1377 748 1402 ad
765 1379 867 1403 testem
882 1377 918 1403 de
930 1377 997 1410 jure
1008 1377 1149 1410 judicare.
1165 1376 1267 1409 Quoad
1283 1376 1441 1402 secundam
1459 1384 1524 1401 xero
1544 1378 1656 1409 partem
1676 1376 1809 1408 deposuit
1829 1384 1856 1401 50
1872 1377 1996 1404 credere,
2011 1376 2091 1409 quod

219 1425 328 1450 occasio
343 1425 529 1450 discensionis
545 1426 601 1451 fuit
616 1426 751 1458 prioritas
764 1426 836 1451 sedis
849 1426 884 1452 de
899 1433 957 1459 qua
972 1426 1006 1451 fit
1021 1426 1052 1451 in
1065 1426 1142 1451 dicto
1157 1425 1280 1451 articulo
1295 1425 1420 1450 mencio.
1438 1425 1472 1450 Et
1492 1425 1547 1449 fuit
1563 1427 1642 1450 mota
1657 1425 1796 1450 discensio
1818 1432 1851 1450 ex
1871 1425 2001 1457 appetitu
2026 1425 2090 1450 vin-

218 1473 315 1508 di[c]te
329 1475 358 1499 et
372 1474 520 1500 occasione
532 1474 745 1507 indignacionis
761 1483 811 1507 per
826 1475 938 1508 aliquos
954 1476 1101 1507 concepte.
1119 1474 1251 1500 Reddens
1266 1482 1383 1499 causam
1399 1482 1448 1499 sue
1464 1474 1651 1501 credulitatis.
1669 1473 1737 1506 quia
1757 1473 1807 1498 scit
1823 1474 1902 1506 quod
1923 1474 1952 1498 in
1969 1474 2090 1499 L'niver-

219 1522 302 1548 sitate
323 1522 385 1556 ipso
409 1525 541 1556 presente
565 1523 622 1549 fuit
645 1524 823 1556 aliquociens
843 1525 1011 1552 tractatum,
1027 1523 1107 1556 quod
1127 1524 1151 1549 si
1173 1523 1351 1549 cancellarius
1370 1523 1445 1548 vellet
1460 1523 1550 1556 fitteri
1572 1524 1703 1548 rec-torem
1725 1530 1783 1547 esse
1807 1523 1949 1555 nmjorem,
1975 1524 1998 1548 et
2020 1523 2092 1555 qaod

218 1571 328 1597 deberet
344 1572 494 1604 precedere
508 1580 578 1601 eum„
596 1573 620 1597 et
638 1572 729 1605 fateri
745 1573 817 1605 quod
835 1573 905 1598 male
915 1573 1024 1606 fecerat
1040 1572 1105 1605 (μιῖα
1116 1573 1288 1605 precesserat
1304 1580 1364 1597 eum
1379 1572 1405 1597 in
1420 1572 1492 1599 sede,
1509 1571 1690 1597 dimitteretur
1704 1571 1730 1596 in
1742 1579 1810 1603 pace
1821 1570 1855 1601 ²⁴³}
1871 1572 1898 1596 et
1912 1571 1979 1604 quia
1996 1571 2091 1596 uoluit

219 1620 274 1646 hoc
289 1621 390 1649 facere,
408 1621 463 1646 fuit
478 1629 594 1654 presens
606 1621 747 1647 discordia
762 1621 905 1647 suscitata.

307 1670 380 1695 Item
396 1677 483 1702 super
498 1670 587 1703 xxxijo
603 1670 736 1699 articulo,
753 1670 826 1695 dixit
841 1678 943 1695 verum
962 1678 1019 1696 esse
1035 1671 1069 1695 ut
1088 1670 1118 1695 in
1135 1670 1212 1695 dicto
1232 1670 1356 1695 articulo
1375 1669 1553 1695 continetur.
1578 1670 1776 1702 Interrogatus
1797 1669 1832 1694 de
1856 1676 1939 1694 causa
1961 1669 2089 1697 sciencie,

217 1717 290 1743 dixit
305 1718 386 1751 quod
401 1726 454 1751 pro
467 1726 500 1744 eo
516 1719 584 1752 quia
600 1719 732 1744 interfuit
749 1719 823 1744 dum
841 1719 1025 1744 contumacia
1042 1719 1171 1752 predicta
1186 1719 1276 1744 levata
1300 1719 1364 1747 suit,
1389 1720 1416 1744 et
1436 1719 1525 1743 eciam
1542 1718 1572 1743 in
1588 1717 1797 1743 deliberacione
1813 1717 1940 1743 nacionis
1954 1717 2089 1745 Picardie.

216 1766 248 1792 in
263 1774 322 1800 qua
337 1767 462 1800 majores
474 1769 502 1793 et
516 1768 694 1801 antiquiores
709 1769 792 1793 erant
804 1768 971 1801 oppinionis
987 1776 1036 1794 seu
1049 1768 1276 1797 deliberacionis,
1294 1768 1374 1801 quod
1390 1775 1451 1793 non
1464 1768 1616 1793 levaretur.

305 1815 365 1849 xiij.
388 1816 533 1842 Discretus
548 1817 590 1842 vir
605 1817 743 1850 magister
762 1817 906 1843 Jouxxxsss
926 1825 962 1842 DE
983 1816 1150 1842 Hoxssnsxfl
1168 1817 1204 1842 (10
1223 1816 1397 1842 Alemannia
1418 1817 1492 1842 dioc.
1513 1816 1646 1848 Trajcct..
1670 1823 1747 1848 mag.
1771 1815 1801 1840 in
1823 1817 1877 1841 art.
1900 1817 1967 1841 actu
1989 1823 2091 1848 regens

217 1863 340 1890 Parisius
352 1864 383 1889 in
399 1865 535 1891 facultate
548 1867 613 1894 art.,
630 1865 713 1891 etatis
728 1866 824 1899 xxxiiij
841 1874 990 1891 annorum
1007 1867 1049 1891 vel
1063 1866 1146 1895 circa,
1161 1866 1277 1899 juratus
1293 1867 1320 1891 et
1333 1865 1515 1891 examinatus
1531 1873 1617 1897 super
1631 1864 1818 1897 infrascriptis
1832 1863 2042 1889 articulis....·²⁸.

306 1913 379 1939 Item
393 1921 480 1946 super
493 1914 551 1947 xvj⁰
566 1914 689 1940 articulo
702 1914 774 1940 dixit
787 1916 814 1940 et
829 1915 972 1947 deposuit.
990 1923 1017 1941 se
1032 1915 1132 1940 vidisse
1151 1915 1261 1947 pluries
1284 1914 1363 1939 mitti
1383 1922 1495 1947 pannos
1517 1915 1545 1940 et
1567 1922 1677 1946 pennas
1692 1913 1736 1938 vel
1752 1913 1904 1945 peccunias
1919 1921 1972 1945 pro
1985 1913 2090 1946 pannis

216 1962 387 1987 cancellario
402 1963 430 1988 et
446 1963 555 1988 familie
574 1963 737 1988 cancellarii
755 1971 806 1996 per
825 1963 1028 1989 licenciandos.
1045 1964 1244 1995 Interrogatus
1266 1963 1302 1989 de
1322 1963 1493 1988 nominibus
1508 1963 1628 1988 illorum
1646 1970 1719 1995 quos
1737 1962 1808 1987 vidit
1822 1962 1859 1987 sic
1874 1962 1999 1990 mittere,
2017 1962 2090 1987 dixit

215 2011 296 2043 quod
312 2011 487 2043 magistrum
501 2011 638 2044 Egidium
653 2012 688 2037 de
701 2012 817 2045 Campis
830 2014 858 2038 et
872 2020 971 2038 unum
985 2012 1077 2038 alium
1093 2012 1128 2038 de
1144 2012 1253 2038 Ordine
1267 2012 1362 2038 Sancti
1377 2012 1515 2038 Bernardi
1531 2012 1583 2044 qui
1599 2011 1808 2036 nominabatur
1827 2011 1962 2043 magister
1975 2011 2088 2036 ,1011011-

215 2058 306 2088 110549,
321 2059 369 2085 sed
383 2059 419 2085 dc
431 2060 606 2092 cognomine
622 2068 681 2086 non
696 2061 874 2090 recordatur,
889 2063 917 2087 et
931 2061 967 2087 de
981 2061 1116 2094 pluribus
1133 2061 1194 2086 aliis
1207 2061 1288 2090 vidit,
1305 2061 1340 2087 de
1355 2069 1485 2094 quorum
1504 2060 1673 2086 nominibus
1690 2067 1748 2085 non
1766 2060 1943 2085 recordatur.
1958 2060 2087 2085 Interro-

214 2109 299 2141 gatus
311 2108 346 2134 de
360 2109 530 2134 nominibus
543 2109 783 2135 cancellariorum
797 2110 905 2143 quibus
916 2110 987 2135 vidit
1000 2110 1078 2135 mitti
1094 2117 1206 2143 pannos
1219 2111 1247 2135 et
1260 2118 1379 2143 pennas,
1392 2110 1541 2143 respondit
1555 2109 1634 2142 quod
1648 2109 1738 2134 eredit
1751 2108 1829 2141 quod
1846 2108 1939 2133 (1101115
1952 2108 2088 2140 magister

214 2156 362 2182 Johannes
379 2157 414 2182 de
430 2157 539 2183 Ordine
560 2158 656 2183 Sancti
680 2159 818 2184 Bernardi
839 2159 919 2184 misit
938 2159 1129 2192 predecessori
1147 2159 1319 2184 immediato
1334 2159 1496 2184 cancellarii
1512 2158 1656 2187 moderni,
1673 2159 1700 2183 et
1714 2157 1808 2182 dictus
1823 2157 1958 2190 magister
1970 2157 2088 2190 Egidius

215 2206 386 2231 cancellario
403 2206 555 2232 moderno.
573 2207 614 2232 De
628 2207 689 2233 aliis
705 2207 812 2240 precise
825 2215 885 2233 non
901 2208 1070 2233 recordatur
1085 2207 1137 2240 qui
1152 2208 1322 2233 cancellario
1337 2208 1490 2233 miserunt.

303 2255 376 2280 Item
388 2263 474 2288 super
485 2256 575 2289 xxxij⁰
586 2256 719 2285 articulo,
732 2256 804 2282 dixit
819 2258 847 2282 et
862 2256 996 2289 deposuit
1009 2264 1111 2282 verum
1127 2264 1185 2282 esse
1198 2257 1278 2289 quod
1294 2257 1324 2281 in
1339 2257 1417 2282 dicto
1432 2257 1555 2282 articulo
1571 2256 1746 2281 continetur.
1762 2255 1892 2281 Reddens
1905 2262 2020 2280 causam
2036 2262 2085 2280 sue

214 2303 343 2333 sciencie,
360 2304 429 2337 quia
445 2304 579 2330 interfuit
594 2305 714 2338 quando
730 2305 914 2331 contumacia
930 2306 985 2330 suit
1000 2306 1066 2331 data
1086 2307 1186 2330 contra
1198 2305 1312 2330 dictum
1334 2305 1551 2334 cancellarium,
1567 2307 1595 2330 01
1608 2304 1698 2330 credit
1712 2304 1791 2337 quod
1807 2305 1900 2329 rector
1915 2303 2011 2329 fecerit
2031 2304 2085 2329 hoc

213 2354 315 2378 contra
330 2353 521 2386 oppinionem
544 2354 677 2386 plurium
698 2354 892 2387 antiquorum
913 2354 1123 2387 magistrorum
1140 2355 1168 2380 et
1188 2354 1280 2387 magis
1296 2356 1511 2387 provectorum,
1529 2354 1597 2387 quia
1614 2354 1778 2379 multorum
1791 2353 1962 2386 oppiniones
1974 2352 2085 2378 audivit

213 2401 386 2431 dicentium,
401 2402 481 2435 quod
495 2402 599 2428 iterato
612 2404 772 2429 vocaretur.

301 2449 376 2484 xiiij.
398 2451 447 2476 Vir
462 2451 632 2477 venerabilis
646 2453 674 2478 et
689 2452 828 2478 discretus
843 2452 979 2485 magister
993 2451 1175 2477 GUILLELMUS
1189 2451 1319 2481 Gonnum,
1333 2460 1410 2485 mag.
1424 2452 1454 2477 in
1467 2453 1521 2477 art.
1534 2453 1562 2478 ct
1575 2452 1635 2477 bac.
1651 2451 1681 2476 in
1696 2451 1795 2480 theol..
1810 2451 1892 2477 etatis
1907 2450 1979 2483 xxxij
1994 2458 2082 2475 anno-

214 2506 282 2524 rum
298 2499 341 2524 vel
354 2499 436 2528 circa,
450 2500 567 2533 juratus
582 2502 610 2526 et
622 2500 805 2526 examinatus
820 2508 906 2534 super
921 2501 1109 2533 infrascriptis
1124 2500 1334 2526 articulis....5⁰.

302 2547 376 2573 Item
387 2555 474 2581 super
484 2549 565 2582 xxiij⁰
578 2549 712 2578 articulo,
724 2549 796 2574 dixit
811 2557 871 2575 non
884 2550 985 2575 vidisse
1000 2557 1102 2575 omncs
1114 2549 1251 2575 articulos
1266 2549 1354 2582 partis
1369 2549 1494 2578 adverse,
1510 2549 1565 2574 nisi
1578 2549 1700 2582 aliquos,
1715 2556 1801 2582 super
1814 2548 1921 2582 quibus
1935 2555 1987 2580 pro
2002 2549 2083 2580 parte

214 2595 410 2622 Universitatis
422 2597 584 2630 productus
596 2598 740 2631 deposuit,
757 2598 792 2624 ad
808 2607 899 2632 quam
912 2598 1127 2632 deposicionem
1142 2606 1170 2624 se
1185 2599 1286 2627 refert;
1303 2598 1394 2624 credit
1409 2599 1509 2624 tamen
1525 2598 1605 2631 quod
1619 2605 1735 2630 presens
1748 2597 1937 2623 controversia
1951 2598 2013 2621 orta
2029 2596 2084 2621 suit

213 2651 248 2670 ex
261 2644 360 2678 aliquo
374 2645 440 2671 odio
455 2646 625 2679 aliquorum
641 2647 838 2673 Universitatis
853 2649 882 2673 01
895 2647 1041 2673 occasione
1057 2647 1213 2680 prioritatis
1229 2647 1310 2677 sedis,
1327 2647 1362 2673 de
1377 2655 1436 2680 qua
1455 2646 1486 2672 in
1501 2646 1578 2672 dicto
1599 2646 1722 2672 articulo
1742 2647 1775 2671 fit
1796 2645 1919 2671 mencio.
1937 2645 1998 2670 Alia
2011 2644 2084 2669 dixit

213 2700 242 2719 se
256 2693 365 2720 nescire
379 2694 415 2720 de
429 2695 573 2721 contentis
587 2695 618 2721 in
631 2696 708 2722 dicto
721 2696 854 2722 articulo.

301 2749 348 2769 xv.
371 2743 516 2769 Discretus
531 2745 559 2769 et
578 2744 718 2770 honestus
738 2745 782 2770 vir
800 2745 939 2778 magister
953 2745 1078 2771 JACOBUS
1102 2744 1229 2774 Juvmus,
1253 2752 1330 2777 mag.
1354 2744 1386 2770 in
1409 2746 1475 2774 art.⁷
1492 2744 1606 2770 scolaris
1628 2744 1750 2770 Parisius
1773 2743 1803 2768 in
1825 2742 1979 2774 theologia,
2002 2740 2084 2767 etatis

214 2790 243 2816 lx
259 2798 408 2816 annorum
422 2793 450 2818 et
463 2793 599 2826 amplius,
616 2793 684 2819 alias
695 2794 822 2826 juratus,
839 2794 1022 2820 examinatus
1037 2795 1065 2819 et
1080 2794 1277 2826 interrogatus
1292 2801 1378 2827 super
1394 2793 1581 2827 infrascriptis
1596 2791 1806 2818 articulis....·'‘¹.

301 2840 375 2866 Item
390 2848 477 2874 super
494 2842 545 2875 vij⁰
561 2842 694 2872 articulo,
714 2842 849 2876 deposuit
864 2851 892 2869 se
908 2843 1016 2869 nescire
1041 2843 1117 2868 infra
1139 2844 1288 2875 quantum
1311 2842 1475 2868 terminum
1500 2842 1602 2867 debeat
1616 2849 1644 2867 se
1658 2841 1827 2869 informare,
1850 2841 1878 2865 et
1901 2838 1990 2865 credit
2005 2837 2085 2870 qued

213 2889 308 2922 potest
322 2890 351 2914 et
369 2889 455 2916 debet
476 2898 504 2917 se
523 2890 683 2917 informare
700 2891 732 2917 in
748 2892 934 2917 facultatibus
952 2891 1097 2930 theologie
1116 2892 1145 2917 et
1168 2891 1353 2917 decretorum
1369 2899 1438 2917 cum
1458 2890 1603 2924 magistris
1617 2891 1645 2916 et
1661 2889 1837 2918 doctoribus,
1854 2888 1884 2913 in
1899 2886 2084 2913 facultatibus
