2488 3386
434 360 496 392 158
1006 360 1323 385 CHARTULARIUM
1358 358 1547 381 UNtVERs.
1585 357 1715 379 Pnus.
2193 341 2293 378 [1366

431 444 586 474 prosecutus
599 444 646 468 est,
667 449 678 463 «
692 443 764 463 extra
778 438 927 462 cancellarii
942 441 967 460 et
981 435 1167 460 Universitntis
1181 434 1294 465 gratiam
1308 443 1318 455 »
1333 433 1452 456 existere.
1471 441 1482 453 «
1494 431 1548 454 Viri
1561 439 1635 454 sacre
1650 430 1770 454 lectionis
1785 438 1807 452 ».
1819 430 1882 460 Reg.
1894 430 1951 452 Vat.
1964 429 2043 452 Aven.
2057 428 2123 452 Urb.
2133 429 2164 457 V,
2174 428 2225 451 vol.
2240 428 2292 458 XX,

432 487 476 510 fol.
493 487 548 509 4⁶20.
568 499 593 503 —-
611 486 657 508 An.
681 485 750 513 1372,
767 483 852 506 Martii
876 483 915 511 17,
931 482 1072 507 Johannes,
1094 483 1148 502 tum
1171 478 1270 501 hacc-al.
1293 477 1319 500 in
1340 476 1482 507 theologia,
1507 477 1590 499 ructus
1612 479 1652 499 cst
1671 475 1751 506 episc.
1771 474 1932 505 Bangorens.
1956 474 2028 504 (Reg.
2053 474 2132 498 Aven.
2156 473 2234 504 Greg.
2251 473 2293 502 XL

431 531 482 554 vol.
499 531 562 559 XIV,
580 530 623 553 sol.
640 530 703 558 154),
720 537 762 551 an.
780 528 849 555 1376,
863 527 913 550 Jul.
932 527 953 554 2,
971 525 1051 556 episc.
1067 523 1249 547 lieretordens,
1267 523 1339 553 (ch.
1354 522 1432 551 Grog.
1447 521 1488 550 XI,
1500 524 1528 543 n⁰
1542 521 1595 547 290,
1614 520 1658 543 fol.
1677 520 1741 550 141),
1753 527 1795 542 un.
1807 519 1946 542 1389.ante
1957 517 2018 540 Maii
2034 518 2072 545 22,
2084 517 2117 540 ab
2130 517 2235 541 Urbano
2251 517 2292 545 VI,

431 576 575 598 translatus
591 574 623 596 ad
639 573 726 596 sedem
741 573 872 595 Meneven.
890 570 987 601 (Oblig.
1001 570 1026 592 in
1044 569 1120 592 Arch.
1137 568 1203 595 νειμ,
1223 571 1251 589 11⁰
1265 567 1304 593 48.
1322 566 1367 589 sol.
1386 565 1451 594 82¹³).
1466 565 1506 588 Cf.
1522 564 1601 587 ctiutn
1617 563 1831 592 Quetis-Echa1·d‚
1847 563 1865 590 Ι,
1882 564 1936 585 653.

525 660 547 682 1.
564 658 660 682 Eodem
676 665 743 680 anno
765 655 797 678 ab
821 653 1044 678 Universitntibus
1065 651 1204 676 Oxoniensi
1223 654 1248 673 et.
1263 649 1475 680 cantabrigiensi
1498 649 1610 680 supplex
1631 648 1736 672 libellus
1754 648 1824 679 npud
1840 646 1914 678 regni
1930 646 2034 670 ordines
2057 646 2252 677 porrigebatur,
2268 646 2295 669 in

432 712 482 735 quo
498 703 603 734 quercla
618 702 649 725 de
665 699 869 724 mendicantium
882 698 949 730 juris
963 696 1105 720 academici
1119 698 1268 726 contemptu
1285 694 1481 717 instituebatur.
1500 693 1590 722 Wood,
1610 693 1680 717 Hist.
1702 693 1826 717 Univers.
1845 692 1942 719 oxon„
1960 691 1979 720 Ι,
1997 691 2055 718 18·2;
2075 690 2130 715 The
2148 691 2217 715 Hs'st.
2237 692 2296 715 and

432 747 602 778 Antiquicies
616 747 648 775 of
659 746 702 769 the
721 743 878 774 University
893 744 926 772 of
938 743 1049 771 acford,
1067 742 1086 769 Ι,
1102 741 1156 763 480.

438 894 578 932 1330,
602 902 711 928 Electio
728 902 844 927 rectoris
859 899 997 926 Iohannis
1017 899 1052 925 de
1071 898 1179 924 Trelon.

1433 939 1504 968 1368,
1521 938 1648 971 Septemb.
1666 937 1826 964 16-Decemb.
1847 937 1882 966 18,
1898 937 2010 963 Parisiis.

520 1030 625 1062 Anno
647 1027 791 1060 Domini
815 1027 911 1067 1366,
933 1026 987 1069 xvj
1012 1025 1070 1057 die
1091 1023 1228 1056 mensis
1249 1021 1488 1067 Septembris,
1514 1021 1581 1054 suit.
1608 1021 1747 1054 electus
1775 1021 1811 1053 in
1840 1027 2018 1053 rectorem
2046 1031 2111 1065 pro
2137 1019 2297 1053 secunda

432 1096 528 1128 vice¹
558 1085 730 1139 magister
756 1092 938 1126 Johannes
967 1091 1085 1124 dictus
1115 1090 1158 1122 de
1179 1089 1314 1122 Trelon
1342 1089 1386 1121 de
1416 1088 1628 1121 Malincuria
1655 1076 1718 1120 νὴ(
1735 1087 1891 1132 Spiritus
1913 1087 2045 1120 Sancti.
2077 1087 2121 1119 Et
2151 1087 2299 1119 fuerunt

433 1162 608 1194 intrantes
631 1160 793 1205 magistri
814 1158 1010 1204 Dyonisius
1032 1157 1206 1197 Flatonis,
1227 1156 1411 1189 Johannes
1434 1154 1626 1195 Bardoul²‚
1650 1154 1830 1187 Henricus
1856 1155 1993 1186 Herout
2019 1160 2054 1186 et
2072 1153 2229 1187 Jacobus
2253 1152 2298 1186 de

434 1228 634 1260 Hollandia.
663 1228 706 1259 Et
725 1226 850 1259 habuit
877 1225 1035 1257 laborem
1065 1224 1281 1256 immensum
1311 1234 1375 1267 pro
1397 1220 1680 1254 inhibitionibus
1699 1221 1802 1254 factis
1823 1220 2084 1260 conservatori,
2111 1219 2243 1253 rectori
2263 1225 2300 1252 et

434 1294 632 1339 promotori
654 1305 697 1326 ex
717 1299 816 1338 parte
838 1292 936 1336 regis
958 1298 992 1323 et
1012 1291 1242 1323 dominorum
1265 1289 1309 1322 de
1332 1289 1590 1322 Parlamento³.

524 1362 609 1393 Item
633 1372 696 1405 pro
718 1358 837 1392 rotulo
859 1358 996 1390 directo
1024 1357 1067 1390 ad
1098 1357 1282 1389 dominum
1313 1368 1438 1401 papam
1461 1355 1646 1389 Urbanum
1670 1355 1736 1396 V⁶‚
1758 1355 1862 1398 cujus
1892 1360 2005 1386 totum
2034 1364 2127 1386 onus
2155 1351 2297 1394 habui-13

435 1434 551 1460 tamen
574 1439 645 1459 non
666 1426 732 1458 suit
753 1426 894 1470 positus
914 1425 951 1457 in
973 1436 1015 1457 eo
1036 1431 1202 1468 tanquam
1224 1414 1356 1456 rector.

526 1495 610 1526 {tem
633 1505 697 1538 pro
713 1493 798 1526 vino
819 1498 993 1524 arrestato
1014 1491 1050 1523 in
1073 1491 1206 1523 Secana
1228 1501 1292 1535 per
1314 1489 1538 1535 prepositum
1559 1495 1812 1530 mercatorum,
1834 1487 1919 1520 licet
1938 1486 2029 1520 illud
2044 1487 2167 1520 vinum
2189 1486 2300 1532 perti-

436 1566 538 1593 neret
557 1560 600 1592 ad
620 1559 814 1604 collegium
837 1558 881 1591 de
900 1557 1075 1592 Choletis.

528 1658 593 1680 Mus.
611 1656 728 1680 Britann.
744 1665 793 1679 ms.
810 1656 871 1679 add.
888 1656 972 1684 17304,
988 1656 1032 1679 sol.
1050 1655 1121 1678 14612.
1139 1669 1165 1672 —-
1182 1655 1306 1683 Bulaeus,
1321 1655 1361 1683 lv,
1379 1655 1433 1678 394.

529 1741 550 1764 1.
565 1740 652 1763 Prima
665 1740 720 1763 vice
735 1743 794 1763 unte
807 1748 848 1762 nn.
868 1740 936 1768 1365,
954 1739 1039 1762 Martii
1054 1740 1092 1762 24.
1108 1739 1165 1762 Vid.
1180 1747 1261 1770 supra
1278 1743 1305 1761 11⁰
1322 1739 1391 1768 1307,
1405 1738 1518 1762 Picard.
1539 1751 1564 1755 -
1580 1738 1603 1761 2.
1617 1737 1676 1761 Vid.
1689 1737 1758 1760 infra
1774 1737 1806 1760 ud
1822 1745 1865 1759 nn.
1880 1736 1948 1764 1379,
1966 1735 2038 1767 Sept.
2054 1736 2076 1758 7.
2089 1739 2124 1752 ⁵-—
2139 1735 2161 1758 3.
2177 1734 2228 1758 Sed
2245 1733 2300 1758 vid.

436 1785 505 1808 infru
520 1789 548 1807 n⁰
562 1785 630 1807 1332.
648 1798 675 1802 —
691 1785 714 1809 4.
730 1785 780 1807 Iste
795 1784 897 1807 rotulus
914 1792 963 1806 non
979 1787 1019 1806 est.
1031 1787 1211 1807 conservatus.

442 1929 531 1966 133
541 1929 562 1965 1
572 1957 580 1966 .
610 1938 739 1964 Urbanus
755 1938 932 1973 V(Grimerio
944 1938 1100 1971 Bonifacii)
1116 1937 1289 1963 cancellario
1301 1937 1407 1970 Paris.,
1420 1940 1450 1962 ut
1461 1935 1637 1962 Richardum
1652 1935 1688 1961 de
1702 1934 1887 1969 Bellomonte‚
1901 1942 1963 1959 can.
1974 1933 2152 1967 Ebroicens„
2165 1931 2303 1958 baccala-

526 1996 602 2012 reum
615 1987 642 2012 in
659 1987 753 2021 theol„
764 1987 911 2012 lohannae
927 1987 1043 2020 reginae
1053 1986 1192 2012 Franciac
1207 1987 1394 2012 secretarium
1407 1989 1434 2011 et
1445 1985 1613 2019 magistrum
1628 1985 1655 2010 in
1667 1984 1780 2010 artibus
1792 1983 1854 2019 (qui
1868 1992 1921 2019 per
1936 1986 2019 2008 tanta
2035 1986 2163 2017 tempora
2178 1980 2302 2006 Parisiis
2347 1994 2351 1998 ι

527 2037 554 2061 in
571 2036 728 2070 theologica
741 2035 884 2070 facultate
899 2035 1018 2067 studuit,
1037 2035 1112 2070 quod
1125 2036 1182 2060 nisi
1197 2044 1258 2060 eum
1277 2035 1405 2068 Carolus,
1424 2043 1476 2060 rex
1488 2035 1671 2067 Francorum,
1688 2034 1716 2059 in
1733 2032 1897 2068 hujusmodi
1915 2032 2029 2057 servitiu
2045 2030 2226 2060 detinuisset,
2238 2030 2303 2065 jam

526 2086 553 2110 in
575 2084 674 2110 eadem
697 2084 839 2118 facultate
863 2085 891 2109 in
913 2084 1008 2109 studio
1022 2084 1171 2119 praedicto
1191 2084 1351 2118 magisterii
1371 2083 1502 2109 honorem
1525 2083 1708 2118 suscepisset,
1729 2081 1877 2117 eidemque
1900 2080 1974 2106 idem
1997 2089 2057 2113 rex,
2076 2083 2106 2105 ut
2125 2088 2179 2115 per
2198 2087 2303 2104 annum

527 2133 629 2159 librum
642 2134 851 2158 Sententiarum
872 2132 955 2167 legat,
975 2132 1120 2158 licentiam
1143 2132 1294 2158 recedendi
1317 2133 1354 2158 ab
1382 2131 1545 2166 hujusmodi
1569 2131 1658 2164 officio
1681 2131 1753 2157 dare
1769 2130 1906 2164 recusat),
1924 2129 1964 2154 ad
1987 2128 2124 2163 legendas
2141 2127 2304 2153 Sententiae

528 2182 556 2207 in
570 2182 683 2207 duabus
698 2182 827 2217 proxime
842 2182 948 2215 futuris
966 2181 1170 2214 vacationibus⁷
1190 2182 1218 2206 in
1235 2181 1338 2216 quibus
1354 2183 1415 2215 fere
1429 2185 1469 2206 tot
1484 2184 1566 2206 erunt
1581 2180 1716 2206 lectiones
1728 2182 1815 2215 prout
1831 2179 1859 2204 in
1874 2178 2031 2206 ordinario.
2050 2177 2196 2209 admittat,
2213 2176 2240 2202 si
2252 2184 2306 2211 per·

529 2231 589 2265 ejus
605 2234 631 2256 et
652 2230 753 2256 saltem
772 2234 896 2265 quatuor
911 2231 1109 2264 magistrorum
1125 2230 1195 2255 dicti
1217 2230 1308 2255 studii
1323 2230 1351 2255 in
1368 2230 1467 2255 eadem
1483 2229 1628 2264 facultate
1644 2228 1887 2254 examinationem
1903 2227 1944 2253 ad
1963 2227 2014 2252 hoc
2033 2226 2154 2252 idoneus
2174 2228 2304 2261 repertus

528 2280 624 2313 fuerit,
640 2280 766 2314 quamvis
781 2278 935 2304 secundum
949 2288 1119 2304 communem
1130 2279 1226 2304 stilum
1236 2279 1381 2314 praedicti
1395 2278 1486 2304 studii
1502 2278 1596 2303 adhuc
1612 2286 1696 2303 unum
1712 2286 1824 2303 cursum
1835 2276 1960 2310 Bibliae,
1973 2279 2129 2310 antequam
2145 2273 2185 2299 ad
2197 2273 2305 2299 dictam

529 2327 666 2353 lecturam
682 2327 889 2361 admitteretur,
907 2327 1021 2353 deberet
1037 2327 1137 2362 legere.
1155 2329 1218 2354 Dat.
1234 2328 1376 2354 Avinione
1388 2336 1405 2353 x
1420 2328 1476 2353 kal.
1494 2327 1635 2357 Januarii.
1651 2334 1731 2353 anno
1746 2326 1862 2359 quinto.
1881 2336 1895 2350 α
1908 2324 1967 2351 Viri
1981 2332 2060 2351 sacre
2074 2333 2098 2349 υ.

1582 2412 1654 2441 1388,
1670 2410 1816 2437 Decembris
1829 2410 1871 2440 23.
1887 2409 2018 2436 Λνοηίοηο.

533 2447 594 2478 Reg.
611 2447 670 2470 Vat.
683 2447 763 2470 Aven.
779 2446 881 2471 Urbani
892 2447 923 2476 V,
936 2447 988 2470 vol.
1002 2447 1053 2475 XV,
1070 2447 1114 2471 fol.
1133 2448 1187 2470 323.

447 2604 585 2641 1332.
612 2613 729 2639 Carolus
751 2615 777 2647 V,
798 2615 969 2640 Francorum
986 2623 1044 2648 rex,
1060 2614 1211 2650 privilegia
1238 2615 1435 2641 Uniucrsitatis
1451 2618 1518 2640 ante
1538 2622 1674 2640 concessa
1696 2615 1855 2647 confirmat,
1879 2615 1906 2638 et
1927 2619 2035 2637 causas
2057 2618 2132 2646 quae
2146 2608 2187 2636 ad
2209 2617 2305 2635 eorum

532 2662 670 2697 beneficia
685 2666 816 2698 spectant
831 2671 849 2688 a
865 2667 1059 2689 conservatore
1072 2663 1282 2699 privilegiorum
1297 2663 1508 2698 cognoscendas
1524 2665 1595 2698 fore,
1613 2662 1726 2689 statuit.

1562 2749 1634 2777 1367,
1649 2747 1736 2773 Martii
1748 2747 1787 2777 18,
1803 2747 1872 2779 apud
1881 2746 2014 2778 Lapat-am.

531 2830 699 2871 Kar-olus⁷
726 2831 791 2862 Dei
821 2831 934 2875 gratia
962 2832 1178 2863 Francorum
1208 2843 1281 2872 rex,
1311 2832 1491 2865 universis
1522 2838 1712 2876 presentes
1740 2831 1863 2863 literas
1890 2827 2111 2874 inspecturis
2140 2825 2303 2859 salutem.

444 2896 596 2929 Gravem
619 2896 879 2941 querimoniam
901 2896 1031 2929 dilecte
1052 2897 1124 2930 filie
1146 2905 1269 2930 nostre
1292 2898 1538 2931 universitatis
1559 2898 1814 2943 magistrorum
1837 2903 1873 2929 et
1894 2895 2086 2929 scolarium
2107 2891 2304 2926 Parisiens.

2483 3045 2488 3054 2
2470 2907 2488 3024 ...uhu-'³52
2480 2883 2488 2894 ,ι
2479 2835 2488 2864 „112
