2488 3386
433 345 497 377 654
1123 369 1126 372 .
1252 346 1467 369 APrENtnx.

439 470 576 508 1709.
602 488 615 503 <‹
633 480 747 504 Statum
763 477 839 502 circa
854 478 975 510 sormam
992 473 1149 510 incipiendi
1163 473 1191 498 in
1207 472 1330 499 decretis
1342 480 1393 508 pro
1406 471 1499 506 gradu
1516 471 1682 497 doctoratus
1697 471 1896 507 adipiscendo.
1915 481 1929 496 ›

526 576 561 609 (ι)
577 574 673 600 Primo
693 573 772 607 quod
787 573 818 598 in
837 572 883 598 die
904 570 1100 604 vesperiarum
1120 570 1230 597 doctor.
1253 568 1305 602 qui
1324 567 1481 601 presidebit
1498 567 1529 592 in
1547 567 1692 596 cathedra,
1709 566 1828 594 habebit
1841 567 1986 600 assignare
2005 573 2097 592 unam
2113 565 2297 599 questionem

434 626 509 651 inter
528 623 698 650 baccalarios
719 621 927 654 disputandam
947 619 1031 645 alicui
1051 618 1209 645 baccalario
1234 617 1356 643 Parisius
1375 616 1405 642 in
1428 616 1564 642 facultate
1582 615 1778 645 decretorum,
1799 615 1847 642 cui
1871 615 1994 642 voluerit
2018 616 2046 641 et
2066 622 2156 648 quem
2180 614 2298 647 elegerit

433 673 603 707 respondere
618 679 667 698 seu
680 670 855 697 ordinaverit
870 676 1087 702 responsurum.

522 721 560 756 (α)
574 722 646 747 Item
659 720 753 746 dictus
766 718 940 745 baccalarius
954 717 1005 750 qui
1021 716 1138 742 habebit
1151 714 1323 749 respondere
1338 713 1487 740 tenebitur
1501 715 1569 739 ante
1583 713 1662 739 diem
1675 713 1868 747 responsionis
1882 721 1932 740 sue
1945 713 2012 739 dare
2029 713 2139 739 decano
2152 711 2300 737 facultatis

433 770 626 804 questionem.
641 768 838 795 conclusiones
847 769 875 793 et
888 765 1048 794 correlaria,
1061 766 1094 790 ut
1109 764 1232 790 evitetur
1244 770 1403 789 concursus
1414 762 1605 788 materiarum
1618 762 1694 788 inter
1708 762 1924 788 doctorandum
1938 764 1966 788 et
1979 762 2077 795 ipsum
2093 760 2296 787 baccalarium.

523 819 560 853 (3)
575 820 648 844 Item
663 818 765 844 eodem
779 816 867 842 modo
880 815 1027 841 tenebitur
1042 813 1238 839 doctorandus
1252 811 1471 838 communicare
1485 811 1595 837 decano
1610 811 1805 845 questionem,
1821 813 1887 841 etc.‚
1901 812 2020 844 propter
2035 810 2157 836 eandem
2171 816 2298 835 causam.

523 868 560 902 (Δ)
575 869 647 893 Item
660 866 761 900 junior
781 866 882 891 doctor
897 871 998 897 regens
1012 863 1097 889 debet
1112 861 1284 895 respondere
1303 861 1339 887 de
1360 860 1512 894 questione
1533 860 1708 894 disputanda
1728 860 1774 886 die
1794 862 1861 886 ante
1882 861 1958 886 Inter
1979 860 2110 886 doctores
2129 860 2157 885 et
2181 858 2217 884 de
2239 865 2302 884 uno

435 925 530 952 quare,
547 917 600 942 nisi
616 916 735 941 facultas
749 914 828 939 aliud
843 912 1027 939 ordinaverit.

523 966 562 1000 (5)
575 966 646 991 Item
660 972 675 990 a
688 963 818 997 quolibet
833 962 988 994 incipiente
1003 961 1128 986 decanus
1143 959 1229 986 debet
1243 959 1349 985 habere
1365 960 1495 992 quatuor
1509 958 1632 984 birretos
1647 958 1739 984 bonos
1753 959 1781 983 et
1797 958 1942 983 honestos.

523 1015 562 1048 (6)
575 1015 646 1039 Item
662 1013 762 1038 doctor
776 1010 955 1037 doctorizans
970 1011 1107 1042 quatuor.
1125 1009 1199 1034 Item
1213 1008 1315 1034 doctor
1330 1007 1508 1041 respondens
1527 1006 1562 1033 de
1577 1006 1729 1040 questione
1745 1008 1883 1039 quatuor.
1899 1007 1927 1032 et
1947 1006 2072 1039 quilibet
2092 1006 2219 1032 aliorum
2234 1004 2299 1031 doc-

436 1066 535 1090 torum
550 1064 618 1088 duo.

527 1112 565 1146 (7)
580 1113 652 1137 Item
668 1110 747 1144 quod
764 1109 863 1135 nullus
877 1109 978 1134 doctor
994 1107 1047 1133 nisi
1063 1114 1127 1133 vere
1148 1113 1250 1139 regens
1265 1105 1354 1139 possit
1373 1107 1471 1132 tenere
1491 1105 1671 1138 principium
1687 1103 1717 1130 in
1734 1104 1869 1133 Decretis,
1894 1104 1947 1130 nisi
1967 1112 2018 1137 per
2038 1103 2205 1130 facultatem
2220 1101 2301 1129 aliud

437 1162 523 1188 fuerit
538 1161 717 1186 ordinatum.

524 1209 561 1243 (8)
575 1210 647 1234 Item
667 1208 766 1234 nullus
786 1208 879 1240 potest
894 1205 1019 1238 incipere
1034 1205 1064 1230 in
1080 1204 1216 1233 Decretis,
1234 1204 1287 1229 nisi
1303 1203 1358 1230 sub
1376 1203 1494 1229 doctore
1509 1203 1563 1228 sub
1583 1210 1643 1236 quo
1659 1202 1746 1228 suerit
1765 1202 1939 1230 licentiatus,
1956 1201 2018 1235 ipso
2033 1203 2133 1227 tamen
2148 1200 2263 1226 vivente
2275 1201 2304 1226 et

435 1260 509 1285 infra
526 1266 649 1291 regnum
666 1257 782 1282 Francie
794 1256 942 1284 existente,
959 1255 981 1280 si
996 1256 1095 1280 tamen
1108 1254 1170 1287 ejus
1182 1253 1263 1287 copia
1279 1252 1380 1278 haberi
1395 1252 1550 1278 commode
1563 1251 1706 1285 potuerit:
1721 1250 1804 1277 alias¹
1822 1251 1971 1277 tenebitur
1984 1251 2112 1284 incipere
2126 1249 2181 1276 sub
2195 1249 2304 1275 decano

436 1307 578 1334 facultatis
592 1308 620 1332 et
635 1306 741 1331 solvere
755 1305 823 1338 jura
838 1304 978 1332 facultati.
995 1310 1052 1336 que
1072 1303 1222 1328 soluturus
1241 1303 1313 1328 esset
1330 1309 1382 1327 suo
1399 1301 1521 1329 doctori.
1539 1301 1561 1327 si
1584 1301 1700 1329 viveret.
1721 1302 1750 1326 et
1767 1301 1856 1333 prout
1873 1301 1982 1325 statuta
1996 1298 2116 1326 cavens-¹
2128 1299 2158 1324 in
2172 1298 2303 1332 proxima

437 1357 548 1382 rubrica
563 1363 660 1388 supra,
677 1356 704 1380 et
717 1354 791 1379 infra
804 1353 926 1379 articulo
940 1352 1083 1386 proximo.

524 1404 564 1439 (9)
579 1405 650 1430 Item
664 1403 802 1429 licentiati
814 1402 865 1436 qui
879 1403 947 1427 sunt
962 1402 993 1427 in
1008 1402 1101 1427 forma
1116 1399 1274 1433 incipiendi
1290 1400 1320 1425 in
1336 1399 1472 1426 Decretis.
1487 1406 1618 1432 quorum
1633 1398 1765 1424 doctores
1783 1398 1835 1431 qui
1850 1398 1925 1430 ipsos
1937 1398 2108 1431 optaverant
2122 1396 2197 1423 mori
2215 1396 2304 1423 conti-

437 1454 516 1487 gerit..
538 1453 647 1487 possint
661 1452 795 1485 compelli
812 1459 862 1485 per
876 1451 1042 1484 collegium.
1061 1450 1081 1475 si
1102 1449 1256 1483 expediens
1278 1448 1410 1474 videatur
1425 1448 1478 1481 ipsi
1493 1447 1624 1481 collegio.
1643 1447 1770 1480 incipere
1790 1447 1821 1472 in
1841 1447 1967 1473 Decretis
1980 1448 2009 1472 et
2023 1446 2149 1480 recipere
2167 1445 2304 1479 gradum.

437 1504 510 1529 sicut
529 1502 636 1536 proprii
655 1501 785 1527 doctores
806 1500 936 1533 ipsorum
956 1501 1071 1532 possent
1091 1498 1166 1532 ipsos
1185 1497 1360 1531 compellere
1380 1497 1401 1523 si
1422 1497 1560 1525 viverent,
1582 1496 1621 1522 ita
1641 1496 1721 1529 quod
1744 1497 1842 1521 totum
1859 1496 1908 1529 jus
1923 1497 1951 1521 et
1966 1495 2205 1521 emolumentum
2225 1493 2306 1528 quod

437 1551 590 1578 deberetur
603 1550 764 1576 secundum
783 1550 908 1574 formam
929 1548 1030 1574 statuti
1049 1547 1192 1573 facultatis
1207 1546 1325 1580 proprio
1338 1545 1448 1572 doctori
1464 1545 1485 1571 si
1503 1545 1610 1571 viveret
1624 1546 1653 1571 et
1668 1545 1765 1578 ipsum
1778 1544 1976 1573 doctorizaret.
1995 1543 2149 1570 debebitur
2163 1543 2303 1569 facultati.

533 1638 601 1662 Bibl.
616 1639 707 1661 Arsen.
724 1637 807 1660 Paris.
822 1644 871 1660 ms.
889 1637 957 1663 1121,
975 1639 1048 1666 parte
1064 1635 1108 1663 III,
1124 1643 1150 1666 p.
1163 1635 1202 1663 98,
1219 1643 1232 1658 e
1248 1635 1309 1657 ms2⁰
1324 1633 1506 1658 Cheltenham.
1521 1634 1591 1662 2863,
1608 1632 1654 1660 ib.,
1673 1633 1717 1656 sol.
1734 1632 1830 1655 XXXV.

534 1724 555 1746 1.
573 1723 619 1746 MS.
636 1731 640 1745 z
657 1731 668 1745 «
682 1722 749 1745 alius
766 1731 789 1744 u.
802 1734 832 1738 —
847 1722 868 1744 2.
883 1721 929 1744 Ms.
947 1728 952 1744 ”.
971 1708 1130 1743 «canunt».

447 1890 584 1927 1710.
609 1907 623 1924 «
641 1900 756 1924 statuta
771 1901 798 1923 et
807 1898 974 1932 juramenta
986 1895 1148 1932 prestanda
1160 1896 1187 1921 in
1204 1895 1323 1930 collegio
1339 1893 1495 1929 facultatis
1510 1895 1692 1920 Decretorum
1706 1892 1907 1919 concernentia
1919 1891 2051 1917 doctores
2068 1890 2190 1917 volentes
2206 1898 2308 1925 regen-

530 1948 598 1973 tiam
615 1947 738 1983 incipere
754 1950 781 1972 et
796 1946 923 1972 eamdem
940 1945 1096 1980 regentium
1113 1945 1290 1970 continuare.
1309 1954 1324 1970 »

1600 1979 1696 2005 Partim
1711 1986 1750 2004 an.
1769 1978 1838 2006 1391.
1852 1977 1984 2003 Februarii
1997 1977 2023 2003 8.

530 2072 568 2106 (1)
581 2073 633 2098 Nos
650 2073 775 2098 decanus
790 2073 818 2098 et
832 2071 988 2103 collegium
1003 2069 1147 2096 facultatis
1162 2070 1362 2096 Decretorum.
1377 2068 1591 2095 considerantes
1607 2067 1707 2103 [quod]
1733 2067 1806 2093 illud
1825 2067 1905 2101 quod
1927 2065 2110 2100 frequentius
2128 2064 2266 2099 aspicitur
2280 2065 2310 2091 et

441 2122 590 2157 repetitur,
613 2121 715 2147 melius
737 2122 764 2147 et
784 2120 926 2146 efficacius
946 2119 976 2145 in
995 2119 1136 2145 memoria
1158 2118 1302 2144 retinetur
1323 2126 1329 2143 z
1346 2118 1452 2143 idcirco
1472 2119 1513 2143 est
1532 2119 1678 2143 statutum
1699 2118 1814 2142 matura
1834 2115 2040 2142 deliberatione
2056 2114 2206 2148 prehabita
2221 2114 2310 2148 prout

443 2171 530 2195 moris
544 2172 595 2199 est,
610 2170 688 2203 quod
705 2169 804 2195 nullus
823 2169 923 2194 doctor
938 2169 1068 2194 decetero
1083 2167 1257 2193 admittatur
1271 2167 1307 2192 ad
1322 2166 1482 2200 regentiam
1498 2165 1740 2194 continuandam,
1756 2165 1811 2191 nisi
1825 2164 1861 2190 de
1876 2172 1951 2190 novo
1963 2164 2043 2197 juret
2059 2171 2116 2197 que
2131 2164 2306 2196 sequuntur.

531 2219 568 2253 (2)
584 2219 618 2244 Et
637 2224 662 2244 1⁰
674 2218 785 2251 jurabit
800 2216 962 2251 pacem....⁴
982 2217 1106 2242 futuros.

531 2268 567 2301 (3)
583 2268 741 2300 Itemjura,
759 2268 875 2295 statuta,
892 2266 1047 2295 libertates,
1065 2263 1278 2299 privilegia....²
1293 2265 1467 2291 deffendere.

531 2316 569 2350 (4)
592 2317 663 2342 Item
682 2316 792 2349 jurabit
811 2323 923 2348 semper
942 2315 1073 2340 incedere
1093 2322 1144 2347 per
1158 2314 1257 2339 villam
1278 2314 1398 2340 honeste
1422 2313 1453 2339 in
1473 2313 1586 2339 decc-nti
1602 2312 1704 2338 habitu
1727 2314 1755 2338 et
1770 2319 1902 2344 congruo
1923 2312 1951 2337 et
1971 2317 2102 2343 congruo
2117 2309 2307 2335 doctorizatu.

444 2366 595 2391 associatus
614 2365 714 2390 saltem
737 2372 797 2390 uno
817 2365 918 2390 clerico
938 2364 981 2390 vel
1003 2363 1113 2389 famulo
1134 2363 1256 2389 honesto
1278 2363 1314 2388 ad
1329 2363 1473 2388 honorem
1496 2362 1650 2391 facultatis,
1668 2369 1720 2387 nec
1737 2368 1798 2386 non
1814 2362 1843 2386 et
1860 2360 1928 2385 viles
1943 2366 2078 2393 personas
2092 2360 2120 2385 et
2140 2358 2308 2384 inhonestas

445 2414 591 2440 comitivas
609 2422 640 2439 ac
655 2414 741 2439 ctiam
759 2413 910 2438 inhonesta
929 2413 990 2438 loca
1009 2414 1037 2438 et
1052 2413 1182 2445 suspecta
1202 2412 1319 2445 penitus
1340 2412 1446 2437 evitare
1468 2411 1522 2437 sub
1537 2418 1611 2444 pena
1631 2410 1800 2443 privationis
1819 2408 1956 2442 regentie.
1979 2407 2006 2433 Si
2026 2407 2091 2441 quis
2112 2414 2177 2433 vero
2197 2408 2298 2432 contra

446 2463 523 2488 lium
539 2463 642 2488 faciens
662 2462 747 2487 fueiit
766 2463 905 2494 remi-,tus
922 2461 1002 2494 quod
1018 2461 1100 2489 absit
1118 2462 1217 2486 contla
1232 2468 1301 2486 cum
1318 2460 1491 2494 procedetur
1506 2468 1557 2493 per
1575 2459 1742 2485 facultatem
1758 2458 1794 2484 ad
1810 2457 2000 2491 privationem
2017 2456 2144 2489 regentie
2164 2455 2195 2481 in
2210 2462 2309 2488 perpe-

447 2513 533 2536 tuum
549 2511 591 2536 vel
607 2511 682 2539 alias.
701 2512 787 2543 prout
802 2510 930 2535 facultati
945 2510 1090 2535 videbitur
1105 2517 1162 2535 esse
1177 2509 1403 2542 providendum
1875 2532 1879 2536 ,

534 2560 571 2593 (5)
565 2560 659 2590 >Item
676 2559 721 2592 leg
712 2567 769 2584 ere
785 2559 939 2584 Decretum
959 2559 994 2584 ad
1014 2559 1158 2584 honolem
1178 2558 1299 2591 collegii.
1324 2558 1428 2584 scilicet
1443 2557 1566 2591 legendo
1581 2559 1609 2583 ct
1624 2555 1825 2583 contInuando
1841 2555 2050 2587 competenter
2071 2561 2131 2579 non
2146 2552 2311 2579 transitorie

446 2609 500 2635 sed
509 2609 634 2634 tenendo
649 2608 751 2633 boiam
767 2607 861 2633 debite
878 2609 906 2633 et
922 2607 1066 2635 decenter,
1083 2609 1117 2632 ut
1132 2607 1169 2633 sic
1185 2607 1340 2632 scolaiibus
1355 2606 1488 2639 proficiat
1503 2608 1531 2632 et
1547 2607 1642 2632 honor
1662 2605 1806 2631 facultatis
1821 2605 1959 2630 servetur.
1976 2602 2033 2635 Qui
2048 2609 2115 2628 vero
2130 2601 2310 2628 contrarium

447 2658 552 2686 fecerit.
569 2659 669 2682 contra
684 2664 752 2682 eum
768 2656 939 2689 procedetur
954 2663 1004 2688 per
1022 2656 1199 2685 facultatem,
1219 2656 1280 2681 aliis
1295 2655 1410 2681 statutis
1427 2657 1455 2681 et
1472 2655 1648 2689 juramentis
1663 2655 1804 2680 hactenus
1821 2654 1849 2679 et
1864 2654 1948 2678 antea
1964 2651 2081 2685 prefatis
2095 2651 2126 2676 in
2141 2658 2194 2676 suo
2208 2641 2312 2676 robore

447 2706 603 2731 duraturis.

535 2754 572 2788 (6)
587 2755 659 2780 Item
679 2753 747 2786 quia
767 2760 872 2786 parum
890 2754 930 2778 est
950 2754 1057 2778 statuta
1078 2754 1167 2779 facere
1189 2753 1243 2779 nisi
1262 2753 1425 2779 executioni
1440 2753 1668 2781 demandentur.
1688 2753 1833 2777 statutum
1849 2752 1890 2776 est
1907 2749 2099 2778 concorditer,
2115 2749 2204 2782 prout
2223 2746 2312 2774 moris

447 2805 497 2832 est.
514 2803 593 2836 quod
608 2802 789 2835 quicumque
801 2801 901 2827 doctor
916 2801 1112 2834 deprehensus
1127 2802 1213 2828 suerit
1229 2802 1421 2835 quovismodo
1438 2803 1544 2828 secreta
1562 2801 1674 2834 collegii
1688 2800 1832 2828 revelasse,
1849 2806 1883 2825 eo
1898 2799 1960 2832 ipso
1974 2798 2055 2832 quod
2072 2797 2108 2823 de
2122 2797 2177 2823 hoc
2191 2796 2312 2829 collegio

448 2852 574 2883 legitime
587 2851 728 2876 constabit
740 2858 790 2883 per
801 2850 983 2878 sententiam.
998 2850 1205 2876 consessionem
1220 2851 1262 2876 vel
1273 2851 1312 2876 rei
1323 2851 1508 2879 evidentiam,
1524 2851 1596 2878 talis.
1610 2850 1631 2876 si
1645 2857 1745 2882 regens
1760 2849 1857 2878 suerit,
1874 2849 2016 2881 perpetuo
2030 2846 2161 2880 privetur
2172 2844 2311 2878 regentia.

450 2900 476 2926 Si
492 2907 556 2925 vero
573 2907 631 2925 non
648 2907 757 2932 regens.
776 2906 931 2931 nunquam
951 2898 981 2923 in
1001 2900 1150 2931 posterum
1169 2899 1204 2924 ad
1225 2899 1385 2932 rcgentiam
1410 2899 1594 2927 admittatur,
1618 2901 1645 2924 et
1665 2898 1733 2924 alias
1755 2899 1854 2923 contra
1875 2897 1971 2930 ipsum
1997 2896 2086 2929 prout
2107 2894 2200 2920 visum
2224 2893 2313 2920 fuerit
