<?xml version="1.0" encoding="UTF-8"?>
<!DOCTYPE html PUBLIC "-//W3C//DTD XHTML 1.0 Transitional//EN"
    "http://www.w3.org/TR/xhtml1/DTD/xhtml1-transitional.dtd">
<html xmlns="http://www.w3.org/1999/xhtml" xml:lang="en" lang="en">
 <head>
  <title>
</title>
<meta http-equiv="Content-Type" content="text/html;charset=utf-8" />
  <meta name='ocr-system' content='tesseract 3.04.00' />
  <meta name='ocr-capabilities' content='ocr_page ocr_carea ocr_par ocr_line ocrx_word'/>
</head>
<body>
  <div class='ocr_page' id='page_1' title='image "auctariumchartul03univuoft_0064.png"; bbox 0 0 2488 3386; ppageno 0'>
   <div class='ocr_carea' id='block_1_1' title="bbox 442 263 2303 308">
    <p class='ocr_par' dir='ltr' id='par_1_1' title="bbox 442 263 2303 308">
     <span class='ocr_line' id='line_1_1' title="bbox 442 263 2303 308; baseline -0.006 0"><span class='ocrx_word' id='word_1_1' title='bbox 442 276 482 308; x_wconf 87' lang='lat'>16</span> <span class='ocrx_word' id='word_1_2' title='bbox 1016 281 1334 304; x_wconf 77' lang='lat' dir='ltr'>CHARTULARtUM</span> <span class='ocrx_word' id='word_1_3' title='bbox 1367 278 1558 301; x_wconf 73' lang='lat' dir='ltr'>umvssas.</span> <span class='ocrx_word' id='word_1_4' title='bbox 1596 277 1724 299; x_wconf 68' lang='lat' dir='ltr'><strong>PARIS.</strong></span> <span class='ocrx_word' id='word_1_5' title='bbox 2204 263 2303 299; x_wconf 89' lang='lat'>[1352</span> 
     </span>
    </p>
   </div>
   <div class='ocr_carea' id='block_1_2' title="bbox 439 350 2303 431">
    <p class='ocr_par' dir='ltr' id='par_1_2' title="bbox 439 350 2303 431">
     <span class='ocr_line' id='line_1_2' title="bbox 439 350 2303 388; baseline -0.005 -6"><span class='ocrx_word' id='word_1_6' title='bbox 439 362 488 382; x_wconf 77' lang='lat' dir='ltr'>nrt.</span> <span class='ocrx_word' id='word_1_7' title='bbox 503 367 525 388; x_wconf 82' lang='lat'>»,</span> <span class='ocrx_word' id='word_1_8' title='bbox 543 358 590 381; x_wconf 82' lang='lat' dir='ltr'>suit</span> <span class='ocrx_word' id='word_1_9' title='bbox 606 358 711 381; x_wconf 77' lang='lat' dir='ltr'>nuntius</span> <span class='ocrx_word' id='word_1_10' title='bbox 727 357 847 381; x_wconf 79' lang='lat' dir='ltr'>Univers.</span> <span class='ocrx_word' id='word_1_11' title='bbox 874 356 957 380; x_wconf 77' lang='lat' dir='ltr'>Paris.</span> <span class='ocrx_word' id='word_1_12' title='bbox 981 356 1013 379; x_wconf 82' lang='lat' dir='ltr'>ad</span> <span class='ocrx_word' id='word_1_13' title='bbox 1029 355 1128 379; x_wconf 85' lang='lat' dir='ltr'>curium</span> <span class='ocrx_word' id='word_1_14' title='bbox 1145 356 1227 383; x_wconf 60' lang='lat' dir='ltr'>Rom„</span> <span class='ocrx_word' id='word_1_15' title='bbox 1243 357 1268 378; x_wconf 83' lang='lat' dir='ltr'>et</span> <span class='ocrx_word' id='word_1_16' title='bbox 1286 354 1352 385; x_wconf 80' lang='lat' dir='ltr'>petit</span> <span class='ocrx_word' id='word_1_17' title='bbox 1366 353 1521 377; x_wconf 82' lang='lat' dir='ltr'>beneficium</span> <span class='ocrx_word' id='word_1_18' title='bbox 1544 352 1570 375; x_wconf 91' lang='lat' dir='ltr'>in</span> <span class='ocrx_word' id='word_1_19' title='bbox 1590 351 1671 374; x_wconf 80' lang='lat' dir='ltr'><strong>dioec.</strong></span> <span class='ocrx_word' id='word_1_20' title='bbox 1694 351 1720 374; x_wconf 93' lang='lat' dir='ltr'>S.</span> <span class='ocrx_word' id='word_1_21' title='bbox 1741 350 1811 373; x_wconf 84' lang='lat' dir='ltr'>Flori</span> <span class='ocrx_word' id='word_1_22' title='bbox 1835 350 1939 381; x_wconf 85' lang='lat' dir='ltr'>(Suppl.</span> <span class='ocrx_word' id='word_1_23' title='bbox 1956 350 2044 373; x_wconf 89' lang='lat' dir='ltr'>Innoc.</span> <span class='ocrx_word' id='word_1_24' title='bbox 2066 350 2107 378; x_wconf 83' lang='lat' dir='ltr'>Vl,</span> <span class='ocrx_word' id='word_1_25' title='bbox 2131 357 2174 373; x_wconf 82' lang='lat' dir='ltr'>an.</span> <span class='ocrx_word' id='word_1_26' title='bbox 2194 350 2217 378; x_wconf 78' lang='lat'>3,</span> <span class='ocrx_word' id='word_1_27' title='bbox 2234 357 2261 380; x_wconf 85' lang='lat' dir='ltr'>p.</span> <span class='ocrx_word' id='word_1_28' title='bbox 2280 350 2303 379; x_wconf 81' lang='lat'>3,</span> 
     </span>
     <span class='ocr_line' id='line_1_3' title="bbox 441 401 959 431; baseline -0.004 -5"><span class='ocrx_word' id='word_1_29' title='bbox 441 404 484 426; x_wconf 79' lang='lat' dir='ltr'>sol.</span> <span class='ocrx_word' id='word_1_30' title='bbox 501 402 581 431; x_wconf 70' lang='lat' dir='ltr'><strong>211b).</strong></span> <span class='ocrx_word' id='word_1_31' title='bbox 598 402 655 426; x_wconf 88' lang='lat' dir='ltr'>Vid.</span> <span class='ocrx_word' id='word_1_32' title='bbox 670 402 739 425; x_wconf 75' lang='lat' dir='ltr'>infra</span> <span class='ocrx_word' id='word_1_33' title='bbox 755 402 787 424; x_wconf 72' lang='lat' dir='ltr'>ni·</span> <span class='ocrx_word' id='word_1_34' title='bbox 803 402 871 430; x_wconf 71' lang='lat'>1223,</span> <span class='ocrx_word' id='word_1_35' title='bbox 890 401 959 424; x_wconf 85' lang='lat'>1227.</span> 
     </span>
    </p>
   </div>
   <div class='ocr_carea' id='block_1_3' title="bbox 444 581 2196 622">
    <p class='ocr_par' dir='ltr' id='par_1_3' title="bbox 444 581 2196 622">
     <span class='ocr_line' id='line_1_4' title="bbox 444 581 2196 622; baseline -0.006 -5"><span class='ocrx_word' id='word_1_36' title='bbox 444 581 533 618; x_wconf 80' lang='lat'>121.</span> <span class='ocrx_word' id='word_1_37' title='bbox 545 582 584 618; x_wconf 79' lang='lat'>1..</span> <span class='ocrx_word' id='word_1_38' title='bbox 612 589 762 616; x_wconf 82' lang='lat' dir='ltr'><em>Ordinatio</em></span> <span class='ocrx_word' id='word_1_39' title='bbox 777 589 923 622; x_wconf 82' lang='lat' dir='ltr'>Johannis,</span> <span class='ocrx_word' id='word_1_40' title='bbox 941 589 1016 622; x_wconf 81' lang='lat' dir='ltr'>regis</span> <span class='ocrx_word' id='word_1_41' title='bbox 1033 589 1213 620; x_wconf 81' lang='lat' dir='ltr'><strong><em>Francorum,</em></strong></span> <span class='ocrx_word' id='word_1_42' title='bbox 1232 587 1267 613; x_wconf 83' lang='lat' dir='ltr'>de</span> <span class='ocrx_word' id='word_1_43' title='bbox 1280 585 1522 612; x_wconf 82' lang='lat' dir='ltr'><em>administrandis</em></span> <span class='ocrx_word' id='word_1_44' title='bbox 1539 584 1754 610; x_wconf 81' lang='lat' dir='ltr'><em>medicamentis</em></span> <span class='ocrx_word' id='word_1_45' title='bbox 1771 583 1799 608; x_wconf 85' lang='lat' dir='ltr'>in</span> <span class='ocrx_word' id='word_1_46' title='bbox 1815 582 1882 608; x_wconf 79' lang='lat' dir='ltr'>villa</span> <span class='ocrx_word' id='word_1_47' title='bbox 1898 586 1925 608; x_wconf 83' lang='lat' dir='ltr'>et</span> <span class='ocrx_word' id='word_1_48' title='bbox 1939 582 2086 608; x_wconf 74' lang='lat' dir='ltr'>suburbiis</span> <span class='ocrx_word' id='word_1_49' title='bbox 2102 583 2196 608; x_wconf 82' lang='lat' dir='ltr'>Paris.</span> 
     </span>
    </p>
   </div>
   <div class='ocr_carea' id='block_1_4' title="bbox 1559 664 2020 695">
    <p class='ocr_par' dir='ltr' id='par_1_4' title="bbox 1559 664 2020 695">
     <span class='ocr_line' id='line_1_5' title="bbox 1559 664 2020 695; baseline -0.002 -3"><span class='ocrx_word' id='word_1_50' title='bbox 1559 667 1633 695; x_wconf 78' lang='lat'>1352,</span> <span class='ocrx_word' id='word_1_51' title='bbox 1648 673 1738 692; x_wconf 72' lang='lat' dir='ltr'>mense</span> <span class='ocrx_word' id='word_1_52' title='bbox 1752 664 1891 695; x_wconf 75' lang='lat' dir='ltr'>Decembri,</span> <span class='ocrx_word' id='word_1_53' title='bbox 1906 665 2020 691; x_wconf 72' lang='grc' dir='ltr'><em>Ρανίεῐῐε.</em></span> 
     </span>
    </p>
   </div>
   <div class='ocr_carea' id='block_1_5' title="bbox 439 747 2318 2787">
    <p class='ocr_par' dir='ltr' id='par_1_5' title="bbox 439 747 2318 2787">
     <span class='ocr_line' id='line_1_6' title="bbox 527 747 2306 798; baseline -0.004 -11"><span class='ocrx_word' id='word_1_54' title='bbox 527 754 709 788; x_wconf 88' lang='lat' dir='ltr'>Johannes</span> <span class='ocrx_word' id='word_1_55' title='bbox 738 754 801 786; x_wconf 92' lang='lat' dir='ltr'>Dei</span> <span class='ocrx_word' id='word_1_56' title='bbox 833 754 945 798; x_wconf 84' lang='lat' dir='ltr'>gratia</span> <span class='ocrx_word' id='word_1_57' title='bbox 977 754 1194 785; x_wconf 79' lang='lat' dir='ltr'><em>Francorum</em></span> <span class='ocrx_word' id='word_1_58' title='bbox 1224 763 1296 783; x_wconf 87' lang='lat' dir='ltr'>rex.</span> <span class='ocrx_word' id='word_1_59' title='bbox 1327 752 1456 783; x_wconf 90' lang='lat' dir='ltr'>Notum</span> <span class='ocrx_word' id='word_1_60' title='bbox 1478 749 1629 782; x_wconf 89' lang='lat' dir='ltr'>facimus</span> <span class='ocrx_word' id='word_1_61' title='bbox 1650 748 1834 781; x_wconf 90' lang='lat' dir='ltr'>universis</span> <span class='ocrx_word' id='word_1_62' title='bbox 1862 747 2095 793; x_wconf 80' lang='lat' dir='ltr'>presentibus</span> <span class='ocrx_word' id='word_1_63' title='bbox 2117 748 2251 793; x_wconf 91' lang='lat' dir='ltr'>pariter</span> <span class='ocrx_word' id='word_1_64' title='bbox 2271 754 2306 781; x_wconf 88' lang='lat' dir='ltr'>et</span> 
     </span>
     <span class='ocr_line' id='line_1_7' title="bbox 439 814 2307 866; baseline -0.004 -12"><span class='ocrx_word' id='word_1_65' title='bbox 439 822 584 862; x_wconf 88' lang='lat' dir='ltr'>futuris,</span> <span class='ocrx_word' id='word_1_66' title='bbox 607 821 703 866; x_wconf 90' lang='lat' dir='ltr'>quod</span> <span class='ocrx_word' id='word_1_67' title='bbox 724 821 842 853; x_wconf 88' lang='lat' dir='ltr'>audita</span> <span class='ocrx_word' id='word_1_68' title='bbox 863 819 1019 864; x_wconf 88' lang='lat' dir='ltr'>supplici</span> <span class='ocrx_word' id='word_1_69' title='bbox 1048 818 1299 851; x_wconf 88' lang='lat' dir='ltr'>insinuacione</span> <span class='ocrx_word' id='word_1_70' title='bbox 1321 817 1447 850; x_wconf 84' lang='lat' dir='ltr'>decani</span> <span class='ocrx_word' id='word_1_71' title='bbox 1476 823 1511 849; x_wconf 92' lang='lat' dir='ltr'>et</span> <span class='ocrx_word' id='word_1_72' title='bbox 1540 816 1795 861; x_wconf 87' lang='lat' dir='ltr'>magistrorum</span> <span class='ocrx_word' id='word_1_73' title='bbox 1817 814 1996 848; x_wconf 85' lang='lat' dir='ltr'>facultatis</span> <span class='ocrx_word' id='word_1_74' title='bbox 2017 815 2196 847; x_wconf 88' lang='lat' dir='ltr'>medicine</span> <span class='ocrx_word' id='word_1_75' title='bbox 2218 814 2307 848; x_wconf 90' lang='lat' dir='ltr'>Uni-</span> 
     </span>
     <span class='ocr_line' id='line_1_8' title="bbox 439 881 2306 929; baseline -0.004 -8"><span class='ocrx_word' id='word_1_76' title='bbox 439 888 620 921; x_wconf 89' lang='lat' dir='ltr'>versitatis</span> <span class='ocrx_word' id='word_1_77' title='bbox 646 887 875 927; x_wconf 88' lang='lat' dir='ltr'>Parisiensis,</span> <span class='ocrx_word' id='word_1_78' title='bbox 898 885 1144 918; x_wconf 88' lang='lat' dir='ltr'>asserencium</span> <span class='ocrx_word' id='word_1_79' title='bbox 1168 884 1265 929; x_wconf 92' lang='lat' dir='ltr'>quod</span> <span class='ocrx_word' id='word_1_80' title='bbox 1289 883 1543 928; x_wconf 75' lang='lat' dir='ltr'>quamplurimi</span> <span class='ocrx_word' id='word_1_81' title='bbox 1570 882 1761 926; x_wconf 89' lang='lat' dir='ltr'>utriusque</span> <span class='ocrx_word' id='word_1_82' title='bbox 1783 893 1892 914; x_wconf 89' lang='lat' dir='ltr'>sexus</span> <span class='ocrx_word' id='word_1_83' title='bbox 1919 881 2166 926; x_wconf 83' lang='lat' dir='ltr'>mulieresque</span> <span class='ocrx_word' id='word_1_84' title='bbox 2187 881 2306 926; x_wconf 88' lang='lat' dir='ltr'>alique</span> 
     </span>
     <span class='ocr_line' id='line_1_9' title="bbox 439 947 2307 995; baseline -0.004 -9"><span class='ocrx_word' id='word_1_85' title='bbox 439 960 475 986; x_wconf 90' lang='lat' dir='ltr'>et</span> <span class='ocrx_word' id='word_1_86' title='bbox 494 953 626 994; x_wconf 89' lang='lat' dir='ltr'>vetule,</span> <span class='ocrx_word' id='word_1_87' title='bbox 649 953 829 993; x_wconf 73' lang='lat' dir='ltr'>conversi,</span> <span class='ocrx_word' id='word_1_88' title='bbox 852 952 990 992; x_wconf 88' lang='lat' dir='ltr'>rustici,</span> <span class='ocrx_word' id='word_1_89' title='bbox 1014 950 1252 995; x_wconf 87' lang='lat' dir='ltr'>nonnullique</span> <span class='ocrx_word' id='word_1_90' title='bbox 1282 949 1502 994; x_wconf 77' lang='lat' dir='ltr'>apothecarii</span> <span class='ocrx_word' id='word_1_91' title='bbox 1530 955 1565 981; x_wconf 87' lang='lat' dir='ltr'>et</span> <span class='ocrx_word' id='word_1_92' title='bbox 1593 948 1752 980; x_wconf 78' lang='lat' dir='ltr'>herbarii</span> <span class='ocrx_word' id='word_1_93' title='bbox 1780 947 2026 993; x_wconf 89' lang='lat' dir='ltr'>quamplures,</span> <span class='ocrx_word' id='word_1_94' title='bbox 2049 947 2200 993; x_wconf 88' lang='lat' dir='ltr'>insuper</span> <span class='ocrx_word' id='word_1_95' title='bbox 2227 959 2307 980; x_wconf 89' lang='lat' dir='ltr'>sco-</span> 
     </span>
     <span class='ocr_line' id='line_1_10' title="bbox 439 1003 2306 1059; baseline -0.003 -8"><span class='ocrx_word' id='word_1_96' title='bbox 439 1019 533 1052; x_wconf 86' lang='lat' dir='ltr'>lares</span> <span class='ocrx_word' id='word_1_97' title='bbox 554 1019 590 1051; x_wconf 89' lang='lat' dir='ltr'>in</span> <span class='ocrx_word' id='word_1_98' title='bbox 607 1018 785 1051; x_wconf 83' lang='lat' dir='ltr'>medicine</span> <span class='ocrx_word' id='word_1_99' title='bbox 802 1019 867 1050; x_wconf 86' lang='lat' dir='ltr'>sac.</span> <span class='ocrx_word' id='word_1_100' title='bbox 884 1017 1043 1049; x_wconf 90' lang='lat' dir='ltr'>nondum</span> <span class='ocrx_word' id='word_1_101' title='bbox 1062 1016 1170 1057; x_wconf 87' lang='lat' dir='ltr'>docti,</span> <span class='ocrx_word' id='word_1_102' title='bbox 1189 1023 1248 1048; x_wconf 92' lang='lat' dir='ltr'>aut</span> <span class='ocrx_word' id='word_1_103' title='bbox 1265 1015 1411 1048; x_wconf 85' lang='lat' dir='ltr'>aliunde</span> <span class='ocrx_word' id='word_1_104' title='bbox 1427 1015 1618 1048; x_wconf 89' lang='lat' dir='ltr'>venientes</span> <span class='ocrx_word' id='word_1_105' title='bbox 1635 1014 1679 1046; x_wconf 88' lang='lat' dir='ltr'>ad</span> <span class='ocrx_word' id='word_1_106' title='bbox 1694 1013 1815 1047; x_wconf 89' lang='lat' dir='ltr'>villam</span> <span class='ocrx_word' id='word_1_107' title='bbox 1831 1013 1943 1046; x_wconf 86' lang='lat' dir='ltr'>Paris.</span> <span class='ocrx_word' id='word_1_108' title='bbox 1962 1003 2076 1059; x_wconf 84' lang='lat' dir='ltr'>gratia</span> <span class='ocrx_word' id='word_1_109' title='bbox 2093 1013 2306 1058; x_wconf 86' lang='lat' dir='ltr'>praticandi,</span> 
     </span>
     <span class='ocr_line' id='line_1_11' title="bbox 439 1079 2308 1130; baseline -0.003 -12"><span class='ocrx_word' id='word_1_110' title='bbox 439 1085 556 1130; x_wconf 87' lang='lat' dir='ltr'>ignari</span> <span class='ocrx_word' id='word_1_111' title='bbox 585 1085 735 1117; x_wconf 85' lang='lat' dir='ltr'>scientie</span> <span class='ocrx_word' id='word_1_112' title='bbox 756 1084 934 1116; x_wconf 85' lang='lat' dir='ltr'>medicine</span> <span class='ocrx_word' id='word_1_113' title='bbox 960 1084 1245 1128; x_wconf 85' lang='lat' dir='ltr'>ignorantesque</span> <span class='ocrx_word' id='word_1_114' title='bbox 1272 1081 1546 1126; x_wconf 87' lang='lat' dir='ltr'>complexiones</span> <span class='ocrx_word' id='word_1_115' title='bbox 1567 1080 1767 1120; x_wconf 87' lang='lat' dir='ltr'>hominum,</span> <span class='ocrx_word' id='word_1_116' title='bbox 1791 1087 1934 1125; x_wconf 87' lang='lat' dir='ltr'>tempus</span> <span class='ocrx_word' id='word_1_117' title='bbox 1961 1092 2000 1113; x_wconf 92' lang='lat' dir='ltr'>ac</span> <span class='ocrx_word' id='word_1_118' title='bbox 2029 1080 2176 1112; x_wconf 89' lang='lat' dir='ltr'>modum</span> <span class='ocrx_word' id='word_1_119' title='bbox 2202 1079 2308 1112; x_wconf 90' lang='lat' dir='ltr'>mini—</span> 
     </span>
     <span class='ocr_line' id='line_1_12' title="bbox 439 1146 2307 1193; baseline -0.003 -9"><span class='ocrx_word' id='word_1_120' title='bbox 439 1152 575 1184; x_wconf 89' lang='lat' dir='ltr'>strandi</span> <span class='ocrx_word' id='word_1_121' title='bbox 597 1163 636 1183; x_wconf 93' lang='lat' dir='ltr'>ac</span> <span class='ocrx_word' id='word_1_122' title='bbox 655 1151 806 1183; x_wconf 85' lang='lat' dir='ltr'>virtutes</span> <span class='ocrx_word' id='word_1_123' title='bbox 828 1150 1100 1189; x_wconf 79' lang='lat' dir='ltr'>medicinarum,</span> <span class='ocrx_word' id='word_1_124' title='bbox 1123 1148 1312 1193; x_wconf 79' lang='lat' dir='ltr'>potissime</span> <span class='ocrx_word' id='word_1_125' title='bbox 1339 1148 1585 1188; x_wconf 84' lang='lat' dir='ltr'>laxativarum,</span> <span class='ocrx_word' id='word_1_126' title='bbox 1607 1147 1644 1179; x_wconf 90' lang='lat' dir='ltr'>in</span> <span class='ocrx_word' id='word_1_127' title='bbox 1666 1146 1800 1191; x_wconf 90' lang='lat' dir='ltr'>quibus</span> <span class='ocrx_word' id='word_1_128' title='bbox 1822 1148 1919 1191; x_wconf 87' lang='lat' dir='ltr'>jacet</span> <span class='ocrx_word' id='word_1_129' title='bbox 1943 1147 2070 1179; x_wconf 85' lang='lat' dir='ltr'>mortis</span> <span class='ocrx_word' id='word_1_130' title='bbox 2091 1146 2307 1192; x_wconf 89' lang='lat' dir='ltr'>periculum,</span> 
     </span>
     <span class='ocr_line' id='line_1_13' title="bbox 440 1213 2308 1262; baseline -0.002 -12"><span class='ocrx_word' id='word_1_131' title='bbox 440 1218 470 1250; x_wconf 91' lang='lat' dir='ltr'>si</span> <span class='ocrx_word' id='word_1_132' title='bbox 503 1218 599 1262; x_wconf 86' lang='lat' dir='ltr'>ipsas</span> <span class='ocrx_word' id='word_1_133' title='bbox 629 1217 823 1261; x_wconf 85' lang='lat' dir='ltr'>contigerit</span> <span class='ocrx_word' id='word_1_134' title='bbox 849 1215 1009 1248; x_wconf 87' lang='lat' dir='ltr'>indebite</span> <span class='ocrx_word' id='word_1_135' title='bbox 1035 1215 1266 1255; x_wconf 84' lang='lat' dir='ltr'>ministrari¹,</span> <span class='ocrx_word' id='word_1_136' title='bbox 1289 1215 1386 1259; x_wconf 90' lang='lat' dir='ltr'>ipsas</span> <span class='ocrx_word' id='word_1_137' title='bbox 1414 1214 1613 1246; x_wconf 82' lang='lat' dir='ltr'>medicinas</span> <span class='ocrx_word' id='word_1_138' title='bbox 1641 1213 1746 1246; x_wconf 88' lang='lat' dir='ltr'>etiam</span> <span class='ocrx_word' id='word_1_139' title='bbox 1775 1213 1983 1250; x_wconf 73' lang='lat' dir='ltr'>alterantes,</span> <span class='ocrx_word' id='word_1_140' title='bbox 2010 1213 2157 1246; x_wconf 90' lang='lat' dir='ltr'>omnino</span> <span class='ocrx_word' id='word_1_141' title='bbox 2185 1219 2308 1246; x_wconf 88' lang='lat' dir='ltr'>contra</span> 
     </span>
     <span class='ocr_line' id='line_1_14' title="bbox 439 1279 2310 1322; baseline -0.002 -6"><span class='ocrx_word' id='word_1_142' title='bbox 439 1284 612 1316; x_wconf 89' lang='lat' dir='ltr'>rationem</span> <span class='ocrx_word' id='word_1_143' title='bbox 635 1290 670 1315; x_wconf 92' lang='lat' dir='ltr'>et</span> <span class='ocrx_word' id='word_1_144' title='bbox 689 1289 799 1315; x_wconf 88' lang='lat' dir='ltr'>artem</span> <span class='ocrx_word' id='word_1_145' title='bbox 822 1282 1014 1322; x_wconf 83' lang='lat' dir='ltr'>medicine,</span> <span class='ocrx_word' id='word_1_146' title='bbox 1037 1281 1264 1314; x_wconf 89' lang='lat' dir='ltr'>ssebotomias</span> <span class='ocrx_word' id='word_1_147' title='bbox 1292 1282 1345 1313; x_wconf 80' lang='lat' dir='ltr'>et²</span> <span class='ocrx_word' id='word_1_148' title='bbox 1370 1280 1527 1313; x_wconf 85' lang='lat' dir='ltr'>elisteria</span> <span class='ocrx_word' id='word_1_149' title='bbox 1549 1280 1700 1312; x_wconf 90' lang='lat' dir='ltr'>multum</span> <span class='ocrx_word' id='word_1_150' title='bbox 1723 1279 1873 1313; x_wconf 87' lang='lat' dir='ltr'>laxativa</span> <span class='ocrx_word' id='word_1_151' title='bbox 1895 1286 1930 1312; x_wconf 92' lang='lat' dir='ltr'>et</span> <span class='ocrx_word' id='word_1_152' title='bbox 1949 1279 2016 1312; x_wconf 87' lang='lat' dir='ltr'>alia</span> <span class='ocrx_word' id='word_1_153' title='bbox 2038 1280 2091 1312; x_wconf 90' lang='lat' dir='ltr'>eis</span> <span class='ocrx_word' id='word_1_154' title='bbox 2112 1279 2249 1320; x_wconf 84' lang='lat' dir='ltr'>illicita,</span> <span class='ocrx_word' id='word_1_155' title='bbox 2272 1279 2310 1312; x_wconf 90' lang='lat' dir='ltr'>in</span> 
     </span>
     <span class='ocr_line' id='line_1_15' title="bbox 439 1346 2309 1391; baseline -0.002 -9"><span class='ocrx_word' id='word_1_156' title='bbox 439 1350 593 1389; x_wconf 89' lang='lat' dir='ltr'>civitate,</span> <span class='ocrx_word' id='word_1_157' title='bbox 615 1349 698 1382; x_wconf 89' lang='lat' dir='ltr'>villa</span> <span class='ocrx_word' id='word_1_158' title='bbox 720 1356 754 1381; x_wconf 92' lang='lat' dir='ltr'>et</span> <span class='ocrx_word' id='word_1_159' title='bbox 771 1348 958 1381; x_wconf 90' lang='lat' dir='ltr'>suburbiis</span> <span class='ocrx_word' id='word_1_160' title='bbox 979 1348 1090 1380; x_wconf 89' lang='lat' dir='ltr'>Paris.</span> <span class='ocrx_word' id='word_1_161' title='bbox 1115 1348 1330 1387; x_wconf 86' lang='lat' dir='ltr'>ministrant,</span> <span class='ocrx_word' id='word_1_162' title='bbox 1354 1346 1500 1379; x_wconf 87' lang='lat' dir='ltr'>tradunt</span> <span class='ocrx_word' id='word_1_163' title='bbox 1520 1353 1555 1379; x_wconf 89' lang='lat' dir='ltr'>et</span> <span class='ocrx_word' id='word_1_164' title='bbox 1574 1346 1771 1379; x_wconf 88' lang='lat' dir='ltr'>consulunt</span> <span class='ocrx_word' id='word_1_165' title='bbox 1791 1346 2010 1387; x_wconf 89' lang='lat' dir='ltr'>ministrare,</span> <span class='ocrx_word' id='word_1_166' title='bbox 2031 1346 2143 1379; x_wconf 91' lang='lat' dir='ltr'>nullis</span> <span class='ocrx_word' id='word_1_167' title='bbox 2164 1346 2309 1391; x_wconf 84' lang='lat' dir='ltr'>penitus</span> 
     </span>
     <span class='ocr_line' id='line_1_16' title="bbox 440 1409 2309 1459; baseline -0.002 -10"><span class='ocrx_word' id='word_1_168' title='bbox 440 1416 589 1449; x_wconf 89' lang='lat' dir='ltr'>medicis</span> <span class='ocrx_word' id='word_1_169' title='bbox 606 1428 686 1448; x_wconf 91' lang='lat' dir='ltr'>cum</span> <span class='ocrx_word' id='word_1_170' title='bbox 708 1416 760 1448; x_wconf 90' lang='lat' dir='ltr'>eis</span> <span class='ocrx_word' id='word_1_171' title='bbox 781 1415 929 1455; x_wconf 86' lang='lat' dir='ltr'>vocatis,</span> <span class='ocrx_word' id='word_1_172' title='bbox 949 1426 1017 1459; x_wconf 89' lang='lat' dir='ltr'>que</span> <span class='ocrx_word' id='word_1_173' title='bbox 1039 1414 1172 1447; x_wconf 92' lang='lat' dir='ltr'>cedunt</span> <span class='ocrx_word' id='word_1_174' title='bbox 1188 1414 1224 1446; x_wconf 94' lang='lat' dir='ltr'>in</span> <span class='ocrx_word' id='word_1_175' title='bbox 1242 1409 1356 1446; x_wconf 27' lang='lat' dir='ltr'>nost-ri</span> <span class='ocrx_word' id='word_1_176' title='bbox 1378 1413 1502 1458; x_wconf 90' lang='lat' dir='ltr'>populi</span> <span class='ocrx_word' id='word_1_177' title='bbox 1525 1413 1747 1453; x_wconf 86' lang='lat' dir='ltr'>scandalum,</span> <span class='ocrx_word' id='word_1_178' title='bbox 1766 1425 2034 1458; x_wconf 87' lang='lat' dir='ltr'>corporumque</span> <span class='ocrx_word' id='word_1_179' title='bbox 2056 1419 2091 1446; x_wconf 88' lang='lat' dir='ltr'>et</span> <span class='ocrx_word' id='word_1_180' title='bbox 2110 1413 2309 1445; x_wconf 88' lang='lat' dir='ltr'>animarum</span> 
     </span>
     <span class='ocr_line' id='line_1_17' title="bbox 441 1479 2310 1527; baseline -0.001 -13"><span class='ocrx_word' id='word_1_181' title='bbox 441 1482 578 1527; x_wconf 85' lang='lat' dir='ltr'>grande</span> <span class='ocrx_word' id='word_1_182' title='bbox 600 1481 812 1526; x_wconf 75' lang='lat' dir='ltr'>periculum,</span> <span class='ocrx_word' id='word_1_183' title='bbox 832 1482 935 1514; x_wconf 88' lang='lat' dir='ltr'>etiam</span> <span class='ocrx_word' id='word_1_184' title='bbox 957 1481 993 1513; x_wconf 87' lang='lat' dir='ltr'>in</span> <span class='ocrx_word' id='word_1_185' title='bbox 1014 1481 1191 1513; x_wconf 85' lang='lat' dir='ltr'>dictorum</span> <span class='ocrx_word' id='word_1_186' title='bbox 1213 1480 1507 1525; x_wconf 85' lang='lat' dir='ltr'>supplicantium,</span> <span class='ocrx_word' id='word_1_187' title='bbox 1532 1479 1683 1512; x_wconf 82' lang='lat' dir='ltr'>scientie</span> <span class='ocrx_word' id='word_1_188' title='bbox 1706 1479 1884 1512; x_wconf 84' lang='lat' dir='ltr'>medicine</span> <span class='ocrx_word' id='word_1_189' title='bbox 1906 1486 1941 1512; x_wconf 86' lang='lat' dir='ltr'>et</span> <span class='ocrx_word' id='word_1_190' title='bbox 1961 1486 2192 1524; x_wconf 87' lang='lat' dir='ltr'>expertorum</span> <span class='ocrx_word' id='word_1_191' title='bbox 2213 1479 2250 1512; x_wconf 91' lang='lat' dir='ltr'>in</span> <span class='ocrx_word' id='word_1_192' title='bbox 2270 1490 2310 1512; x_wconf 91' lang='lat' dir='ltr'>ea</span> 
     </span>
     <span class='ocr_line' id='line_1_18' title="bbox 441 1545 2310 1592; baseline -0.001 -12"><span class='ocrx_word' id='word_1_193' title='bbox 441 1549 661 1589; x_wconf 70' lang='lat' dir='ltr'>irrisionem,</span> <span class='ocrx_word' id='word_1_194' title='bbox 678 1547 917 1592; x_wconf 86' lang='lat' dir='ltr'>prejudicium</span> <span class='ocrx_word' id='word_1_195' title='bbox 934 1554 968 1579; x_wconf 91' lang='lat' dir='ltr'>et</span> <span class='ocrx_word' id='word_1_196' title='bbox 982 1559 1187 1591; x_wconf 83' lang='lat' dir='ltr'>gravamen.</span> <span class='ocrx_word' id='word_1_197' title='bbox 1204 1548 1254 1579; x_wconf 85' lang='lat' dir='ltr'>Ex</span> <span class='ocrx_word' id='word_1_198' title='bbox 1269 1546 1402 1591; x_wconf 90' lang='lat' dir='ltr'>quibus</span> <span class='ocrx_word' id='word_1_199' title='bbox 1417 1546 1521 1578; x_wconf 88' lang='lat' dir='ltr'>etiam</span> <span class='ocrx_word' id='word_1_200' title='bbox 1537 1545 1913 1578; x_wconf 85' lang='lat' dir='ltr'>administrationibus</span> <span class='ocrx_word' id='word_1_201' title='bbox 1928 1545 2102 1578; x_wconf 90' lang='lat' dir='ltr'>indebitis</span> <span class='ocrx_word' id='word_1_202' title='bbox 2116 1545 2310 1578; x_wconf 87' lang='lat' dir='ltr'>homicidia</span> 
     </span>
     <span class='ocr_line' id='line_1_19' title="bbox 441 1612 2309 1658; baseline -0.001 -11"><span class='ocrx_word' id='word_1_203' title='bbox 441 1622 476 1647; x_wconf 90' lang='lat' dir='ltr'>et</span> <span class='ocrx_word' id='word_1_204' title='bbox 492 1614 639 1647; x_wconf 89' lang='lat' dir='ltr'>abortus</span> <span class='ocrx_word' id='word_1_205' title='bbox 656 1614 879 1646; x_wconf 84' lang='lat' dir='ltr'>clandestine</span> <span class='ocrx_word' id='word_1_206' title='bbox 896 1613 1040 1654; x_wconf 86' lang='lat' dir='ltr'>alicubi,</span> <span class='ocrx_word' id='word_1_207' title='bbox 1056 1620 1090 1645; x_wconf 88' lang='lat' dir='ltr'>et</span> <span class='ocrx_word' id='word_1_208' title='bbox 1106 1613 1219 1658; x_wconf 89' lang='lat' dir='ltr'>palam</span> <span class='ocrx_word' id='word_1_209' title='bbox 1235 1613 1464 1657; x_wconf 80' lang='lat' dir='ltr'>quandoque,</span> <span class='ocrx_word' id='word_1_210' title='bbox 1484 1612 1710 1645; x_wconf 88' lang='lat' dir='ltr'>insecuntur.</span> <span class='ocrx_word' id='word_1_211' title='bbox 1725 1613 1954 1657; x_wconf 86' lang='lat' dir='ltr'>Quapropter</span> <span class='ocrx_word' id='word_1_212' title='bbox 1966 1612 2052 1645; x_wconf 88' lang='lat' dir='ltr'>dicti</span> <span class='ocrx_word' id='word_1_213' title='bbox 2067 1612 2309 1654; x_wconf 83' lang='lat' dir='ltr'>insinuantes,</span> 
     </span>
     <span class='ocr_line' id='line_1_20' title="bbox 442 1678 2311 1725; baseline -0.001 -12"><span class='ocrx_word' id='word_1_214' title='bbox 442 1687 669 1725; x_wconf 88' lang='lat' dir='ltr'>nequeuntes</span> <span class='ocrx_word' id='word_1_215' title='bbox 695 1681 871 1725; x_wconf 89' lang='lat' dir='ltr'>premissa</span> <span class='ocrx_word' id='word_1_216' title='bbox 898 1680 1052 1724; x_wconf 85' lang='lat' dir='ltr'>amplius</span> <span class='ocrx_word' id='word_1_217' title='bbox 1078 1679 1187 1712; x_wconf 86' lang='lat' dir='ltr'>salvis</span> <span class='ocrx_word' id='word_1_218' title='bbox 1215 1691 1339 1712; x_wconf 90' lang='lat' dir='ltr'>eorum</span> <span class='ocrx_word' id='word_1_219' title='bbox 1361 1679 1595 1711; x_wconf 90' lang='lat' dir='ltr'>conscientiis</span> <span class='ocrx_word' id='word_1_220' title='bbox 1626 1679 1794 1719; x_wconf 84' lang='lat' dir='ltr'>tolerare,</span> <span class='ocrx_word' id='word_1_221' title='bbox 1826 1691 1892 1712; x_wconf 92' lang='lat' dir='ltr'>nec</span> <span class='ocrx_word' id='word_1_222' title='bbox 1923 1678 1991 1712; x_wconf 93' lang='lat' dir='ltr'>sub</span> <span class='ocrx_word' id='word_1_223' title='bbox 2019 1678 2311 1713; x_wconf 88' lang='lat' dir='ltr'>dissimulatione</span> 
     </span>
     <span class='ocr_line' id='line_1_21' title="bbox 443 1745 2312 1790; baseline -0.001 -11"><span class='ocrx_word' id='word_1_224' title='bbox 443 1747 608 1787; x_wconf 87' lang='lat' dir='ltr'>transire,</span> <span class='ocrx_word' id='word_1_225' title='bbox 628 1746 733 1779; x_wconf 91' lang='lat' dir='ltr'>nobis</span> <span class='ocrx_word' id='word_1_226' title='bbox 755 1746 938 1778; x_wconf 89' lang='lat' dir='ltr'>humiliter</span> <span class='ocrx_word' id='word_1_227' title='bbox 959 1745 1220 1790; x_wconf 71' lang='lat' dir='ltr'>supplicarunt,</span> <span class='ocrx_word' id='word_1_228' title='bbox 1239 1752 1277 1778; x_wconf 89' lang='lat' dir='ltr'>ut</span> <span class='ocrx_word' id='word_1_229' title='bbox 1298 1746 1341 1777; x_wconf 90' lang='lat' dir='ltr'>de</span> <span class='ocrx_word' id='word_1_230' title='bbox 1363 1745 1485 1778; x_wconf 88' lang='lat' dir='ltr'>debito</span> <span class='ocrx_word' id='word_1_231' title='bbox 1508 1752 1542 1778; x_wconf 89' lang='lat' dir='ltr'>et</span> <span class='ocrx_word' id='word_1_232' title='bbox 1563 1752 1738 1790; x_wconf 90' lang='lat' dir='ltr'>perpetuo</span> <span class='ocrx_word' id='word_1_233' title='bbox 1761 1745 1922 1778; x_wconf 90' lang='lat' dir='ltr'>remedio</span> <span class='ocrx_word' id='word_1_234' title='bbox 1945 1745 2180 1790; x_wconf 84' lang='lat' dir='ltr'>dignaremur</span> <span class='ocrx_word' id='word_1_235' title='bbox 2201 1755 2312 1790; x_wconf 82' lang='lat' dir='ltr'>super</span> 
     </span>
     <span class='ocr_line' id='line_1_22' title="bbox 442 1807 2311 1857; baseline -0.001 -12"><span class='ocrx_word' id='word_1_236' title='bbox 442 1813 510 1845; x_wconf 92' lang='lat' dir='ltr'>hoc</span> <span class='ocrx_word' id='word_1_237' title='bbox 540 1813 743 1857; x_wconf 91' lang='lat' dir='ltr'>providere.</span> <span class='ocrx_word' id='word_1_238' title='bbox 774 1814 846 1844; x_wconf 88' lang='lat' dir='ltr'>Nos</span> <span class='ocrx_word' id='word_1_239' title='bbox 874 1813 985 1857; x_wconf 84' lang='lat' dir='ltr'>igitur</span> <span class='ocrx_word' id='word_1_240' title='bbox 1010 1819 1076 1844; x_wconf 88' lang='lat' dir='ltr'>tam</span> <span class='ocrx_word' id='word_1_241' title='bbox 1106 1812 1332 1856; x_wconf 85' lang='lat' dir='ltr'>dampnande</span> <span class='ocrx_word' id='word_1_242' title='bbox 1362 1812 1549 1856; x_wconf 86' lang='lat' dir='ltr'>injectioni</span> <span class='ocrx_word' id='word_1_243' title='bbox 1580 1807 1918 1856; x_wconf 82' lang='lat' dir='ltr'>presumptionique</span> <span class='ocrx_word' id='word_1_244' title='bbox 1949 1823 2014 1845; x_wconf 91' lang='lat' dir='ltr'>seu</span> <span class='ocrx_word' id='word_1_245' title='bbox 2041 1812 2137 1844; x_wconf 82' lang='lat' dir='ltr'>fatue</span> <span class='ocrx_word' id='word_1_246' title='bbox 2162 1810 2311 1844; x_wconf 85' lang='lat' dir='ltr'>audacie</span> 
     </span>
     <span class='ocr_line' id='line_1_23' title="bbox 442 1877 2311 1924; baseline 0 -14"><span class='ocrx_word' id='word_1_247' title='bbox 442 1879 692 1924; x_wconf 90' lang='lat' dir='ltr'>imperitorum</span> <span class='ocrx_word' id='word_1_248' title='bbox 713 1879 999 1911; x_wconf 88' lang='lat' dir='ltr'>ministrancium</span> <span class='ocrx_word' id='word_1_249' title='bbox 1021 1878 1166 1911; x_wconf 90' lang='lat' dir='ltr'>obviare</span> <span class='ocrx_word' id='word_1_250' title='bbox 1188 1885 1222 1910; x_wconf 90' lang='lat' dir='ltr'>et</span> <span class='ocrx_word' id='word_1_251' title='bbox 1242 1878 1386 1910; x_wconf 82' lang='lat' dir='ltr'>utilitati</span> <span class='ocrx_word' id='word_1_252' title='bbox 1408 1877 1552 1923; x_wconf 90' lang='lat' dir='ltr'>publice</span> <span class='ocrx_word' id='word_1_253' title='bbox 1574 1877 1803 1911; x_wconf 91' lang='lat' dir='ltr'>subditorum</span> <span class='ocrx_word' id='word_1_254' title='bbox 1826 1877 2118 1923; x_wconf 90' lang='lat' dir='ltr'>competentibus</span> <span class='ocrx_word' id='word_1_255' title='bbox 2139 1877 2311 1911; x_wconf 88' lang='lat' dir='ltr'>remediis</span> 
     </span>
     <span class='ocr_line' id='line_1_24' title="bbox 443 1944 2312 1990; baseline -0.001 -12"><span class='ocrx_word' id='word_1_256' title='bbox 443 1945 638 1978; x_wconf 90' lang='lat' dir='ltr'>salubriter</span> <span class='ocrx_word' id='word_1_257' title='bbox 663 1945 853 1989; x_wconf 90' lang='lat' dir='ltr'>providere</span> <span class='ocrx_word' id='word_1_258' title='bbox 873 1945 1051 1985; x_wconf 82' lang='lat' dir='ltr'>volentes,</span> <span class='ocrx_word' id='word_1_259' title='bbox 1075 1945 1265 1977; x_wconf 87' lang='lat' dir='ltr'>statuimus</span> <span class='ocrx_word' id='word_1_260' title='bbox 1287 1951 1319 1977; x_wconf 90' lang='lat' dir='ltr'>et</span> <span class='ocrx_word' id='word_1_261' title='bbox 1342 1945 1552 1977; x_wconf 87' lang='lat' dir='ltr'>ordinamus</span> <span class='ocrx_word' id='word_1_262' title='bbox 1574 1957 1616 1977; x_wconf 85' lang='lat' dir='ltr'>ex</span> <span class='ocrx_word' id='word_1_263' title='bbox 1643 1951 1766 1977; x_wconf 88' lang='lat' dir='ltr'>nostra</span> <span class='ocrx_word' id='word_1_264' title='bbox 1787 1944 1998 1978; x_wconf 86' lang='lat' dir='ltr'>auctoritate</span> <span class='ocrx_word' id='word_1_265' title='bbox 2026 1945 2125 1990; x_wconf 86' lang='lat' dir='ltr'>regia</span> <span class='ocrx_word' id='word_1_266' title='bbox 2147 1951 2183 1977; x_wconf 89' lang='lat' dir='ltr'>et</span> <span class='ocrx_word' id='word_1_267' title='bbox 2210 1951 2312 1990; x_wconf 86' lang='lat' dir='ltr'>pote—</span> 
     </span>
     <span class='ocr_line' id='line_1_25' title="bbox 443 2009 2314 2056; baseline 0 -12"><span class='ocrx_word' id='word_1_268' title='bbox 443 2012 545 2045; x_wconf 88' lang='lat' dir='ltr'>statis</span> <span class='ocrx_word' id='word_1_269' title='bbox 576 2011 800 2056; x_wconf 89' lang='lat' dir='ltr'>plenitudine</span> <span class='ocrx_word' id='word_1_270' title='bbox 831 2023 894 2056; x_wconf 87' lang='lat' dir='ltr'>per</span> <span class='ocrx_word' id='word_1_271' title='bbox 921 2017 1109 2055; x_wconf 86' lang='lat' dir='ltr'>presentes</span> <span class='ocrx_word' id='word_1_272' title='bbox 1139 2018 1314 2055; x_wconf 88' lang='lat' dir='ltr'>perpetuo</span> <span class='ocrx_word' id='word_1_273' title='bbox 1339 2011 1523 2049; x_wconf 81' lang='lat' dir='ltr'>valituras,</span> <span class='ocrx_word' id='word_1_274' title='bbox 1552 2011 1649 2056; x_wconf 90' lang='lat' dir='ltr'>quod</span> <span class='ocrx_word' id='word_1_275' title='bbox 1676 2011 1812 2052; x_wconf 88' lang='lat' dir='ltr'>nullus,</span> <span class='ocrx_word' id='word_1_276' title='bbox 1834 2012 2096 2056; x_wconf 82' lang='lat' dir='ltr'>cujuscumque</span> <span class='ocrx_word' id='word_1_277' title='bbox 2127 2023 2236 2044; x_wconf 87' lang='lat' dir='ltr'>sexus</span> <span class='ocrx_word' id='word_1_278' title='bbox 2255 2009 2314 2044; x_wconf 90' lang='lat' dir='ltr'>vel</span> 
     </span>
     <span class='ocr_line' id='line_1_26' title="bbox 442 2077 2313 2123; baseline 0 -13"><span class='ocrx_word' id='word_1_279' title='bbox 442 2078 663 2111; x_wconf 86' lang='lat' dir='ltr'>conditionis</span> <span class='ocrx_word' id='word_1_280' title='bbox 689 2078 829 2118; x_wconf 68' lang='lat' dir='ltr'>existat,</span> <span class='ocrx_word' id='word_1_281' title='bbox 852 2078 888 2110; x_wconf 91' lang='lat' dir='ltr'>in</span> <span class='ocrx_word' id='word_1_282' title='bbox 914 2078 1087 2122; x_wconf 86' lang='lat' dir='ltr'>predictis</span> <span class='ocrx_word' id='word_1_283' title='bbox 1115 2078 1270 2118; x_wconf 72' lang='lat' dir='ltr'>civitate,</span> <span class='ocrx_word' id='word_1_284' title='bbox 1293 2078 1377 2110; x_wconf 84' lang='lat' dir='ltr'>villa</span> <span class='ocrx_word' id='word_1_285' title='bbox 1408 2085 1442 2110; x_wconf 91' lang='lat' dir='ltr'>et</span> <span class='ocrx_word' id='word_1_286' title='bbox 1472 2077 1659 2110; x_wconf 83' lang='lat' dir='ltr'>suburbiis</span> <span class='ocrx_word' id='word_1_287' title='bbox 1688 2078 1884 2111; x_wconf 87' lang='lat' dir='ltr'>Parisiens.</span> <span class='ocrx_word' id='word_1_288' title='bbox 1912 2078 2066 2123; x_wconf 82' lang='lat' dir='ltr'>aliquam</span> <span class='ocrx_word' id='word_1_289' title='bbox 2098 2078 2313 2111; x_wconf 90' lang='lat' dir='ltr'>medicinam</span> 
     </span>
     <span class='ocr_line' id='line_1_27' title="bbox 443 2143 2315 2189; baseline 0 -12"><span class='ocrx_word' id='word_1_290' title='bbox 443 2144 677 2184; x_wconf 81' lang='lat' dir='ltr'>alterativam,</span> <span class='ocrx_word' id='word_1_291' title='bbox 709 2144 1019 2188; x_wconf 83' lang='lat' dir='ltr'>(medicinamque)</span> <span class='ocrx_word' id='word_1_292' title='bbox 1053 2144 1252 2185; x_wconf 84' lang='lat' dir='ltr'>laxativam,</span> <span class='ocrx_word' id='word_1_293' title='bbox 1280 2144 1456 2189; x_wconf 91' lang='lat' dir='ltr'>sirupum,</span> <span class='ocrx_word' id='word_1_294' title='bbox 1487 2144 1734 2185; x_wconf 86' lang='lat' dir='ltr'>electuarium,</span> <span class='ocrx_word' id='word_1_295' title='bbox 1772 2144 1903 2189; x_wconf 89' lang='lat' dir='ltr'>pilulas</span> <span class='ocrx_word' id='word_1_296' title='bbox 1938 2144 2121 2186; x_wconf 87' lang='lat' dir='ltr'>laxativas,</span> <span class='ocrx_word' id='word_1_297' title='bbox 2156 2143 2315 2177; x_wconf 86' lang='lat' dir='ltr'>clisteria</span> 
     </span>
     <span class='ocr_line' id='line_1_28' title="bbox 443 2210 2315 2256; baseline 0.001 -14"><span class='ocrx_word' id='word_1_298' title='bbox 443 2210 730 2255; x_wconf 88' lang='lat' dir='ltr'>qualiacumque,</span> <span class='ocrx_word' id='word_1_299' title='bbox 754 2216 900 2254; x_wconf 87' lang='lat' dir='ltr'>propter</span> <span class='ocrx_word' id='word_1_300' title='bbox 922 2210 1086 2242; x_wconf 88' lang='lat' dir='ltr'>timorem</span> <span class='ocrx_word' id='word_1_301' title='bbox 1109 2211 1247 2251; x_wconf 90' lang='lat' dir='ltr'>mortis,</span> <span class='ocrx_word' id='word_1_302' title='bbox 1267 2222 1309 2242; x_wconf 90' lang='lat' dir='ltr'>cx</span> <span class='ocrx_word' id='word_1_303' title='bbox 1332 2210 1430 2242; x_wconf 82' lang='lat' dir='ltr'>ssuxu</span> <span class='ocrx_word' id='word_1_304' title='bbox 1454 2210 1511 2243; x_wconf 92' lang='lat' dir='ltr'>vel</span> <span class='ocrx_word' id='word_1_305' title='bbox 1537 2210 1640 2243; x_wconf 83' lang='lat' dir='ltr'>malis</span> <span class='ocrx_word' id='word_1_306' title='bbox 1671 2210 1953 2244; x_wconf 87' lang='lat' dir='ltr'>sinthomatibus</span> <span class='ocrx_word' id='word_1_307' title='bbox 1981 2210 2255 2256; x_wconf 87' lang='lat' dir='ltr'>pregravativis,</span> <span class='ocrx_word' id='word_1_308' title='bbox 2278 2210 2315 2243; x_wconf 93' lang='lat' dir='ltr'>in</span> 
     </span>
     <span class='ocr_line' id='line_1_29' title="bbox 444 2275 2315 2322; baseline 0.002 -15"><span class='ocrx_word' id='word_1_309' title='bbox 444 2276 577 2321; x_wconf 90' lang='lat' dir='ltr'>quibus</span> <span class='ocrx_word' id='word_1_310' title='bbox 599 2288 671 2308; x_wconf 93' lang='lat' dir='ltr'>non</span> <span class='ocrx_word' id='word_1_311' title='bbox 693 2283 748 2308; x_wconf 89' lang='lat' dir='ltr'>est</span> <span class='ocrx_word' id='word_1_312' title='bbox 768 2275 964 2308; x_wconf 83' lang='lat' dir='ltr'>verisimile</span> <span class='ocrx_word' id='word_1_313' title='bbox 985 2288 1048 2308; x_wconf 89' lang='lat' dir='ltr'>eos</span> <span class='ocrx_word' id='word_1_314' title='bbox 1066 2277 1223 2321; x_wconf 88' lang='lat' dir='ltr'>prefatos</span> <span class='ocrx_word' id='word_1_315' title='bbox 1245 2277 1338 2309; x_wconf 88' lang='lat' dir='ltr'>scire</span> <span class='ocrx_word' id='word_1_316' title='bbox 1366 2277 1564 2309; x_wconf 88' lang='lat' dir='ltr'>remedium</span> <span class='ocrx_word' id='word_1_317' title='bbox 1587 2277 1793 2316; x_wconf 82' lang='lat' dir='ltr'>adhibere³,</span> <span class='ocrx_word' id='word_1_318' title='bbox 1820 2277 1997 2322; x_wconf 87' lang='lat' dir='ltr'>oppiatam</span> <span class='ocrx_word' id='word_1_319' title='bbox 2021 2289 2085 2310; x_wconf 91' lang='lat' dir='ltr'>seu</span> <span class='ocrx_word' id='word_1_320' title='bbox 2108 2289 2315 2322; x_wconf 90' lang='lat' dir='ltr'>quamcum-</span> 
     </span>
     <span class='ocr_line' id='line_1_30' title="bbox 444 2342 2315 2387; baseline 0.001 -13"><span class='ocrx_word' id='word_1_321' title='bbox 444 2354 514 2387; x_wconf 87' lang='lat' dir='ltr'>que</span> <span class='ocrx_word' id='word_1_322' title='bbox 536 2342 639 2375; x_wconf 87' lang='lat' dir='ltr'>aliam</span> <span class='ocrx_word' id='word_1_323' title='bbox 662 2342 829 2374; x_wconf 91' lang='lat' dir='ltr'>decetero</span> <span class='ocrx_word' id='word_1_324' title='bbox 849 2342 953 2374; x_wconf 87' lang='lat' dir='ltr'>saciat</span> <span class='ocrx_word' id='word_1_325' title='bbox 974 2354 1037 2374; x_wconf 86' lang='lat' dir='ltr'>scu</span> <span class='ocrx_word' id='word_1_326' title='bbox 1065 2342 1141 2375; x_wconf 90' lang='lat' dir='ltr'>fieri</span> <span class='ocrx_word' id='word_1_327' title='bbox 1165 2343 1330 2375; x_wconf 89' lang='lat' dir='ltr'>consulat</span> <span class='ocrx_word' id='word_1_328' title='bbox 1349 2343 1600 2376; x_wconf 83' lang='lat' dir='ltr'>ministrarcvc</span> <span class='ocrx_word' id='word_1_329' title='bbox 1622 2344 1751 2376; x_wconf 85' lang='lat' dir='ltr'>audeat</span> <span class='ocrx_word' id='word_1_330' title='bbox 1771 2344 1999 2385; x_wconf 86' lang='lat' dir='ltr'>medicinam,</span> <span class='ocrx_word' id='word_1_331' title='bbox 2022 2343 2080 2377; x_wconf 91' lang='lat' dir='ltr'>vel</span> <span class='ocrx_word' id='word_1_332' title='bbox 2100 2343 2315 2376; x_wconf 84' lang='lat' dir='ltr'>medicinale</span> 
     </span>
     <span class='ocr_line' id='line_1_31' title="bbox 445 2408 2318 2455; baseline 0.002 -15"><span class='ocrx_word' id='word_1_333' title='bbox 445 2408 637 2441; x_wconf 89' lang='lat' dir='ltr'>consilium</span> <span class='ocrx_word' id='word_1_334' title='bbox 660 2408 824 2452; x_wconf 87' lang='lat' dir='ltr'>prebere,</span> <span class='ocrx_word' id='word_1_335' title='bbox 848 2415 906 2440; x_wconf 84' lang='lat' dir='ltr'>aut</span> <span class='ocrx_word' id='word_1_336' title='bbox 930 2408 1017 2441; x_wconf 85' lang='lat' dir='ltr'>alias</span> <span class='ocrx_word' id='word_1_337' title='bbox 1045 2409 1199 2441; x_wconf 80' lang='lat' dir='ltr'>officium</span> <span class='ocrx_word' id='word_1_338' title='bbox 1222 2409 1351 2441; x_wconf 81' lang='lat' dir='ltr'>medici</span> <span class='ocrx_word' id='word_1_339' title='bbox 1374 2417 1534 2442; x_wconf 82' lang='lat' dir='ltr'>exerceat</span> <span class='ocrx_word' id='word_1_340' title='bbox 1559 2410 1882 2455; x_wconf 86' lang='lat' dir='ltr'>qualitercumque,</span> <span class='ocrx_word' id='word_1_341' title='bbox 1912 2423 1991 2443; x_wconf 92' lang='lat' dir='ltr'>cum</span> <span class='ocrx_word' id='word_1_342' title='bbox 2013 2410 2057 2443; x_wconf 92' lang='lat' dir='ltr'>ad</span> <span class='ocrx_word' id='word_1_343' title='bbox 2085 2416 2254 2455; x_wconf 85' lang='lat' dir='ltr'>expertos</span> <span class='ocrx_word' id='word_1_344' title='bbox 2282 2416 2318 2442; x_wconf 82' lang='lat' dir='ltr'>et</span> 
     </span>
     <span class='ocr_line' id='line_1_32' title="bbox 446 2474 2316 2522; baseline 0.002 -16"><span class='ocrx_word' id='word_1_345' title='bbox 446 2475 595 2507; x_wconf 90' lang='lat' dir='ltr'>edoctos</span> <span class='ocrx_word' id='word_1_346' title='bbox 626 2475 809 2518; x_wconf 90' lang='lat' dir='ltr'>operando</span> <span class='ocrx_word' id='word_1_347' title='bbox 840 2486 903 2518; x_wconf 79' lang='lat' dir='ltr'>per</span> <span class='ocrx_word' id='word_1_348' title='bbox 930 2481 1066 2507; x_wconf 85' lang='lat' dir='ltr'>certum</span> <span class='ocrx_word' id='word_1_349' title='bbox 1098 2475 1133 2506; x_wconf 91' lang='lat' dir='ltr'>in</span> <span class='ocrx_word' id='word_1_350' title='bbox 1163 2474 1319 2507; x_wconf 86' lang='lat' dir='ltr'>humano</span> <span class='ocrx_word' id='word_1_351' title='bbox 1341 2487 1494 2520; x_wconf 86' lang='lat' dir='ltr'>corpore</span> <span class='ocrx_word' id='word_1_352' title='bbox 1516 2482 1548 2508; x_wconf 88' lang='lat' dir='ltr'>et</span> <span class='ocrx_word' id='word_1_353' title='bbox 1575 2488 1647 2508; x_wconf 91' lang='lat' dir='ltr'>non</span> <span class='ocrx_word' id='word_1_354' title='bbox 1669 2476 1759 2509; x_wconf 87' lang='lat' dir='ltr'>alios</span> <span class='ocrx_word' id='word_1_355' title='bbox 1781 2483 1918 2522; x_wconf 87' lang='lat' dir='ltr'>spectat</span> <span class='ocrx_word' id='word_1_356' title='bbox 1939 2476 2113 2509; x_wconf 86' lang='lat' dir='ltr'>exhibitio</span> <span class='ocrx_word' id='word_1_357' title='bbox 2135 2476 2316 2521; x_wconf 85' lang='lat' dir='ltr'>predicto-</span> 
     </span>
     <span class='ocr_line' id='line_1_33' title="bbox 445 2540 2316 2588; baseline 0.002 -16"><span class='ocrx_word' id='word_1_358' title='bbox 445 2552 537 2581; x_wconf 91' lang='lat' dir='ltr'>rum,</span> <span class='ocrx_word' id='word_1_359' title='bbox 557 2540 626 2573; x_wconf 89' lang='lat' dir='ltr'>nisi</span> <span class='ocrx_word' id='word_1_360' title='bbox 648 2541 684 2572; x_wconf 92' lang='lat' dir='ltr'>in</span> <span class='ocrx_word' id='word_1_361' title='bbox 706 2540 798 2572; x_wconf 88' lang='lat' dir='ltr'>dicta</span> <span class='ocrx_word' id='word_1_362' title='bbox 820 2540 969 2573; x_wconf 87' lang='lat' dir='ltr'>scientia</span> <span class='ocrx_word' id='word_1_363' title='bbox 990 2541 1168 2573; x_wconf 86' lang='lat' dir='ltr'>medicine</span> <span class='ocrx_word' id='word_1_364' title='bbox 1190 2542 1350 2574; x_wconf 86' lang='lat' dir='ltr'>Parisius</span> <span class='ocrx_word' id='word_1_365' title='bbox 1371 2541 1428 2574; x_wconf 86' lang='lat' dir='ltr'>vel</span> <span class='ocrx_word' id='word_1_366' title='bbox 1450 2541 1535 2574; x_wconf 90' lang='lat' dir='ltr'>alibi</span> <span class='ocrx_word' id='word_1_367' title='bbox 1557 2542 1593 2574; x_wconf 90' lang='lat' dir='ltr'>in</span> <span class='ocrx_word' id='word_1_368' title='bbox 1614 2542 1778 2587; x_wconf 83' lang='lat' dir='ltr'>generali</span> <span class='ocrx_word' id='word_1_369' title='bbox 1799 2543 1920 2576; x_wconf 89' lang='lat' dir='ltr'>studio</span> <span class='ocrx_word' id='word_1_370' title='bbox 1942 2543 2116 2588; x_wconf 85' lang='lat' dir='ltr'>magister</span> <span class='ocrx_word' id='word_1_371' title='bbox 2130 2542 2188 2575; x_wconf 89' lang='lat' dir='ltr'>vel</span> <span class='ocrx_word' id='word_1_372' title='bbox 2208 2542 2316 2582; x_wconf 86' lang='lat' dir='ltr'>licen—</span> 
     </span>
     <span class='ocr_line' id='line_1_34' title="bbox 446 2606 2314 2654; baseline 0.002 -16"><span class='ocrx_word' id='word_1_373' title='bbox 446 2607 560 2639; x_wconf 87' lang='lat' dir='ltr'>ciatus</span> <span class='ocrx_word' id='word_1_374' title='bbox 577 2606 716 2647; x_wconf 88' lang='lat' dir='ltr'>existat,</span> <span class='ocrx_word' id='word_1_375' title='bbox 736 2606 792 2639; x_wconf 89' lang='lat' dir='ltr'>vel</span> <span class='ocrx_word' id='word_1_376' title='bbox 813 2606 883 2638; x_wconf 91' lang='lat' dir='ltr'>nisi</span> <span class='ocrx_word' id='word_1_377' title='bbox 905 2618 968 2650; x_wconf 90' lang='lat' dir='ltr'>per</span> <span class='ocrx_word' id='word_1_378' title='bbox 985 2607 1175 2639; x_wconf 86' lang='lat' dir='ltr'>consilium</span> <span class='ocrx_word' id='word_1_379' title='bbox 1195 2614 1227 2639; x_wconf 87' lang='lat' dir='ltr'>ct</span> <span class='ocrx_word' id='word_1_380' title='bbox 1250 2608 1485 2640; x_wconf 86' lang='lat' dir='ltr'>directionem</span> <span class='ocrx_word' id='word_1_381' title='bbox 1504 2608 1656 2653; x_wconf 83' lang='lat' dir='ltr'>alicujus</span> <span class='ocrx_word' id='word_1_382' title='bbox 1678 2609 1841 2653; x_wconf 84' lang='lat' dir='ltr'>magistri</span> <span class='ocrx_word' id='word_1_383' title='bbox 1858 2609 1915 2642; x_wconf 89' lang='lat' dir='ltr'>vel</span> <span class='ocrx_word' id='word_1_384' title='bbox 1936 2609 2085 2642; x_wconf 87' lang='lat' dir='ltr'>alterius</span> <span class='ocrx_word' id='word_1_385' title='bbox 2106 2621 2171 2654; x_wconf 90' lang='lat' dir='ltr'>per</span> <span class='ocrx_word' id='word_1_386' title='bbox 2187 2609 2314 2642; x_wconf 88' lang='lat' dir='ltr'>dictam</span> 
     </span>
     <span class='ocr_line' id='line_1_35' title="bbox 444 2672 2317 2717; baseline 0.002 -12"><span class='ocrx_word' id='word_1_387' title='bbox 444 2672 648 2705; x_wconf 84' lang='lat' dir='ltr'>facultatem</span> <span class='ocrx_word' id='word_1_388' title='bbox 671 2672 857 2717; x_wconf 89' lang='lat' dir='ltr'>approbati</span> <span class='ocrx_word' id='word_1_389' title='bbox 879 2673 922 2704; x_wconf 88' lang='lat' dir='ltr'>ad</span> <span class='ocrx_word' id='word_1_390' title='bbox 944 2672 1189 2717; x_wconf 81' lang='lat' dir='ltr'>praticandum</span> <span class='ocrx_word' id='word_1_391' title='bbox 1212 2673 1271 2706; x_wconf 88' lang='lat' dir='ltr'>illa</span> <span class='ocrx_word' id='word_1_392' title='bbox 1293 2674 1471 2706; x_wconf 88' lang='lat' dir='ltr'>medicina</span> <span class='ocrx_word' id='word_1_393' title='bbox 1492 2675 1600 2707; x_wconf 82' lang='lat' dir='ltr'>suerit</span> <span class='ocrx_word' id='word_1_394' title='bbox 1626 2675 1822 2708; x_wconf 70' lang='lat' dir='ltr'>ordinata‘.</span> <span class='ocrx_word' id='word_1_395' title='bbox 1847 2677 1890 2708; x_wconf 83' lang='lat' dir='ltr'>Et</span> <span class='ocrx_word' id='word_1_396' title='bbox 1910 2675 1976 2709; x_wconf 92' lang='lat' dir='ltr'>hec</span> <span class='ocrx_word' id='word_1_397' title='bbox 1998 2676 2051 2709; x_wconf 90' lang='lat' dir='ltr'>eis</span> <span class='ocrx_word' id='word_1_398' title='bbox 2078 2675 2317 2708; x_wconf 90' lang='lat' dir='ltr'>decernentes</span> 
     </span>
     <span class='ocr_line' id='line_1_36' title="bbox 445 2738 2317 2787; baseline 0.003 -17"><span class='ocrx_word' id='word_1_399' title='bbox 445 2751 517 2771; x_wconf 90' lang='lat' dir='ltr'>non</span> <span class='ocrx_word' id='word_1_400' title='bbox 554 2738 664 2771; x_wconf 90' lang='lat' dir='ltr'>licere</span> <span class='ocrx_word' id='word_1_401' title='bbox 695 2750 734 2771; x_wconf 87' lang='lat' dir='ltr'>ea</span> <span class='ocrx_word' id='word_1_402' title='bbox 768 2739 858 2783; x_wconf 86' lang='lat' dir='ltr'>ipsis</span> <span class='ocrx_word' id='word_1_403' title='bbox 889 2738 1059 2771; x_wconf 84' lang='lat' dir='ltr'>omnibus</span> <span class='ocrx_word' id='word_1_404' title='bbox 1092 2746 1125 2771; x_wconf 89' lang='lat' dir='ltr'>et</span> <span class='ocrx_word' id='word_1_405' title='bbox 1160 2739 1316 2784; x_wconf 87' lang='lat' dir='ltr'>singulis</span> <span class='ocrx_word' id='word_1_406' title='bbox 1351 2740 1603 2773; x_wconf 84' lang='lat' dir='ltr'>interdicimus</span> <span class='ocrx_word' id='word_1_407' title='bbox 1638 2753 1702 2786; x_wconf 91' lang='lat' dir='ltr'>per</span> <span class='ocrx_word' id='word_1_408' title='bbox 1736 2749 1939 2786; x_wconf 85' lang='lat' dir='ltr'>presentes,</span> <span class='ocrx_word' id='word_1_409' title='bbox 1972 2742 2099 2775; x_wconf 88' lang='lat' dir='ltr'>dantes</span> <span class='ocrx_word' id='word_1_410' title='bbox 2131 2742 2317 2787; x_wconf 82' lang='lat' dir='ltr'>preposito</span> 
     </span>
    </p>
   </div>
   <div class='ocr_carea' id='block_1_6' title="bbox 445 2805 2316 2853">
    <p class='ocr_par' dir='ltr' id='par_1_6' title="bbox 445 2805 2316 2853">
     <span class='ocr_line' id='line_1_37' title="bbox 445 2805 2316 2853; baseline 0.002 -16"><span class='ocrx_word' id='word_1_411' title='bbox 445 2811 571 2838; x_wconf 89' lang='lat' dir='ltr'>nostro</span> <span class='ocrx_word' id='word_1_412' title='bbox 605 2805 764 2837; x_wconf 88' lang='lat' dir='ltr'>Parisius</span> <span class='ocrx_word' id='word_1_413' title='bbox 799 2805 959 2849; x_wconf 88' lang='lat' dir='ltr'>presenti</span> <span class='ocrx_word' id='word_1_414' title='bbox 991 2811 1025 2837; x_wconf 90' lang='lat' dir='ltr'>et</span> <span class='ocrx_word' id='word_1_415' title='bbox 1063 2805 1196 2846; x_wconf 85' lang='lat' dir='ltr'>futuro,</span> <span class='ocrx_word' id='word_1_416' title='bbox 1229 2805 1286 2838; x_wconf 89' lang='lat' dir='ltr'>vel</span> <span class='ocrx_word' id='word_1_417' title='bbox 1322 2807 1400 2850; x_wconf 89' lang='lat' dir='ltr'>ejus</span> <span class='ocrx_word' id='word_1_418' title='bbox 1435 2806 1552 2839; x_wconf 88' lang='lat' dir='ltr'>locum</span> <span class='ocrx_word' id='word_1_419' title='bbox 1588 2808 1736 2848; x_wconf 88' lang='lat' dir='ltr'>tenenti,</span> <span class='ocrx_word' id='word_1_420' title='bbox 1776 2808 2009 2853; x_wconf 89' lang='lat' dir='ltr'>presentibus</span> <span class='ocrx_word' id='word_1_421' title='bbox 2048 2809 2085 2841; x_wconf 93' lang='lat' dir='ltr'>in</span> <span class='ocrx_word' id='word_1_422' title='bbox 2125 2808 2316 2849; x_wconf 83' lang='lat' dir='ltr'>mandatis,</span> 
     </span>
    </p>
   </div>
  </div>
 </body>
</html>
