2488 3386
479 372 542 404 292
1053 380 1370 404 CHARTULARHJM
1404 379 1595 401 UN1VERS.
1632 378 1762 401 rmus.
2242 366 2341 404 [1380

485 493 624 529 1449.
651 502 775 528 Clemens
797 503 848 528 VII
864 501 998 536 (Iohanni
1017 501 1051 527 de
1076 500 1187 534 Calore)
1204 499 1378 526 cancellario
1401 499 1508 534 Paris.‚
1523 504 1553 524 ut
1575 498 1750 532 Christosoro
1773 498 1808 524 de
1830 498 1986 533 Cugnedis,
2003 498 2068 524 Ord.
2085 500 2155 532 frat.
2174 499 2254 534 Min„
2273 498 2340 525 olim

565 551 707 585 gariliano
730 555 879 576 conventus
903 550 1058 576 Parisiens.
1078 550 1140 585 (qui
1160 553 1227 585 post
1242 549 1401 574 auditionis
1418 557 1530 573 cursum
1552 548 1581 573 in
1597 547 1681 573 theol.
1700 547 1728 573 in
1746 546 1879 583 pluribus
1903 546 2010 573 studiis
2031 546 2205 573 solemnibus
2224 547 2340 574 Ordinis

566 599 653 625 lector
667 603 694 625 et
709 600 738 625 in
751 603 883 625 conventu
898 599 994 625 Paris.
1014 602 1153 624 corrector
1169 598 1279 624 exstitit
1296 596 1480 633 principalis,
1494 600 1520 622 et
1536 596 1641 622 ibidem
1657 595 1805 622 ordinarie
1821 595 1948 622 Bibliam
1962 595 2031 631 legit
2046 605 2080 622 ac
2098 605 2151 632 per
2164 597 2339 632 provinciam

567 649 706 673 Franciae
724 647 829 674 electus
846 657 957 673 cursum
973 647 1099 673 tecturae
1119 646 1328 672 Sententiarum
1347 646 1375 671 in
1394 645 1491 671 eodem
1512 648 1647 671 conventu
1665 645 1798 680 perfecit,
1813 645 1841 670 in
1863 653 1918 680 quo
1936 644 2047 681 pluries
2068 654 2164 671 coram
2179 645 2336 680 magistris,

565 696 727 722 doctoribus
746 700 772 722 et
792 696 970 722 scholaribus
991 696 1188 722 Universitatis
1205 694 1370 720 solemniter
1382 694 1583 730 praedicavit),
1602 693 1763 727 magisterii
1778 693 1910 719 honorem
1927 698 1954 720 et
1969 693 2091 720 docendi
2106 693 2250 720 licentiam
2271 703 2336 720 con-

565 745 656 771 cedat.
675 746 738 771 Dat.
756 746 895 772 Avinione
908 746 946 779 iiij
962 753 1031 771 non.
1048 745 1138 774 junii,
1154 745 1341 778 pontificatus
1357 744 1446 769 nostri
1462 751 1540 769 anno
1560 743 1697 769 secundo.
1717 753 1730 766 κ
1747 742 1806 768 Viri
1819 750 1895 769 sacre
1908 754 1931 768 ».

1709 827 1785 857 1380,
1801 827 1871 853 dunis
1881 828 1906 858 2,
1921 827 2051 854 Meritone.

568 914 629 944 Reg.
646 913 703 936 Vnt.
722 913 800 936 Aven.
816 912 955 936 Clementis
971 912 1027 941 VH,
1040 912 1092 935 vol.
1109 912 1198 940 xvm,
1216 911 1260 934 sol.
1275 911 1345 934 376b.
1362 924 1391 928 —
1405 910 1564 934 Licentiatus
1580 914 1620 934 est
1634 918 1677 934 an.
1694 911 1752 934 1381
1772 911 1851 940 (1382)
1869 919 1882 934 e
1897 911 1986 935 Catal.
2004 912 2094 935 licent.

478 1073 616 1110 1450.
643 1082 766 1108 Clemens
789 1083 840 1108 VII
857 1081 988 1115 (Iohanni
1007 1081 1042 1107 de
1063 1081 1174 1115 Calore)
1193 1080 1367 1107 cancellario
1388 1080 1495 1115 Paris.,
1515 1084 1545 1106 ut
1559 1078 1718 1106 Iohannem
1736 1081 1862 1113 Met-ich,
1884 1080 1950 1107 Ord.
1969 1082 2039 1115 frat.
2062 1080 2166 1107 I'raed.
2184 1084 2333 1107 conventus

559 1131 742 1164 Pictavensis,
756 1130 796 1156 ad
807 1130 944 1165 legendas
961 1130 1123 1156 Sententias
1140 1129 1372 1155 extraordinarie
1390 1130 1418 1155 in
1432 1133 1544 1155 aestate
1557 1129 1688 1165 proxime
1702 1131 1804 1163 futura
1815 1130 1844 1155 in
1856 1129 1963 1155 scholis
1978 1129 2168 1155 exterioribus
2184 1133 2333 1156 conventus

559 1181 651 1205 Paris.
677 1179 741 1205 Ord.
764 1179 867 1205 Praed.
893 1183 919 1205 et
941 1179 1129 1205 continuandi
1151 1178 1255 1204 ibidem
1281 1178 1418 1204 lecturam
1442 1178 1588 1204 licentiam
1609 1178 1755 1204 concedat.
1779 1179 1842 1204 Dat.
1865 1179 2007 1205 Avinione
2029 1179 2057 1213 iij
2084 1179 2123 1205 id.
2146 1179 2226 1209 Julii,
2253 1187 2333 1206 anno

558 1229 692 1255 secundo.
709 1240 722 1252 u
734 1229 791 1254 Viri
805 1236 881 1254 sacre
894 1238 919 1254 ».

1699 1263 1774 1293 1380,
1789 1263 1851 1289 ιΙυΙῘῘ
1865 1263 1902 1292 13,
1916 1263 2045 1292 Ᾱνεηίοηε,

561 1352 622 1382 Reg.
638 1352 695 1375 Vat.
712 1352 790 1374 Aven.
810 1351 950 1374 Clementis
968 1351 1022 1379 VH,
1039 1351 1090 1374 vol.
1108 1351 1196 1380 XVIII,
1215 1351 1259 1374 fol.
1278 1351 1349 1374 559b⁴
1362 1364 1393 1368 —
1408 1352 1455 1374 An.
1475 1351 1542 1378 1383,
1559 1351 1631 1374 Junii
1650 1352 1678 1374 27
1695 1353 1720 1381 (v
1736 1351 1788 1374 kal.
1803 1351 1867 1374 Julii
1885 1360 1927 1375 un.
1946 1353 1979 1381 v),
1993 1352 2049 1383 jam
2067 1360 2156 1376 omnes
2174 1356 2268 1376 «nctus
2282 1360 2331 1384 per

468 1397 633 1419 baccolareos
651 1396 677 1418 in
695 1396 818 1419 facultate
835 1396 924 1424 theol.‚
943 1398 1083 1426 antequam
1098 1395 1124 1418 in
1143 1395 1201 1426 ipsu
1222 1395 1345 1418 facultate
1360 1395 1554 1418 licentiaturam
1573 1395 1728 1426 suscipiunt,
1745 1396 1801 1419 fieri
1819 1396 1911 1419 solitos
1926 1396 1986 1419 fecit
2000 1406 2021 1420 ».
2037 1396 2063 1419 Si
2080 1405 2127 1428 per
2142 1397 2293 1420 cancellarii
2305 1400 2331 1421 et

467 1441 559 1463 saltem
584 1449 595 1463 (τ
617 1440 697 1463 trium
719 1449 729 1462 »
756 1440 943 1471 magistrorum
968 1439 1185 1463 examinationem
1210 1439 1318 1462 idoneus
1344 1443 1463 1470 repertus
1488 1439 1574 1468 suerit,
1600 1439 1773 1463 cancellarius
1800 1440 1822 1463 ei
1847 1440 1980 1464 licentiam
2000 1441 2132 1472 largiatur
2157 1442 2228 1472 (Reg.
2250 1442 2329 1466 Aven.

467 1485 557 1513 Clem.,
570 1485 621 1507 vol.
637 1485 710 1510 XXX,
728 1485 771 1507 sol.
788 1484 855 1507 391«
870 1484 924 1507 Viri
941 1486 1055 1513 semron).
1069 1485 1167 1507 Revera
1181 1484 1312 1515 reperitur
1328 1483 1395 1507 inter
1408 1484 1555 1507 licentiatos
1572 1492 1613 1507 un.
1629 1484 1696 1513 1383,
1713 1484 1730 1508 i.
1748 1492 1770 1507 e.
1790 1485 1847 1508 1384
1862 1485 1962 1514 (Catal.
1977 1485 2079 1515 licent.⁷
2093 1485 2160 1508 Bibl.
2177 1489 2230 1513 nat.
2245 1485 2328 1510 Puris.

468 1537 531 1552 mss.
549 1529 595 1552 lut.
612 1530 670 1552 5657
678 1533 698 1557 Β,
715 1529 810 1558 12850).

559 1613 580 1635 1.
597 1612 726 1635 Scribitur
743 1612 821 1635 etiam
841 1621 851 1634 «
867 1612 952 1635 Meriti
970 1620 991 1640 ι),
1009 1621 1019 1635 (ι
1039 1612 1118 1635 Merxi
1138 1620 1159 1635 ».
1178 1613 1319 1643 Pel-peram
1338 1623 1349 1633 «
1369 1612 1463 1636 Merier
1482 1620 1503 1636 ι).
1525 1612 1582 1636 Vid.
1602 1616 1739 1644 praeterea
1764 1607 1986 1643 Omnis-Echino,
2007 1613 2119 1644 Script.⁷
2136 1614 2156 1643 1,
2172 1614 2226 1638 691.
2243 1613 2325 1642 Alius,

466 1657 496 1681 G.
511 1667 523 1678 «
540 1656 624 1680 Meriti
640 1665 660 1684 »,
676 1657 744 1687 apud
762 1656 865 1684 Delisle,
884 1657 947 1680 Cab.
961 1658 1008 1681 des
1026 1663 1100 1685 mss„
1118 1657 1150 1688 II,
1166 1658 1219 1680 2115,

470 1832 609 1868 1451.
636 1841 759 1867 Clemens
785 1842 837 1866 VII
849 1841 983 1876 (Iohanni
1002 1840 1038 1866 de
1056 1840 1167 1874 Calore)
1184 1840 1358 1866 cancellario
1373 1841 1479 1875 Paris„
1499 1845 1528 1866 ut
1542 1842 1694 1867 Francisco
1711 1842 1839 1875 Martini,
1859 1842 1924 1869 Ord.
1940 1844 1976 1877 fr.
1996 1844 2026 1869 B.
2046 1843 2159 1869 Mariae
2180 1842 2215 1869 de
2230 1844 2326 1870 Monte

555 1890 684 1924 Carmeli,
708 1889 877 1916 baccalareo
894 1891 922 1915 in
938 1889 1020 1915 theol.
1038 1891 1162 1924 formato
1178 1893 1205 1915 ct
1217 1898 1268 1921 ρει·
1286 1889 1446 1925 CapItulnm
1461 1890 1596 1924 generale
1611 1890 1682 1916 dicti
1701 1890 1766 1917 Ord.
1785 1890 1825 1916 ad
1838 1890 1970 1917 honorem
1986 1892 2146 1927 magisterii
2162 1891 2325 1928 suscipien-

553 1938 619 1963 dum
636 1942 829 1974 praesentato,
851 1940 928 1972 infra
948 1947 1000 1964 sex
1016 1938 1152 1964 niensium
1167 1938 1294 1974 spatium
1310 1938 1347 1963 ab
1363 1939 1557 1965 insinuatione
1575 1940 1770 1975 praesentium
1787 1940 2041 1976 computandorum
2059 1940 2219 1975 magisterii
2238 1940 2327 1967 hono-

552 2043 628 2062 sacre
643 2046 668 2061 ».

1640 2074 1715 2103 1380,
1731 2073 1838 2106 Augusti
1854 2074 1891 2103 10,
1907 2074 2038 2101 Ανεηίοηε.

557 2161 618 2191 Reg.
644 2160 700 2182 Vnt.
721 2160 799 2182 Aven.
822 2158 961 2182 Clementis
985 2159 1037 2186 vn,
1063 2159 1113 2182 vol.
1137 2159 1189 2184 XX,
1214 2159 1257 2182 sol.
1282 2159 1352 2182 50812.
1373 2173 1403 2177 —
1423 2160 1578 2184 Franciscns
1601 2161 1705 2184 Martini
1725 2161 1774 2184 suit
1797 2162 1950 2190 Catulunms,
1973 2165 2116 2185 conventus
2138 2162 2325 2186 Barcinonens-

463 2207 509 2228 An.
524 2205 583 2228 1372
594 2212 609 2227 a
622 2204 742 2235 Cnpitulo
755 2203 867 2234 Aquensi
884 2203 989 2227 Ordinis
1002 2203 1033 2226 ad
1048 2203 1162 2226 Parisios
1176 2203 1349 2227 ordinabatur
1361 2212 1409 2235 pro
1423 2204 1509 2228 Biblia
1522 2205 1598 2228 tertio
1612 2214 1690 2237 anno,
1706 2206 1732 2229 in
1746 2206 1867 2237 Cnpitulo
1883 2206 2004 2229 Podiensi
2022 2215 2064 2230 an.
2081 2207 2141 2230 1375
2154 2207 2327 2230 ordinabatur

463 2249 543 2271 lector
562 2248 753 2271 Sententiarum
768 2256 816 2278 pro
832 2247 944 2270 secundo
963 2256 1039 2276 amm,
1059 2247 1075 2271 i.
1092 2256 1113 2271 e.
1130 2251 1158 2271 ut
1181 2249 1252 2279 legat
1273 2249 1333 2271 1376
1350 2249 1391 2272 vel
1410 2249 1466 2272 1377
1488 2250 1607 2279 (Lezuna,
1631 2252 1708 2275 Arm.
1732 2250 1798 2275 Ora.
1820 2251 1951 2280 Carmel.‚
1973 2251 2015 2280 lv,
2036 2251 2079 2274 691
2104 2253 2165 2282 sq.).
2186 2251 2214 2274 In
2235 2251 2326 2275 Catal.

464 2293 554 2318 licent.
569 2293 675 2316 affertur
690 2293 722 2315 ad
740 2300 781 2315 an.
800 2293 859 2314 1-380
876 2292 954 2321 (1381)
971 2295 999 2315 ut
1013 2292 1160 2315 licentiatus
1177 2293 1202 2315 in
1215 2293 1295 2316 theol.

469 2462 607 2498 1452.
633 2471 756 2497 Clemens
782 2472 833 2497 Vll
851 2471 981 2497 Guiberto
1001 2471 1036 2497 de
1054 2472 1187 2506 Celceto'5
1206 2481 1305 2498 canon.
1322 2473 1440 2499 ecclesie
1457 2475 1483 2499 S.
1506 2474 1639 2499 Germani
1660 2475 1766 2509 Paris„
1786 2474 1962 2510 presbytero,
1981 2484 2054 2510 mag.
2073 2475 2102 2501 in
2121 2475 2233 2510 medic„
2255 2484 2321 2502 con-

552 2520 634 2553 cedit,
653 2523 682 2545 ut
702 2519 858 2545 medicinae
880 2520 974 2546 studio
991 2521 1114 2546 Parisiis
1137 2521 1178 2547 wel
1197 2521 1270 2546 alibi
1290 2525 1371 2547 actus
1393 2522 1592 2557 scholasticos,
1620 2522 1748 2557 legendo,
1771 2523 1904 2558 regendo,
1927 2523 2063 2558 docendo,
2084 2523 2260 2560 disputando
2286 2533 2321 2551 ac

551 2577 645 2593 omnes
659 2572 685 2593 et
699 2568 826 2602 singulos
836 2572 917 2593 actus
933 2568 1027 2594 dictae
1042 2569 1195 2602 facultatis
1212 2574 1359 2595 consuetos
1375 2579 1408 2595 ac
1424 2572 1519 2596 omnia
1535 2571 1597 2596 alia
1613 2571 1678 2597 huic
1689 2571 1829 2606 facultati
1839 2572 2032 2598 incumbentia
2043 2572 2178 2607 faciendo
2190 2581 2322 2600 exercere

550 2617 626 2642 licite
642 2617 742 2642 valeat.
760 2618 824 2642 Dat.
839 2617 978 2644 Aviniono
993 2618 1048 2643 kal.
1063 2619 1238 2648 Novembris,
1254 2627 1331 2645 anno
1349 2620 1443 2646 tertio.
1462 2630 1475 2643 α
1492 2620 1669 2647 Litterarum
1684 2621 1801 2647 scientia
1813 2631 1838 2647 ».

1620 2705 1695 2734 1380,
1711 2706 1855 2732 Novembris
1873 2707 1889 2736 1,
1903 2706 2034 2733 Ανθηῐοηε.

554 2789 616 2820 Reg.
639 2789 695 2812 Vnt.
717 2790 796 2812 Aven.
819 2789 957 2812 Clementis
977 2790 1030 2818 VII,
1052 2790 1104 2812 vol.
1127 2790 1203 2818 XXII,
1227 2791 1271 2813 sol.
1295 2791 1348 2814 172.
1373 2805 1403 2808 —
1426 2792 1541 2815 Similem
1567 2794 1683 2816 savorem
1705 2794 1774 2817 idem
1790 2794 1932 2818 Guibertus
1952 2795 1983 2818 de
2005 2805 2018 2816 «ι
2035 2794 2147 2817 Suliceto
2163 2803 2186 2824 π,
2202 2794 2319 2818 medicus

460 2833 545 2856 Caroli
561 2834 719 2856 Francorum
735 2833 813 2864 regiS,
827 2833 881 2864 jam
899 2842 942 2856 au.
967 2834 1033 2862 1377,
1050 2834 1120 2864 Sept.
1143 2834 1181 2862 25,
1200 2842 1214 2856 a
1230 2834 1356 2865 Gregorio
1375 2836 1407 2858 XI
1424 2836 1573 2859 obtinuerat
1590 2838 1662 2869 (Reg.
1679 2839 1758 2861 Aven.
1778 2838 1856 2870 Greg.
1871 2839 1913 2868 XI,
1930 2839 1981 2862 vol.
1995 2839 2083 2869 XXIX,
2100 2840 2116 2863 s.
2132 2839 2213 2868 396⁶).

553 2917 575 2940 1.
592 2917 611 2939 l.
627 2925 649 2940 e.
668 2917 778 2940 Celseto.
794 2917 851 2939 Vid.
868 2925 948 2948 supra
963 2926 989 2948 p.
1008 2918 1045 2946 46,
1059 2921 1111 2941 not.
1129 2919 1157 2946 7;
1176 2927 1202 2950 p.
1219 2919 1272 2947 251,
1288 2922 1342 2942 not.
1357 2920 1379 2942 1.
