2488 3386
434 339 498 372 470
1011 344 1329 368 οΗΑιιτυιΑΒιυΜ
1364 343 1555 365 UNIVERS.
1592 342 1721 365 rmus.
2202 332 2302 369 [1388

434 421 540 467 legia,
558 420 772 454 franchisias
790 426 824 453 et
843 420 1029 453 libertates
1051 418 1181 452 dilecte
1203 418 1276 451 filie
1298 424 1421 450 nostre
1439 416 1696 450 Universitatis
1717 417 1949 458 parisiensis,
1966 423 2075 462 prout
2093 424 2129 451 et
2148 417 2209 451 alii
2224 418 2300 452 veri

435 485 602 521 doctores
624 487 660 519 in
682 486 805 519 eadem
826 485 993 519 facultate
1014 492 1198 530 regentes.

523 553 663 597 Quibus
684 553 736 587 sic
757 553 925 598 peractis,
945 553 1051 585 dictis
1073 551 1285 585 doctoribus
1307 550 1578 596 subsequenter
1594 562 1706 595 super
1721 550 1986 583 reformacione
2007 550 2101 584 dicte
2121 551 2302 585 facultatis

434 621 634 654 adinvicem
666 620 911 665 congregatis,
934 631 973 652 ac
1003 618 1123 664 posito
1152 618 1188 650 in
1216 617 1486 650 deliberacione
1508 617 1539 650 si
1567 617 1654 650 dicti
1682 617 1852 650 doctores
1880 617 1924 650 de
1951 629 2055 650 mane
2076 617 2243 663 legentes
2264 618 2301 651 in

434 687 576 732 juribus
605 693 639 719 et
668 685 995 719 distribucionibus
1016 684 1291 725 bacalariorum,
1313 683 1587 716 licenciatorum
1610 690 1646 716 et
1671 683 1824 716 aliorum
1854 683 2101 729 proficuorum
2129 685 2301 730 regencie

434 753 701 799 participarent,
724 753 806 797 quia
832 752 955 797 plures
981 752 1025 784 de
1051 751 1157 784 dictis
1179 750 1391 783 doctoribus
1419 750 1555 794 (minor
1575 756 1695 783 tamen
1720 762 1802 795 pars
1823 750 2002 795 ipsorum)
2030 751 2173 784 fuerant
2197 752 2301 797 oppi—

435 820 568 859 nionis,
595 819 691 864 quod
713 831 797 860 non,
821 818 892 851 nisi
922 818 1103 850 dumtaxat
1124 817 1242 862 quoad
1272 816 1432 849 honores
1460 816 1632 861 regencie
1660 828 1666 849 :
1691 817 1851 861 prefatus
1874 816 1919 850 de
1947 817 2070 850 Brolio
2096 830 2114 851 a
2139 818 2302 863 predicta

435 886 701 919 deliberacione
723 892 758 918 et
785 885 1021 929 opposicione
1048 883 1092 916 ad
1120 884 1249 916 dictam
1275 883 1556 916 Universitatem
1584 883 1845 928 appellaverat3
1879 883 1916 916 in
1944 896 2012 929 qua
2040 884 2301 930 appellacionis

434 965 540 986 causa
561 952 723 997 partibus
744 951 917 996 predictis
938 963 1056 983 coram
1079 950 1173 983 dicta
1196 950 1440 983 Universitate
1462 949 1770 995 comparentibus,
1788 950 1959 983 videlicet
1979 951 2086 984 dictis
2107 952 2245 985 decano
2266 959 2301 987 et

434 1019 590 1064 capitulo
612 1031 654 1051 ex
675 1030 744 1050 una
766 1024 877 1063 parte,
905 1024 940 1050 et
969 1017 1065 1050 dicto
1094 1017 1137 1050 de
1167 1016 1291 1049 Brolio
1319 1016 1499 1062 appellato
1527 1028 1570 1049 ex
1595 1016 1718 1058 altera,
1741 1029 1780 1050 ac
1800 1017 1892 1062 ipsis
1922 1017 2086 1062 partibus
2111 1018 2148 1051 in
2175 1019 2301 1053 eadem

434 1085 685 1130 appellationis
706 1096 812 1117 causa
833 1084 978 1125 auditis,
1006 1083 1233 1116 Universitas
1254 1083 1417 1128 predicta
1438 1083 1710 1116 sentencialiter
1738 1083 1867 1128 partim
1894 1083 1938 1116 ad
1967 1084 2084 1129 ipsius
2111 1084 2300 1119 utilitatem

434 1158 469 1185 et
489 1152 615 1196 partim
636 1157 760 1183 contra
781 1151 898 1195 ipsum
921 1150 1235 1195 pronunciaverat.

521 1218 552 1251 A
582 1229 649 1262 qua
677 1219 875 1258 sentencia,
902 1217 939 1249 in
969 1223 1140 1262 quantum
1171 1223 1295 1250 contra
1324 1216 1443 1261 ipsum
1474 1216 1640 1259 faciebat,
1671 1216 1926 1262 appellaverat,
1957 1217 1994 1250 in
2024 1218 2157 1252 ceteris
2186 1217 2299 1264 ipsam

434 1284 679 1329 approbando.
703 1285 747 1316 Et
766 1284 975 1329 priusquam
994 1283 1088 1316 idem
1107 1284 1151 1316 de
1173 1283 1296 1316 Brolio
1314 1283 1444 1316 dictam
1466 1283 1660 1316 lectionem
1677 1283 1922 1317 matutinalem
1943 1283 2068 1330 legere
2088 1285 2302 1330 incepisset,

433 1351 511 1396 ipse
532 1351 671 1396 legerat
690 1352 881 1383 Decretum
903 1350 991 1383 hora
1013 1350 1127 1395 prime
1145 1357 1438 1395 tanquamrverus
1456 1350 1583 1383 doctor
1603 1350 1733 1396 legens
1754 1351 1791 1383 in
1811 1350 1978 1384 facultate
1999 1351 2176 1396 predicta;
2196 1363 2300 1397 quam

434 1417 605 1450 lecturam
627 1418 771 1450 Decreti
792 1417 1039 1450 continuendo
1061 1418 1134 1461 (sic)
1155 1417 1396 1450 incontinenti
1417 1424 1501 1462 post
1519 1418 1652 1450 festum
1673 1417 1843 1451 Omnium
1871 1418 2082 1452 Sanctorum
2105 1430 2198 1452 anno
2220 1430 2302 1464 pre-

434 1484 528 1517 dicto
551 1484 776 1529 octogesimo
797 1484 936 1528 quinto,
958 1484 1151 1517 lectionem
1182 1484 1328 1517 Decreti
1356 1484 1527 1517 continue
1555 1483 1695 1529 legerat
1721 1496 1837 1529 usque
1858 1484 1901 1517 ad
1926 1491 2023 1518 certa
2044 1484 2302 1530 impedimenta

434 1550 503 1583 sibi
520 1562 584 1595 per
605 1550 722 1583 dictos
740 1550 784 1583 de
805 1550 961 1595 collegio
978 1551 1015 1583 in
1036 1550 1227 1595 premissis
1247 1551 1424 1595 apposita.
1443 1552 1487 1583 Et
1507 1562 1572 1596 per
1592 1550 1660 1583 hoe
1676 1562 1786 1584 verus
1806 1563 1941 1596 regens
1962 1551 1999 1584 in
2020 1551 2114 1584 dicta
2133 1551 2301 1586 facultate

434 1617 592 1662 reputari
614 1616 780 1659 debebat,
798 1616 1019 1662 juribusque
1036 1624 1071 1650 et
1091 1617 1347 1650 emolumentis
1368 1617 1540 1662 regencie
1563 1616 1801 1662 sequentibus
1818 1618 1992 1663 gaudere,
2010 1617 2182 1651 videlicet
2201 1618 2302 1652 testi-

434 1683 564 1716 ficandi
584 1695 671 1716 suos
692 1684 866 1725 scolares,
886 1691 921 1716 et
945 1684 1041 1729 quod
1063 1685 1142 1729 ejus
1163 1683 1487 1717 testimonio-fides
1508 1683 1757 1726 adhiberetur,
1779 1684 1877 1729 quod
1903 1684 2013 1717 eciam
2037 1684 2123 1718 dicti
2144 1685 2200 1718 sui
2222 1696 2302 1719 sco-

434 1750 528 1784 lares
548 1750 713 1783 obtinere
740 1757 891 1795 possent
911 1751 1107 1783 citacioncs
1137 1758 1198 1784 aut
1224 1751 1311 1784 alias
1341 1751 1480 1784 litteras
1510 1758 1705 1784 consuetas
1731 1758 1855 1785 contra
1883 1751 2094 1784 detentores
2119 1752 2301 1786 fructuum

433 1816 693 1850 beneficiorum
711 1829 873 1858 suorum,
891 1817 1044 1862 aliisque
1062 1817 1280 1863 privilegiis,
1298 1817 1505 1851 t'ranehisiis
1522 1824 1557 1850 et
1572 1817 1803 1851 libertatibus
1821 1818 1916 1850 dicte
1938 1818 2194 1852 Universitatis
2215 1830 2303 1864 gau-

434 1883 532 1924 dere,
551 1883 688 1928 absque
706 1895 748 1917 eo
766 1884 863 1928 quod
885 1884 971 1916 dicti
992 1884 1035 1917 de
1056 1884 1222 1917 facultate
1239 1884 1297 1918 vel
1318 1884 1430 1929 aliqui
1451 1884 1659 1930 singulares
1676 1884 1841 1929 ejusdem
1862 1884 1930 1917 hoc
1951 1891 2103 1930 possent
2117 1884 2175 1919 vel
2192 1884 2303 1918 debe-

434 1956 514 1982 rent
538 1950 731 1995 impedire3
759 1950 986 1995 debebatque
1014 1951 1132 1984 dictus
1159 1951 1203 1984 de
1232 1951 1356 1984 Brolio
1382 1957 1550 1996 tanquam
1574 1963 1685 1984 verus
1713 1951 1840 1984 doctor
1866 1963 2000 1996 regens
2028 1951 2072 1984 ad
2101 1963 2303 1997 congrega-

433 2016 557 2049 ciones
578 2016 672 2049 dicte
689 2017 867 2050 facultatis
889 2017 1040 2050 maxime
1057 2018 1362 2051 extraordinarias
1383 2030 1447 2063 per
1464 2018 1581 2052 dictos
1601 2017 1787 2051 bedellum
1809 2025 1869 2051 aut
1889 2017 2144 2051 subbedellum
2161 2019 2302 2059 vocari,

434 2082 519 2115 dicti
550 2083 661 2116 eciam
691 2083 859 2117 bedellus
886 2090 921 2117 et
950 2084 1190 2118 subbedellus
1220 2085 1257 2117 in
1285 2084 1396 2118 scolis
1425 2084 1511 2117 dicti
1541 2084 1585 2117 de
1617 2084 1740 2117 Brolio
1773 2085 1811 2118 in
1838 2084 1945 2118 dictis
1976 2085 2054 2118 suis
2083 2084 2304 2118 lectionibus

435 2149 569 2182 decreti
591 2156 626 2182 et
650 2150 694 2182 de
715 2162 818 2183 mane
838 2151 929 2184 festa
955 2158 991 2184 et
1019 2151 1087 2184 alia
1115 2152 1206 2184 facta
1227 2151 1338 2185 studii
1365 2151 1587 2184 denunciare
1617 2150 1810 2184 debebant.
1841 2152 2058 2196 Poteratque
2086 2158 2121 2184 et
2150 2151 2304 2185 debebat

435 2215 551 2248 dictus
578 2216 622 2248 de
648 2216 770 2250 Brolio
794 2229 905 2250 unum
927 2217 1111 2250 bedellum
1132 2218 1279 2260 habere,
1304 2225 1339 2251 et
1365 2230 1430 2264 pro
1452 2218 1532 2263 ipso
1556 2225 1631 2251 tres
1652 2217 1792 2251 solidos
1820 2230 1838 2251 a
1865 2218 2030 2263 quolibet
2059 2230 2154 2251 novo
2176 2217 2305 2251 bacha-

436 2282 536 2323 lario,
560 2294 623 2315 sex
646 2283 786 2316 solidos
813 2296 831 2316 a
856 2283 1020 2329 quolibet
1048 2296 1142 2318 novo
1164 2285 1326 2327 doctore,
1354 2285 1450 2318 dicto
1470 2285 1515 2317 de
1541 2284 1664 2318 Brolio
1687 2296 1815 2330 capere
1835 2284 1978 2317 licebat.
2002 2284 2128 2317 Dictus
2154 2284 2306 2330 insuper

437 2347 479 2379 de
501 2348 623 2380 Brolio
645 2356 679 2381 et
700 2349 849 2394 quilibet
872 2350 1024 2383 aliorum
1053 2351 1241 2384 doctorum
1263 2352 1300 2384 in
1322 2351 1416 2384 dicta
1441 2351 1608 2384 facultate
1630 2351 1835 2396 regentium
1857 2357 1980 2396 optare
2006 2357 2172 2396 poterant
2192 2363 2302 2384 unum

436 2413 676 2447 bachalarium
695 2415 974 2459 licenciandum,
991 2430 1010 2450 a
1027 2430 1098 2462 quo
1115 2418 1259 2463 quidem
1282 2418 1488 2452 bachalario
1505 2418 1600 2451 idem
1618 2418 1759 2461 doctor,
1777 2418 1839 2463 qui
1859 2417 1977 2463 ipsum
1996 2424 2182 2463 optaverat
2197 2429 2302 2450 unam

437 2479 559 2512 robam
581 2492 697 2526 usque
718 2482 762 2515 ad
783 2483 1053 2517 estimacionem
1075 2485 1337 2530 quinquaginta
1357 2486 1576 2527 francorum,
1598 2484 1742 2530 quando
1770 2483 1993 2517 efficiebatur
2013 2484 2153 2526 doctor,
2176 2496 2304 2530 capere

437 2553 594 2590 poterat,
614 2554 649 2579 et
669 2548 699 2580 si
720 2555 801 2581 ante
822 2550 1113 2595 assumpcionem
1135 2552 1270 2596 gradus
1292 2552 1500 2585 doctoratus
1521 2551 1675 2596 predicti
1697 2550 1851 2584 eundem
1871 2550 2071 2593 doctorem,
2090 2551 2151 2597 qui
2169 2550 2303 2584 dictum

437 2611 678 2646 bachalarium
697 2621 891 2659 optaverat,
910 2616 1087 2650 decedere
1103 2617 1349 2663 contingebat,
1367 2618 1503 2651 utilitas
1520 2617 1606 2651 dieti
1626 2617 1822 2651 bachalarii
1839 2619 1908 2662 que
1925 2617 1969 2651 ad
1990 2617 2125 2651 dictum
2147 2617 2305 2653 deffunc-

438 2684 511 2711 tum
533 2679 757 2723 pertinuerat
775 2681 819 2713 ad
841 2682 970 2715 dictam
991 2684 1193 2717 facultatem
1215 2684 1400 2730 spectebat
1423 2685 1510 2728 (sic).
2266 2723 2268 2726 ,

525 2746 577 2778 De
601 2745 733 2790 quibus
754 2747 899 2792 quidem
916 2749 1075 2793 juribus,
1097 2751 1317 2793 franchisiis,
1339 2751 1570 2784 libertatibus
1591 2757 1627 2784 et
1650 2750 1907 2784 emolumentis
1928 2751 2103 2795 dictarum
2124 2749 2304 2784 facultatis

438 2817 472 2843 et
493 2811 746 2846 Universitatis
768 2814 927 2858 prefatus
949 2815 992 2848 de
1014 2816 1150 2859 Brolio,
1173 2818 1251 2862 ejus
1280 2817 1440 2851 scolares
1469 2824 1504 2850 et
1532 2817 1702 2850 bedellus
1730 2817 1874 2850 fuerant
1902 2824 1938 2850 et
1964 2824 2066 2853 erant
2091 2817 2129 2850 in
2156 2828 2304 2862 posses-

438 2877 540 2911 sione
561 2885 596 2911 et
616 2879 760 2915 saisina,
785 2880 963 2926 dictisque
983 2883 1285 2927 possessionibus
1307 2891 1341 2917 et
1362 2884 1510 2918 saisinis
1536 2884 1593 2917 usi
1622 2884 1766 2917 fuerant
1794 2896 1858 2929 per
1885 2896 1924 2917 se
1946 2891 1981 2917 et
2002 2896 2089 2917 suos
2109 2883 2304 2929 predeces-
