2488 3386
448 354 509 386 174
1016 360 1334 383 ann‘rULAMUM
1370 359 1560 381 UNIVERS.
1597 359 1727 381 PAms.
2118 364 2120 367 v
2205 346 2303 382 [1367

445 436 679 481 dampnorum
703 443 735 468 61
761 436 952 474 interesse,
976 434 1158 467 taxacione
1180 433 1273 465 dicte
1294 439 1418 465 nostre
1439 433 1538 465 curie
1560 439 1758 472 reservata;
1783 444 1925 465 necnon
1946 432 2153 477 sepedictos
2172 432 2304 466 ,1011311-

444 515 524 535 06111
547 503 723 542 Mariette,
745 502 979 535 Guillelmum
1004 501 1047 533 de
1070 501 1283 545 Laignyaco,
1305 499 1476 532 Jacobum
1502 499 1546 532 de
1568 499 1780 540 Londoniis,
1805 498 1990 531 Nicolaum
2013 499 2057 531 de
2081 499 2302 541 Cornuaille,

446 569 679 602 Laurencium
702 568 914 609 Balancerii,
932 567 1130 600 Johannem
1149 566 1192 598 (16
1214 566 1334 598 Baboe
1356 572 1391 598 et
1405 565 1603 598 Johannem
1627 565 1671 598 de
1688 566 1845 599 Carnoto
1866 572 1902 598 et
1921 565 2082 610 ipsorum
2105 565 2305 610 quemlibet

443 636 478 668 in
500 635 654 668 solidum
684 642 718 668 et
748 647 812 679 pro
838 641 912 667 toto
933 634 975 666 ad
1005 633 1227 665 reddendum
1251 639 1285 664 et
1306 632 1569 664 restituendum
1591 632 1728 665 eisdem
1750 632 1924 677 magistro
1946 633 2051 665 Petro
2074 632 2118 665 de
2139 633 2248 678 Zippa
2270 640 2305 666 et

443 701 656 742 scolaribus,
681 708 747 734 tam
776 707 972 733 armaturas
1003 712 1100 740 suas,
1127 711 1215 743 quas
1241 699 1294 731 615
1325 699 1368 731 (16
1399 699 1510 743 gratia
1540 705 1662 732 nostra
1695 699 1797 731 reddi
1827 706 1862 731 et
1892 699 2032 732 restitui
2060 699 2242 732 voluimus
2270 706 2305 733 et

441 768 621 809 volumus,
645 780 747 813 quam
770 768 835 800 alia
858 767 951 799 bona
975 778 1037 799 5113
1059 765 1205 798 1001)1113
1227 766 1262 797 10
1285 765 1376 798 (11613
1398 765 1506 798 (10100
1528 777 1605 806 5113,
1632 773 1669 798 01
1699 766 1899 810 predictum
1923 772 1990 807 651,
2012 772 2112 810 capta
2134 773 2168 799 et
2188 773 2303 800 amota

441 841 476 867 et
505 847 568 880 per
589 834 871 867 declaracionem
901 834 937 866 in
966 833 1110 878 scriptis
1140 832 1313 877 predictis
1335 832 1595 865 commissariis
1622 833 1758 865 nostris
1791 844 1855 877 per
1881 833 1981 877 ipsos
2009 832 2168 866 scolares
2195 833 2302 866 modo

441 902 618 946 premisso
649 901 774 934 tradita
796 907 828 933 et
857 900 1076 945 specificata,
1103 899 1133 931 si
1163 899 1316 943 reperiri
1338 898 1491 940 valeant,
1517 899 1574 932 sin
1601 906 1734 941 autem,
1758 911 1862 932 suum
1890 899 2048 932 valorem
2070 899 2300 945 legittimum,

440 980 549 1012 super
570 980 640 1012 quo
662 968 767 1000 (116115
789 966 991 999 scolaribus
1013 978 1055 998 eo
1077 977 1161 998 casu
1183 965 1303 998 medio
1319 966 1526 1009 juramento
1547 966 1728 998 credetur.

527 1036 571 1067 Et
600 1035 749 1079 insuper
770 1033 1040 1078 prenominatos
1068 1032 1252 1064 Nicolaum
1277 1032 1320 1064 de
1342 1032 1551 1065 Coruuaille
1573 1039 1608 1065 et
1631 1032 1831 1065 Johannem
1855 1033 1898 1065 de
1927 1032 2047 1065 Baboe
2073 1045 2112 1066 36
2143 1034 2302 1066 Lauren-

438 1101 531 1133 cium
563 1101 762 1133 Balaneerii
790 1100 833 1132 ad
870 1099 1063 1132 tenendum
1095 1099 1292 1143 prisionem
1328 1099 1499 1131 firmatam
1532 1099 1568 1131 in
1599 1099 1694 1131 dicto
1725 1099 1922 1132 Castelleto
1950 1106 2075 1132 nostro
2105 1100 2302 1133 Parisiensi

438 1167 529 1200 ultra
549 1167 769 1212 guichetum,
788 1166 958 1200 videlicet
978 1166 1094 1198 dictos
1115 1165 1301 1198 Nicolaum
1323 1172 1358 1198 et
1377 1165 1576 1198 ι1011300601
1600 1177 1664 1210 per
1685 1166 1845 1210 spacium
1867 1166 1976 1198 unius
1997 1166 2147 1208 mensis,
2170 1173 2206 1199 et
2226 1178 2302 1212 pre-

437 1234 569 1266 dictum
602 1234 837 1266 Laurencium
867 1245 931 1278 per
959 1233 1119 1277 spacium
1146 1233 1298 1265 duorum
1330 1233 1508 1265 mensium
1531 1245 1548 1265 a
1571 1232 1649 1265 data
1671 1233 1852 1277 presentis
1873 1233 2001 1266 arresti
2023 1233 2139 1266 nostri
2159 1245 2303 1279 compu-

438 1301 639 1341 tandorum,
669 1312 732 1345 per
752 1300 847 1332 idem
869 1306 1046 1332 arrestum
1075 1299 1423 1344 condempnavimus
1454 1306 1489 1332 et
1519 1299 1846 1344 condempnamus3
1870 1299 1987 1332 dictos
2009 1312 2154 1345 quoque
2173 1299 2302 1333 ,1011311-

437 1379 516 1399 nem
539 1367 716 1408 Mariette,
741 1367 975 1400 Guillelmum
999 1367 1042 1399 de
1065 1366 1283 1411 Laignyaco,
1306 1365 1478 1399 Jacobum
1502 1366 1546 1398 de
1569 1366 1781 1407 Londoniis,
1804 1366 1990 1399 Nicolaum
2012 1366 2056 1399 de
2078 1366 2300 1409 Cornuaille,

437 1434 673 1466 Laurencium
696 1433 910 1474 Balancerii,
931 1433 1129 1466 Johannem
1156 1433 1200 1465 de
1223 1432 1342 1465 Baboe
1364 1439 1398 1465 61
1418 1432 1617 1465 Johannem
1640 1433 1684 1465 de
1706 1433 1864 1466 Carnoto
1890 1439 1926 1465 61
1952 1445 2076 1465 eorum
2103 1433 2304 1478 quemlibet

437 1512 453 1532 a
471 1500 546 1532 suis
564 1500 691 1533 officiis
706 1500 931 1545 sergenterie
949 1500 1167 1544 supradictis
1183 1499 1402 1544 privavimus
1420 1506 1454 1532 61
1471 1500 1665 1544 privamus.
1682 1499 1784 1532 Alios
1801 1506 1918 1532 autem
1937 1500 2140 1533 servientes
2157 1506 2302 1533 nostros

438 1567 606 1611 superius
636 1567 839 1599 nominatos
870 1567 906 1598 in
936 1567 1031 1599 dicto
1060 1566 1256 1599 Castelleto
1285 1573 1424 1607 nostro,
1454 1578 1560 1599 causa
1592 1573 1627 1599 et
1656 1566 1847 1599 occasione
1878 1567 2138 1611 premissorum
2171 1567 2303 1612 prisio-

437 1633 570 1674 narios,
594 1640 632 1665 ut
658 1633 889 1678 premittitur,
912 1633 1133 1678 mancipatos
1237 1645 1300 1677 per
1322 1633 1530 1676 hujusmodi
1558 1639 1734 1666 arrestum
1757 1632 1980 1666 absolvimus
2006 1640 2041 1666 et
2067 1633 2302 1667 liberavimus

437 1711 475 1732 ac
498 1700 607 1732 eciam
630 1699 839 1733 liberamus.

526 1768 566 1799 1⁴31
589 1767 670 1811 quia
692 1779 755 1811 per
776 1767 1070 1799 informacionem
1095 1773 1153 1799 aut
1183 1767 1386 1811 inquestam
1484 1767 1637 1811 predicti
1659 1767 1898 1800 commissarii
1927 1767 2042 1800 nostri
2064 1767 2108 1800 de
2129 1774 2165 1800 et
2191 1779 2302 1813 super

437 1840 550 1866 morte
568 1846 632 1866 sou
648 1834 843 1866 amissione
861 1833 1099 1878 prenominati
1122 1833 1366 1866 Bartholomei
1388 1834 1517 1866 Divitis
1534 1833 1699 1873 scolaris,
1718 1846 1825 1878 quem
1843 1834 2069 1867 Universitas
2086 1841 2121 1867 61
2140 1834 2301 1868 scolares

436 1899 604 1933 antedicti
635 1907 866 1933 asseruerant
896 1907 928 1932 et
959 1899 1171 1933 asserebant
1197 1900 1253 1933 vel
1284 1900 1563 1945 suspicabantur
1593 1901 1752 1945 predicta
1783 1908 1888 1934 nocte
1917 1901 1953 1933 in
1984 1896 2214 1934 conflictibus
2243 1901 2301 1935 vel

436 1966 632 1999 insultibus
659 1967 850 1999 antedictis
882 1967 1124 2004 intersectum,
1154 1966 1382 1999 submersum
1411 1967 1468 2000 vel
1498 1967 1585 2000 alias
1616 1968 1795 2012 perditum
1827 1968 2004 2009 extitisse,
2036 1975 2074 2001 ut
2106 1969 2298 2013 prefertur,
2345 1996 2349 1999 ,

436 2033 486 2065 nil
507 2033 666 2077 reperire
689 2045 805 2078 neque
827 2034 920 2066 scire
943 2040 1149 2078 potuerunt,
1169 2033 1253 2066 licet
1272 2040 1439 2078 quantam
1457 2034 1687 2079 diligenciam
1712 2041 1908 2079 potuerunt
1927 2035 2021 2067 circa
2042 2034 2109 2068 hoc
2130 2034 2300 2067 adhibue-

436 2099 518 2140 rint,
537 2106 659 2132 nostre
676 2107 735 2132 aut
756 2100 890 2144 prefate
909 2100 1007 2132 curie
1025 2107 1149 2132 nostre
1166 2100 1385 2133 intencionis
1407 2100 1540 2141 existit,
1559 2101 1656 2145 quod
1677 2101 2031 2145 condempnaeiones
2053 2113 2117 2134 seu
2140 2101 2301 2146 punicio-

436 2178 514 2207 065,
545 2178 582 2198 36
618 2166 871 2199 absoluciones
902 2173 937 2198 61
970 2166 1211 2199 liberaciones
1244 2167 1414 2212 superius
1445 2167 1623 2200 declarate
1654 2168 1785 2201 sactum
1818 2168 1944 2201 mortis
1977 2180 2041 2201 seu
2076 2168 2299 2213 perdicionis

436 2233 596 2275 ejusdem
620 2232 861 2265 Bartholomei
882 2233 1086 2277 aliqualiter
1102 2246 1174 2266 non
1191 2241 1416 2266 concernunt
1437 2246 1554 2278 neque
1571 2234 1897 2279 comprehendunt,
1916 2235 1981 2267 sed
1997 2235 2051 2267 eis
2067 2246 2140 2267 non
2157 2234 2300 2268 obstan-

435 2298 531 2331 tibus
561 2299 734 2343 quociens
764 2312 830 2332 nos
860 2306 919 2332 aut
949 2300 1026 2344 ipsa
1056 2300 1154 2332 curia
1185 2307 1307 2333 nostra
1338 2301 1381 2333 de
1413 2307 1447 2333 et
1476 2313 1587 2345 super
1616 2307 1731 2334 morte
1759 2301 1816 2334 vel
1848 2301 2102 2334 submersione
2133 2301 2297 2346 ejusdem

436 2365 677 2398 Bartholomei
707 2366 881 2399 fuerimus
911 2366 1106 2407 informati,
1138 2366 1392 2411 delinquentes
1427 2379 1537 2412 super
1564 2367 1632 2400 hoe
1660 2368 1867 2412 puniemus,
1895 2374 1935 2400 ut
1966 2368 2060 2401 racio
2089 2375 2124 2400 61
2149 2368 2297 2413 justicia

436 2431 650 2464 suadebunt.

524 2500 567 2531 Et
586 2498 669 2531 licet
690 2499 928 2542 prenominati
949 2499 1121 2544 magister
1142 2501 1269 2532 Petrus
1291 2500 1334 2532 de
1357 2500 1466 2545 Zippa
1487 2507 1519 2533 et
1548 2501 1607 2533 alii
1636 2501 1809 2542 scolares,
1840 2501 1876 2534 in
1905 2501 2065 2546 predicta
2093 2501 2202 2534 domo
2232 2513 2297 2535 sua

435 2565 471 2597 in
492 2565 627 2597 insultu
658 2565 818 2609 predicto
847 2577 968 2598 secum
996 2566 1206 2607 existentes,
1229 2567 1404 2599 adversus
1426 2567 1609 2611 predictos
1631 2567 1780 2600 militem
1811 2568 1911 2613 gueti
1939 2569 2090 2613 ejusque
2120 2568 2297 2601 locumte-

435 2638 577 2663 nentem
596 2643 634 2663 ac
652 2632 852 2664 servientes
869 2638 1015 2664 nostros
1032 2639 1067 2664 et
1086 2632 1176 2665 alios
1194 2645 1235 2665 ex
1257 2640 1355 2677 parte
1374 2640 1495 2666 nostra
1513 2633 1660 2675 ibidem,
1679 2641 1717 2667 ut
1734 2635 1935 2679 predictum
1953 2641 2021 2676 est,
2038 2641 2294 2680 congregatos,

434 2697 666 2742 quamplures
683 2697 902 2730 rebelliones
919 2705 954 2730 et
973 2698 1245 2731 inobediencias
1262 2700 1426 2740 fecerint,
1444 2712 1486 2732 ex
1504 2700 1691 2745 nostrique
1709 2701 1853 2733 consilii
1874 2708 2010 2734 matura
2027 2701 2295 2734 deliberacione

434 2770 615 2808 repertum
638 2764 806 2806 extiterit,
835 2765 931 2809 quod
960 2771 1082 2797 contra
1111 2766 1257 2798 eosdem
1287 2767 1496 2811 magistrum
1521 2769 1664 2800 Petrum
1691 2774 1726 2800 et
1751 2767 1911 2801 scolares
1939 2775 2151 2813 procurator
2171 2774 2296 2801 noster

434 2830 615 2874 generalis
636 2842 700 2874 pro
722 2830 828 2863 nobis
851 2831 1145 2875 prosecucionem
1169 2832 1285 2864 facere
1303 2839 1337 2865 et
1358 2833 1534 2866 intentare
1551 2846 1590 2866 ac
1611 2834 1720 2866 iidem
1742 2835 1915 2879 magister
1936 2836 2063 2867 Petrus
2080 2841 2116 2867 et
2135 2834 2295 2868 scolares

435 2908 476 2928 ex
504 2897 593 2941 ipsis
623 2897 887 2930 inobedienciis
915 2904 946 2929 et
978 2897 1241 2931 rebellionibus
1271 2899 1314 2931 ad
1345 2900 1609 2932 emendandum
1642 2900 1748 2933 nobis
1779 2901 2036 2946 condempnari
2065 2908 2099 2934 et
2126 2901 2295 2946 compelli
