<?xml version="1.0" encoding="UTF-8"?>
<!DOCTYPE html PUBLIC "-//W3C//DTD XHTML 1.0 Transitional//EN"
    "http://www.w3.org/TR/xhtml1/DTD/xhtml1-transitional.dtd">
<html xmlns="http://www.w3.org/1999/xhtml" xml:lang="en" lang="en">
 <head>
  <title>
</title>
<meta http-equiv="Content-Type" content="text/html;charset=utf-8" />
  <meta name='ocr-system' content='tesseract 3.04.00' />
  <meta name='ocr-capabilities' content='ocr_page ocr_carea ocr_par ocr_line ocrx_word'/>
</head>
<body>
  <div class='ocr_page' id='page_1' title='image "auctariumchartul03univuoft_0573.png"; bbox 0 0 2488 3386; ppageno 0'>
   <div class='ocr_carea' id='block_1_1' title="bbox 224 316 2083 356">
    <p class='ocr_par' dir='ltr' id='par_1_1' title="bbox 224 316 2083 356">
     <span class='ocr_line' id='line_1_1' title="bbox 224 316 2083 356; baseline 0.001 -5"><span class='ocrx_word' id='word_1_1' title='bbox 224 316 318 352; x_wconf 86' lang='lat'>1391]</span> <span class='ocrx_word' id='word_1_2' title='bbox 640 329 686 350; x_wconf 73' lang='lat' dir='ltr'>AB</span> <span class='ocrx_word' id='word_1_3' title='bbox 720 329 826 350; x_wconf 70' lang='lat' dir='ltr'>ANNO</span> <span class='ocrx_word' id='word_1_4' title='bbox 859 328 989 350; x_wconf 80' lang='lat' dir='ltr'>MCCCL</span> <span class='ocrx_word' id='word_1_5' title='bbox 1024 328 1152 356; x_wconf 84' lang='lat' dir='ltr'>USQUE</span> <span class='ocrx_word' id='word_1_6' title='bbox 1185 329 1233 349; x_wconf 68' lang='lat' dir='ltr'>An</span> <span class='ocrx_word' id='word_1_7' title='bbox 1271 329 1537 352; x_wconf 63' lang='lat' dir='ltr'>naucularum</span> <span class='ocrx_word' id='word_1_8' title='bbox 1568 331 1658 352; x_wconf 78' lang='lat' dir='ltr'>xm.</span> <span class='ocrx_word' id='word_1_9' title='bbox 2019 321 2083 353; x_wconf 86' lang='lat'>525</span> 
     </span>
    </p>
   </div>
   <div class='ocr_carea' id='block_1_2' title="bbox 219 402 2083 535">
    <p class='ocr_par' dir='ltr' id='par_1_2' title="bbox 219 402 2083 535">
     <span class='ocr_line' id='line_1_2' title="bbox 219 402 2083 438; baseline 0.001 -9"><span class='ocrx_word' id='word_1_10' title='bbox 219 405 352 430; x_wconf 85' lang='lat' dir='ltr'>tenerent</span> <span class='ocrx_word' id='word_1_11' title='bbox 365 405 416 429; x_wconf 83' lang='lat' dir='ltr'>aut</span> <span class='ocrx_word' id='word_1_12' title='bbox 430 403 601 431; x_wconf 75' lang='lat' dir='ltr'>tenuissent,</span> <span class='ocrx_word' id='word_1_13' title='bbox 616 403 696 429; x_wconf 83' lang='lat' dir='ltr'>nisus</span> <span class='ocrx_word' id='word_1_14' title='bbox 711 410 777 428; x_wconf 89' lang='lat' dir='ltr'>sum</span> <span class='ocrx_word' id='word_1_15' title='bbox 792 410 844 436; x_wconf 90' lang='lat' dir='ltr'>pro</span> <span class='ocrx_word' id='word_1_16' title='bbox 858 404 920 428; x_wconf 87' lang='lat' dir='ltr'>toto</span> <span class='ocrx_word' id='word_1_17' title='bbox 934 410 1015 435; x_wconf 85' lang='lat' dir='ltr'>posse</span> <span class='ocrx_word' id='word_1_18' title='bbox 1033 410 1098 428; x_wconf 92' lang='lat' dir='ltr'>mco</span> <span class='ocrx_word' id='word_1_19' title='bbox 1114 402 1206 435; x_wconf 83' lang='lat' dir='ltr'>ipsam</span> <span class='ocrx_word' id='word_1_20' title='bbox 1221 402 1363 436; x_wconf 88' lang='lat' dir='ltr'>impedire</span> <span class='ocrx_word' id='word_1_21' title='bbox 1442 404 1514 429; x_wconf 88' lang='lat' dir='ltr'>Item</span> <span class='ocrx_word' id='word_1_22' title='bbox 1532 411 1705 436; x_wconf 81' lang='lat' dir='ltr'>recognosco</span> <span class='ocrx_word' id='word_1_23' title='bbox 1721 406 1749 430; x_wconf 83' lang='lat' dir='ltr'>et</span> <span class='ocrx_word' id='word_1_24' title='bbox 1769 405 1858 430; x_wconf 82' lang='lat' dir='ltr'>fatcor</span> <span class='ocrx_word' id='word_1_25' title='bbox 1873 404 1988 437; x_wconf 86' lang='lat' dir='ltr'>publice</span> <span class='ocrx_word' id='word_1_26' title='bbox 2002 405 2083 438; x_wconf 90' lang='lat' dir='ltr'>quod</span> 
     </span>
     <span class='ocr_line' id='line_1_3' title="bbox 219 451 2082 487; baseline 0.001 -9"><span class='ocrx_word' id='word_1_27' title='bbox 219 454 312 478; x_wconf 89' lang='lat' dir='ltr'>mater</span> <span class='ocrx_word' id='word_1_28' title='bbox 327 460 391 478; x_wconf 86' lang='lat' dir='ltr'>mea</span> <span class='ocrx_word' id='word_1_29' title='bbox 407 452 578 478; x_wconf 81' lang='lat' dir='ltr'>Universitas</span> <span class='ocrx_word' id='word_1_30' title='bbox 594 452 659 478; x_wconf 82' lang='lat' dir='ltr'>fecit</span> <span class='ocrx_word' id='word_1_31' title='bbox 673 451 763 478; x_wconf 89' lang='lat' dir='ltr'>michi</span> <span class='ocrx_word' id='word_1_32' title='bbox 778 458 918 484; x_wconf 82' lang='lat' dir='ltr'>magnam</span> <span class='ocrx_word' id='word_1_33' title='bbox 933 451 1060 483; x_wconf 81' lang='lat' dir='ltr'>graciam</span> <span class='ocrx_word' id='word_1_34' title='bbox 1074 451 1105 476; x_wconf 93' lang='lat' dir='ltr'>in</span> <span class='ocrx_word' id='word_1_35' title='bbox 1118 451 1173 476; x_wconf 89' lang='lat' dir='ltr'>hoc</span> <span class='ocrx_word' id='word_1_36' title='bbox 1188 451 1302 480; x_wconf 86' lang='lat' dir='ltr'>scilicet,</span> <span class='ocrx_word' id='word_1_37' title='bbox 1318 451 1397 484; x_wconf 88' lang='lat' dir='ltr'>quod</span> <span class='ocrx_word' id='word_1_38' title='bbox 1412 451 1451 477; x_wconf 82' lang='lat' dir='ltr'>ita</span> <span class='ocrx_word' id='word_1_39' title='bbox 1465 452 1521 477; x_wconf 87' lang='lat' dir='ltr'>cito</span> <span class='ocrx_word' id='word_1_40' title='bbox 1534 460 1581 478; x_wconf 90' lang='lat' dir='ltr'>me</span> <span class='ocrx_word' id='word_1_41' title='bbox 1593 460 1608 478; x_wconf 92' lang='lat' dir='ltr'>a</span> <span class='ocrx_word' id='word_1_42' title='bbox 1623 453 1783 479; x_wconf 77' lang='lat' dir='ltr'>carceribus</span> <span class='ocrx_word' id='word_1_43' title='bbox 1795 453 1937 487; x_wconf 83' lang='lat' dir='ltr'>expedivit</span> <span class='ocrx_word' id='word_1_44' title='bbox 1949 455 1978 479; x_wconf 91' lang='lat' dir='ltr'>et</span> <span class='ocrx_word' id='word_1_45' title='bbox 1992 451 2082 479; x_wconf 85' lang='lat' dir='ltr'>eciam</span> 
     </span>
     <span class='ocr_line' id='line_1_4' title="bbox 219 499 1360 535; baseline -0.002 -8"><span class='ocrx_word' id='word_1_46' title='bbox 219 502 298 535; x_wconf 90' lang='lat' dir='ltr'>quod</span> <span class='ocrx_word' id='word_1_47' title='bbox 314 501 350 527; x_wconf 84' lang='lat' dir='ltr'>ad</span> <span class='ocrx_word' id='word_1_48' title='bbox 365 502 463 534; x_wconf 85' lang='lat' dir='ltr'>plures</span> <span class='ocrx_word' id='word_1_49' title='bbox 475 501 672 527; x_wconf 83' lang='lat' dir='ltr'>revocaciones</span> <span class='ocrx_word' id='word_1_50' title='bbox 685 501 722 526; x_wconf 90' lang='lat' dir='ltr'>ad</span> <span class='ocrx_word' id='word_1_51' title='bbox 737 500 883 533; x_wconf 88' lang='lat' dir='ltr'>populum</span> <span class='ocrx_word' id='word_1_52' title='bbox 898 500 942 525; x_wconf 86' lang='lat' dir='ltr'>vel</span> <span class='ocrx_word' id='word_1_53' title='bbox 957 499 1025 525; x_wconf 90' lang='lat' dir='ltr'>alibi</span> <span class='ocrx_word' id='word_1_54' title='bbox 1040 507 1087 526; x_wconf 90' lang='lat' dir='ltr'>me</span> <span class='ocrx_word' id='word_1_55' title='bbox 1103 508 1163 525; x_wconf 89' lang='lat' dir='ltr'>non</span> <span class='ocrx_word' id='word_1_56' title='bbox 1178 499 1360 533; x_wconf 63' lang='lat' dir='ltr'>obligavit....</span> 
     </span>
    </p>
   </div>
   <div class='ocr_carea' id='block_1_3' title="bbox 215 587 2084 2366">
    <p class='ocr_par' dir='ltr' id='par_1_3' title="bbox 217 587 2082 965">
     <span class='ocr_line' id='line_1_5' title="bbox 308 587 2079 631; baseline -0.001 -9"><span class='ocrx_word' id='word_1_57' title='bbox 308 590 394 622; x_wconf 88' lang='lat' dir='ltr'>Acta</span> <span class='ocrx_word' id='word_1_58' title='bbox 422 589 569 621; x_wconf 86' lang='lat' dir='ltr'>fuerunt</span> <span class='ocrx_word' id='word_1_59' title='bbox 597 588 662 621; x_wconf 89' lang='lat' dir='ltr'>hec</span> <span class='ocrx_word' id='word_1_60' title='bbox 693 587 853 620; x_wconf 87' lang='lat' dir='ltr'>Parisius</span> <span class='ocrx_word' id='word_1_61' title='bbox 882 587 1030 619; x_wconf 91' lang='lat' dir='ltr'>multum</span> <span class='ocrx_word' id='word_1_62' title='bbox 1061 587 1299 631; x_wconf 77' lang='lat' dir='ltr'>solempniter</span> <span class='ocrx_word' id='word_1_63' title='bbox 1329 599 1437 628; x_wconf 88' lang='lat' dir='ltr'>anno,</span> <span class='ocrx_word' id='word_1_64' title='bbox 1468 587 1680 628; x_wconf 68' lang='lat' dir='ltr'>indictione,</span> <span class='ocrx_word' id='word_1_65' title='bbox 1712 600 1849 630; x_wconf 84' lang='lat' dir='ltr'>mense,</span> <span class='ocrx_word' id='word_1_66' title='bbox 1877 589 1947 630; x_wconf 85' lang='lat' dir='ltr'>die,</span> <span class='ocrx_word' id='word_1_67' title='bbox 1980 589 2079 630; x_wconf 89' lang='lat' dir='ltr'>hora,</span> 
     </span>
     <span class='ocr_line' id='line_1_6' title="bbox 220 653 2081 700; baseline 0 -12"><span class='ocrx_word' id='word_1_68' title='bbox 220 655 299 688; x_wconf 91' lang='lat' dir='ltr'>loco</span> <span class='ocrx_word' id='word_1_69' title='bbox 327 662 362 688; x_wconf 89' lang='lat' dir='ltr'>et</span> <span class='ocrx_word' id='word_1_70' title='bbox 390 654 599 700; x_wconf 89' lang='lat' dir='ltr'>pontificatu</span> <span class='ocrx_word' id='word_1_71' title='bbox 629 654 815 699; x_wconf 76' lang='lat' dir='ltr'>predictis,</span> <span class='ocrx_word' id='word_1_72' title='bbox 847 653 1080 698; x_wconf 80' lang='lat' dir='ltr'>presentibus</span> <span class='ocrx_word' id='word_1_73' title='bbox 1110 653 1383 686; x_wconf 85' lang='lat' dir='ltr'>venerabilibus</span> <span class='ocrx_word' id='word_1_74' title='bbox 1413 666 1451 686; x_wconf 91' lang='lat' dir='ltr'>ac</span> <span class='ocrx_word' id='word_1_75' title='bbox 1486 654 1746 698; x_wconf 84' lang='lat' dir='ltr'>circonspectis</span> <span class='ocrx_word' id='word_1_76' title='bbox 1775 655 1863 687; x_wconf 86' lang='lat' dir='ltr'>viris</span> <span class='ocrx_word' id='word_1_77' title='bbox 1899 656 2081 700; x_wconf 79' lang='lat' dir='ltr'>magistris</span> 
     </span>
     <span class='ocr_line' id='line_1_7' title="bbox 220 720 2081 765; baseline -0.001 -10"><span class='ocrx_word' id='word_1_78' title='bbox 220 721 378 755; x_wconf 85' lang='lat' dir='ltr'>Roberto</span> <span class='ocrx_word' id='word_1_79' title='bbox 408 720 653 762; x_wconf 79' lang='lat' dir='ltr'>d&#39;Archieres,</span> <span class='ocrx_word' id='word_1_80' title='bbox 677 720 850 765; x_wconf 81' lang='lat' dir='ltr'>magistro</span> <span class='ocrx_word' id='word_1_81' title='bbox 878 731 1018 752; x_wconf 89' lang='lat' dir='ltr'>camere</span> <span class='ocrx_word' id='word_1_82' title='bbox 1046 727 1297 765; x_wconf 91' lang='lat' dir='ltr'>compotorum</span> <span class='ocrx_word' id='word_1_83' title='bbox 1327 720 1439 765; x_wconf 86' lang='lat' dir='ltr'>regis,</span> <span class='ocrx_word' id='word_1_84' title='bbox 1470 721 1575 753; x_wconf 88' lang='lat' dir='ltr'>Petro</span> <span class='ocrx_word' id='word_1_85' title='bbox 1604 720 1647 752; x_wconf 91' lang='lat' dir='ltr'>de</span> <span class='ocrx_word' id='word_1_86' title='bbox 1675 722 1842 753; x_wconf 87' lang='lat' dir='ltr'>Tonnere</span> <span class='ocrx_word' id='word_1_87' title='bbox 1873 722 2081 754; x_wconf 90' lang='lat' dir='ltr'>consiliario</span> 
     </span>
     <span class='ocr_line' id='line_1_8' title="bbox 219 786 2082 833; baseline 0 -12"><span class='ocrx_word' id='word_1_88' title='bbox 219 789 317 833; x_wconf 87' lang='lat' dir='ltr'>regis</span> <span class='ocrx_word' id='word_1_89' title='bbox 338 788 374 821; x_wconf 90' lang='lat' dir='ltr'>in</span> <span class='ocrx_word' id='word_1_90' title='bbox 391 787 602 829; x_wconf 82' lang='lat' dir='ltr'>Castetleto,</span> <span class='ocrx_word' id='word_1_91' title='bbox 624 787 794 821; x_wconf 89' lang='lat' dir='ltr'>Guidone</span> <span class='ocrx_word' id='word_1_92' title='bbox 815 787 859 819; x_wconf 90' lang='lat' dir='ltr'>de</span> <span class='ocrx_word' id='word_1_93' title='bbox 879 786 1093 828; x_wconf 88' lang='lat' dir='ltr'>Villaribus,</span> <span class='ocrx_word' id='word_1_94' title='bbox 1116 787 1290 819; x_wconf 89' lang='lat' dir='ltr'>canonico</span> <span class='ocrx_word' id='word_1_95' title='bbox 1313 788 1347 820; x_wconf 88' lang='lat' dir='ltr'>S.</span> <span class='ocrx_word' id='word_1_96' title='bbox 1371 787 1542 820; x_wconf 84' lang='lat' dir='ltr'>Germani</span> <span class='ocrx_word' id='word_1_97' title='bbox 1563 787 1893 828; x_wconf 88' lang='lat' dir='ltr'>Autissiodorens.,</span> <span class='ocrx_word' id='word_1_98' title='bbox 1912 800 2082 832; x_wconf 87' lang='lat' dir='ltr'>procura—</span> 
     </span>
     <span class='ocr_line' id='line_1_9' title="bbox 218 853 2082 899; baseline -0.001 -11"><span class='ocrx_word' id='word_1_99' title='bbox 218 862 294 888; x_wconf 88' lang='lat' dir='ltr'>tore</span> <span class='ocrx_word' id='word_1_100' title='bbox 316 855 352 887; x_wconf 92' lang='lat' dir='ltr'>in</span> <span class='ocrx_word' id='word_1_101' title='bbox 373 854 613 895; x_wconf 88' lang='lat' dir='ltr'>Parlamento,</span> <span class='ocrx_word' id='word_1_102' title='bbox 631 855 736 886; x_wconf 89' lang='lat' dir='ltr'>Petro</span> <span class='ocrx_word' id='word_1_103' title='bbox 758 853 802 886; x_wconf 90' lang='lat' dir='ltr'>de</span> <span class='ocrx_word' id='word_1_104' title='bbox 825 853 963 894; x_wconf 84' lang='lat' dir='ltr'>Ruella,</span> <span class='ocrx_word' id='word_1_105' title='bbox 980 853 1143 886; x_wconf 90' lang='lat' dir='ltr'>Johanne</span> <span class='ocrx_word' id='word_1_106' title='bbox 1165 853 1289 886; x_wconf 90' lang='lat' dir='ltr'>Guioti</span> <span class='ocrx_word' id='word_1_107' title='bbox 1311 865 1350 886; x_wconf 89' lang='lat' dir='ltr'>ac</span> <span class='ocrx_word' id='word_1_108' title='bbox 1370 853 1533 886; x_wconf 90' lang='lat' dir='ltr'>Johanne</span> <span class='ocrx_word' id='word_1_109' title='bbox 1555 854 1736 886; x_wconf 89' lang='lat' dir='ltr'>Moramer</span> <span class='ocrx_word' id='word_1_110' title='bbox 1753 860 1787 885; x_wconf 91' lang='lat' dir='ltr'>et</span> <span class='ocrx_word' id='word_1_111' title='bbox 1807 854 2082 899; x_wconf 82' lang='lat' dir='ltr'>quamplurimis</span> 
     </span>
     <span class='ocr_line' id='line_1_10' title="bbox 217 920 1349 965; baseline -0.002 -11"><span class='ocrx_word' id='word_1_112' title='bbox 217 921 297 954; x_wconf 90' lang='lat' dir='ltr'>aliis</span> <span class='ocrx_word' id='word_1_113' title='bbox 319 920 474 954; x_wconf 85' lang='lat' dir='ltr'>testibus</span> <span class='ocrx_word' id='word_1_114' title='bbox 494 920 539 954; x_wconf 85' lang='lat' dir='ltr'>ad</span> <span class='ocrx_word' id='word_1_115' title='bbox 560 920 737 965; x_wconf 88' lang='lat' dir='ltr'>premissa</span> <span class='ocrx_word' id='word_1_116' title='bbox 757 920 894 953; x_wconf 85' lang='lat' dir='ltr'>vocatis</span> <span class='ocrx_word' id='word_1_117' title='bbox 916 920 1122 965; x_wconf 80' lang='lat' dir='ltr'>specialiter</span> <span class='ocrx_word' id='word_1_118' title='bbox 1144 927 1179 952; x_wconf 92' lang='lat' dir='ltr'>et</span> <span class='ocrx_word' id='word_1_119' title='bbox 1199 920 1349 965; x_wconf 86' lang='lat' dir='ltr'>rogatis.</span> 
     </span>
    </p>

    <p class='ocr_par' dir='ltr' id='par_1_4' title="bbox 215 986 2084 2233">
     <span class='ocr_line' id='line_1_11' title="bbox 306 986 2083 1031; baseline -0.001 -11"><span class='ocrx_word' id='word_1_120' title='bbox 306 989 395 1021; x_wconf 88' lang='lat' dir='ltr'>Item</span> <span class='ocrx_word' id='word_1_121' title='bbox 417 987 555 1020; x_wconf 88' lang='lat' dir='ltr'>eisdem</span> <span class='ocrx_word' id='word_1_122' title='bbox 578 999 684 1028; x_wconf 90' lang='lat' dir='ltr'>anno,</span> <span class='ocrx_word' id='word_1_123' title='bbox 708 987 908 1019; x_wconf 81' lang='lat' dir='ltr'>indictione</span> <span class='ocrx_word' id='word_1_124' title='bbox 930 993 964 1019; x_wconf 93' lang='lat' dir='ltr'>et</span> <span class='ocrx_word' id='word_1_125' title='bbox 990 986 1202 1031; x_wconf 87' lang='lat' dir='ltr'>pontificatu</span> <span class='ocrx_word' id='word_1_126' title='bbox 1229 986 1363 1031; x_wconf 85' lang='lat' dir='ltr'>quibus</span> <span class='ocrx_word' id='word_1_127' title='bbox 1389 998 1510 1031; x_wconf 80' lang='lat' dir='ltr'>supra,</span> <span class='ocrx_word' id='word_1_128' title='bbox 1539 987 1597 1019; x_wconf 89' lang='lat' dir='ltr'>dic</span> <span class='ocrx_word' id='word_1_129' title='bbox 1622 987 1920 1020; x_wconf 86' lang='lat' dir='ltr'>vicesimaoctava</span> <span class='ocrx_word' id='word_1_130' title='bbox 1946 988 2083 1020; x_wconf 83' lang='lat' dir='ltr'>mensis</span> 
     </span>
     <span class='ocr_line' id='line_1_12' title="bbox 216 1053 2080 1099; baseline -0.001 -12"><span class='ocrx_word' id='word_1_131' title='bbox 216 1055 327 1096; x_wconf 77' lang='lat' dir='ltr'>Junii,</span> <span class='ocrx_word' id='word_1_132' title='bbox 356 1055 393 1087; x_wconf 89' lang='lat' dir='ltr'>in</span> <span class='ocrx_word' id='word_1_133' title='bbox 414 1066 483 1099; x_wconf 89' lang='lat' dir='ltr'>qua</span> <span class='ocrx_word' id='word_1_134' title='bbox 510 1061 585 1087; x_wconf 84' lang='lat' dir='ltr'>erat</span> <span class='ocrx_word' id='word_1_135' title='bbox 604 1053 729 1099; x_wconf 85' lang='lat' dir='ltr'>vigilia</span> <span class='ocrx_word' id='word_1_136' title='bbox 749 1054 832 1086; x_wconf 88' lang='lat' dir='ltr'>festi</span> <span class='ocrx_word' id='word_1_137' title='bbox 862 1053 955 1086; x_wconf 87' lang='lat' dir='ltr'>beati</span> <span class='ocrx_word' id='word_1_138' title='bbox 984 1053 1094 1095; x_wconf 83' lang='lat' dir='ltr'>Petri,</span> <span class='ocrx_word' id='word_1_139' title='bbox 1122 1054 1159 1085; x_wconf 90' lang='lat' dir='ltr'>in</span> <span class='ocrx_word' id='word_1_140' title='bbox 1180 1053 1473 1098; x_wconf 82' lang='lat' dir='ltr'>congregacione</span> <span class='ocrx_word' id='word_1_141' title='bbox 1501 1053 1664 1098; x_wconf 87' lang='lat' dir='ltr'>generali</span> <span class='ocrx_word' id='word_1_142' title='bbox 1686 1054 1942 1086; x_wconf 86' lang='lat' dir='ltr'>Universitatis</span> <span class='ocrx_word' id='word_1_143' title='bbox 1969 1054 2080 1086; x_wconf 82' lang='lat' dir='ltr'>Paris.</span> 
     </span>
     <span class='ocr_line' id='line_1_13' title="bbox 221 1119 2080 1167; baseline -0.001 -13"><span class='ocrx_word' id='word_1_144' title='bbox 221 1121 430 1167; x_wconf 84' lang='lat' dir='ltr'>regencium</span> <span class='ocrx_word' id='word_1_145' title='bbox 448 1128 483 1154; x_wconf 91' lang='lat' dir='ltr'>et</span> <span class='ocrx_word' id='word_1_146' title='bbox 503 1133 575 1154; x_wconf 92' lang='lat' dir='ltr'>non</span> <span class='ocrx_word' id='word_1_147' title='bbox 597 1121 809 1166; x_wconf 87' lang='lat' dir='ltr'>regencium</span> <span class='ocrx_word' id='word_1_148' title='bbox 831 1127 866 1153; x_wconf 87' lang='lat' dir='ltr'>et</span> <span class='ocrx_word' id='word_1_149' title='bbox 886 1132 949 1165; x_wconf 89' lang='lat' dir='ltr'>per</span> <span class='ocrx_word' id='word_1_150' title='bbox 965 1121 1206 1163; x_wconf 78' lang='lat' dir='ltr'>juramentum</span> <span class='ocrx_word' id='word_1_151' title='bbox 1227 1119 1314 1153; x_wconf 90' lang='lat' dir='ltr'>hora</span> <span class='ocrx_word' id='word_1_152' title='bbox 1336 1120 1451 1165; x_wconf 91' lang='lat' dir='ltr'>prime</span> <span class='ocrx_word' id='word_1_153' title='bbox 1473 1121 1604 1152; x_wconf 84' lang='lat' dir='ltr'>Nostro</span> <span class='ocrx_word' id='word_1_154' title='bbox 1626 1120 1779 1152; x_wconf 90' lang='lat' dir='ltr'>Domine</span> <span class='ocrx_word' id='word_1_155' title='bbox 1796 1120 1890 1165; x_wconf 87' lang='lat' dir='ltr'>apud</span> <span class='ocrx_word' id='word_1_156' title='bbox 1914 1121 2080 1153; x_wconf 89' lang='lat' dir='ltr'>Sanctum</span> 
     </span>
     <span class='ocr_line' id='line_1_14' title="bbox 218 1186 2083 1232; baseline 0 -12"><span class='ocrx_word' id='word_1_157' title='bbox 218 1188 437 1221; x_wconf 83' lang='lat' dir='ltr'>Maturinum</span> <span class='ocrx_word' id='word_1_158' title='bbox 459 1188 633 1228; x_wconf 87' lang='lat' dir='ltr'>Parisius,</span> <span class='ocrx_word' id='word_1_159' title='bbox 656 1187 705 1219; x_wconf 90' lang='lat' dir='ltr'>ibi</span> <span class='ocrx_word' id='word_1_160' title='bbox 732 1199 774 1220; x_wconf 90' lang='lat' dir='ltr'>ex</span> <span class='ocrx_word' id='word_1_161' title='bbox 801 1187 966 1219; x_wconf 90' lang='lat' dir='ltr'>mandato</span> <span class='ocrx_word' id='word_1_162' title='bbox 989 1187 1126 1219; x_wconf 91' lang='lat' dir='ltr'>domini</span> <span class='ocrx_word' id='word_1_163' title='bbox 1148 1187 1301 1219; x_wconf 89' lang='lat' dir='ltr'>rectoris</span> <span class='ocrx_word' id='word_1_164' title='bbox 1329 1186 1571 1232; x_wconf 78' lang='lat' dir='ltr'>personaliter</span> <span class='ocrx_word' id='word_1_165' title='bbox 1592 1198 1804 1231; x_wconf 87' lang='lat' dir='ltr'>comparens</span> <span class='ocrx_word' id='word_1_166' title='bbox 1835 1187 1953 1220; x_wconf 91' lang='lat' dir='ltr'>dictus</span> <span class='ocrx_word' id='word_1_167' title='bbox 1973 1187 2083 1220; x_wconf 91' lang='lat' dir='ltr'>Gaus-</span> 
     </span>
     <span class='ocr_line' id='line_1_15' title="bbox 216 1253 2081 1298; baseline -0.001 -11"><span class='ocrx_word' id='word_1_168' title='bbox 216 1254 354 1296; x_wconf 82' lang='lat' dir='ltr'>fredus,</span> <span class='ocrx_word' id='word_1_169' title='bbox 377 1267 457 1287; x_wconf 92' lang='lat' dir='ltr'>cum</span> <span class='ocrx_word' id='word_1_170' title='bbox 480 1254 630 1287; x_wconf 86' lang='lat' dir='ltr'>maxima</span> <span class='ocrx_word' id='word_1_171' title='bbox 651 1253 853 1286; x_wconf 86' lang='lat' dir='ltr'>humilitate</span> <span class='ocrx_word' id='word_1_172' title='bbox 874 1266 912 1286; x_wconf 92' lang='lat' dir='ltr'>ac</span> <span class='ocrx_word' id='word_1_173' title='bbox 938 1265 1097 1298; x_wconf 84' lang='lat' dir='ltr'>genuum</span> <span class='ocrx_word' id='word_1_174' title='bbox 1120 1253 1338 1286; x_wconf 85' lang='lat' dir='ltr'>multociens</span> <span class='ocrx_word' id='word_1_175' title='bbox 1366 1253 1534 1286; x_wconf 84' lang='lat' dir='ltr'>reiterata</span> <span class='ocrx_word' id='word_1_176' title='bbox 1562 1253 1731 1294; x_wconf 76' lang='lat' dir='ltr'>flexione,</span> <span class='ocrx_word' id='word_1_177' title='bbox 1754 1254 1869 1298; x_wconf 90' lang='lat' dir='ltr'>posita</span> <span class='ocrx_word' id='word_1_178' title='bbox 1891 1266 1996 1286; x_wconf 90' lang='lat' dir='ltr'>manu</span> <span class='ocrx_word' id='word_1_179' title='bbox 2019 1266 2081 1286; x_wconf 86' lang='lat' dir='ltr'>sua</span> 
     </span>
     <span class='ocr_line' id='line_1_16' title="bbox 217 1320 2080 1365; baseline -0.001 -12"><span class='ocrx_word' id='word_1_180' title='bbox 217 1321 253 1353; x_wconf 93' lang='lat' dir='ltr'>in</span> <span class='ocrx_word' id='word_1_181' title='bbox 283 1333 388 1353; x_wconf 88' lang='lat' dir='ltr'>manu</span> <span class='ocrx_word' id='word_1_182' title='bbox 420 1321 557 1353; x_wconf 88' lang='lat' dir='ltr'>domini</span> <span class='ocrx_word' id='word_1_183' title='bbox 586 1321 739 1353; x_wconf 87' lang='lat' dir='ltr'>rectoris</span> <span class='ocrx_word' id='word_1_184' title='bbox 769 1320 879 1365; x_wconf 91' lang='lat' dir='ltr'>peciit</span> <span class='ocrx_word' id='word_1_185' title='bbox 903 1320 1044 1353; x_wconf 83' lang='lat' dir='ltr'>veniam</span> <span class='ocrx_word' id='word_1_186' title='bbox 1073 1333 1090 1352; x_wconf 90' lang='lat' dir='ltr'>a</span> <span class='ocrx_word' id='word_1_187' title='bbox 1118 1327 1259 1353; x_wconf 88' lang='lat' dir='ltr'>rectore</span> <span class='ocrx_word' id='word_1_188' title='bbox 1291 1327 1325 1352; x_wconf 86' lang='lat' dir='ltr'>et</span> <span class='ocrx_word' id='word_1_189' title='bbox 1354 1320 1599 1353; x_wconf 86' lang='lat' dir='ltr'>Universitate</span> <span class='ocrx_word' id='word_1_190' title='bbox 1628 1320 1672 1352; x_wconf 88' lang='lat' dir='ltr'>de</span> <span class='ocrx_word' id='word_1_191' title='bbox 1701 1320 1872 1353; x_wconf 86' lang='lat' dir='ltr'>obmissis</span> <span class='ocrx_word' id='word_1_192' title='bbox 1898 1332 1962 1365; x_wconf 93' lang='lat' dir='ltr'>per</span> <span class='ocrx_word' id='word_1_193' title='bbox 1987 1332 2080 1361; x_wconf 91' lang='lat' dir='ltr'>eum,</span> 
     </span>
     <span class='ocr_line' id='line_1_17' title="bbox 216 1386 2084 1433; baseline -0.001 -13"><span class='ocrx_word' id='word_1_194' title='bbox 216 1388 455 1433; x_wconf 84' lang='lat' dir='ltr'>promisitque</span> <span class='ocrx_word' id='word_1_195' title='bbox 476 1387 547 1420; x_wconf 82' lang='lat' dir='ltr'>fide</span> <span class='ocrx_word' id='word_1_196' title='bbox 569 1387 685 1420; x_wconf 88' lang='lat' dir='ltr'>media</span> <span class='ocrx_word' id='word_1_197' title='bbox 714 1387 750 1419; x_wconf 94' lang='lat' dir='ltr'>in</span> <span class='ocrx_word' id='word_1_198' title='bbox 772 1399 878 1420; x_wconf 87' lang='lat' dir='ltr'>manu</span> <span class='ocrx_word' id='word_1_199' title='bbox 900 1387 1037 1419; x_wconf 90' lang='lat' dir='ltr'>domini</span> <span class='ocrx_word' id='word_1_200' title='bbox 1068 1387 1221 1420; x_wconf 87' lang='lat' dir='ltr'>rectoris</span> <span class='ocrx_word' id='word_1_201' title='bbox 1251 1386 1401 1419; x_wconf 90' lang='lat' dir='ltr'>obedire</span> <span class='ocrx_word' id='word_1_202' title='bbox 1423 1387 1610 1431; x_wconf 88' lang='lat' dir='ltr'>perpetuis</span> <span class='ocrx_word' id='word_1_203' title='bbox 1637 1386 1863 1431; x_wconf 87' lang='lat' dir='ltr'>temporibus</span> <span class='ocrx_word' id='word_1_204' title='bbox 1890 1387 2021 1419; x_wconf 85' lang='lat' dir='ltr'>rectori</span> <span class='ocrx_word' id='word_1_205' title='bbox 2049 1394 2084 1419; x_wconf 89' lang='lat' dir='ltr'>et</span> 
     </span>
     <span class='ocr_line' id='line_1_18' title="bbox 216 1453 2084 1499; baseline -0.001 -12"><span class='ocrx_word' id='word_1_206' title='bbox 216 1454 464 1495; x_wconf 86' lang='lat' dir='ltr'>Universitati,</span> <span class='ocrx_word' id='word_1_207' title='bbox 483 1455 691 1499; x_wconf 89' lang='lat' dir='ltr'>justamque</span> <span class='ocrx_word' id='word_1_208' title='bbox 713 1466 856 1486; x_wconf 89' lang='lat' dir='ltr'>causam</span> <span class='ocrx_word' id='word_1_209' title='bbox 879 1454 1135 1486; x_wconf 88' lang='lat' dir='ltr'>Universitatis</span> <span class='ocrx_word' id='word_1_210' title='bbox 1162 1466 1226 1498; x_wconf 87' lang='lat' dir='ltr'>pro</span> <span class='ocrx_word' id='word_1_211' title='bbox 1255 1453 1425 1486; x_wconf 82' lang='lat' dir='ltr'>omnibus</span> <span class='ocrx_word' id='word_1_212' title='bbox 1456 1454 1533 1486; x_wconf 87' lang='lat' dir='ltr'>suis</span> <span class='ocrx_word' id='word_1_213' title='bbox 1554 1453 1694 1486; x_wconf 86' lang='lat' dir='ltr'>viribus</span> <span class='ocrx_word' id='word_1_214' title='bbox 1722 1465 1807 1498; x_wconf 83' lang='lat' dir='ltr'>erga</span> <span class='ocrx_word' id='word_1_215' title='bbox 1835 1454 2027 1486; x_wconf 88' lang='lat' dir='ltr'>universos</span> <span class='ocrx_word' id='word_1_216' title='bbox 2050 1460 2084 1486; x_wconf 92' lang='lat' dir='ltr'>et</span> 
     </span>
     <span class='ocr_line' id='line_1_19' title="bbox 217 1520 2084 1566; baseline -0.001 -13"><span class='ocrx_word' id='word_1_217' title='bbox 217 1521 397 1566; x_wconf 88' lang='lat' dir='ltr'>singulos,</span> <span class='ocrx_word' id='word_1_218' title='bbox 425 1521 687 1565; x_wconf 91' lang='lat' dir='ltr'>cujuscumque</span> <span class='ocrx_word' id='word_1_219' title='bbox 718 1527 832 1553; x_wconf 90' lang='lat' dir='ltr'>status</span> <span class='ocrx_word' id='word_1_220' title='bbox 862 1527 922 1553; x_wconf 88' lang='lat' dir='ltr'>aut</span> <span class='ocrx_word' id='word_1_221' title='bbox 950 1520 1178 1553; x_wconf 89' lang='lat' dir='ltr'>condicionis</span> <span class='ocrx_word' id='word_1_222' title='bbox 1217 1520 1363 1561; x_wconf 89' lang='lat' dir='ltr'>suerint,</span> <span class='ocrx_word' id='word_1_223' title='bbox 1396 1520 1618 1552; x_wconf 80' lang='lat' dir='ltr'>deffendere.</span> <span class='ocrx_word' id='word_1_224' title='bbox 1651 1521 1694 1552; x_wconf 85' lang='lat' dir='ltr'>Et</span> <span class='ocrx_word' id='word_1_225' title='bbox 1731 1520 1971 1552; x_wconf 85' lang='lat' dir='ltr'>incontinenti</span> <span class='ocrx_word' id='word_1_226' title='bbox 2002 1526 2084 1565; x_wconf 92' lang='lat' dir='ltr'>post</span> 
     </span>
     <span class='ocr_line' id='line_1_20' title="bbox 216 1587 2081 1632; baseline -0.001 -11"><span class='ocrx_word' id='word_1_227' title='bbox 216 1588 370 1621; x_wconf 85' lang='lat' dir='ltr'>accessit</span> <span class='ocrx_word' id='word_1_228' title='bbox 389 1588 432 1620; x_wconf 85' lang='lat' dir='ltr'>ad</span> <span class='ocrx_word' id='word_1_229' title='bbox 462 1587 666 1620; x_wconf 82' lang='lat' dir='ltr'>facultatem</span> <span class='ocrx_word' id='word_1_230' title='bbox 695 1587 893 1632; x_wconf 81' lang='lat' dir='ltr'>theologie,</span> <span class='ocrx_word' id='word_1_231' title='bbox 916 1594 950 1619; x_wconf 90' lang='lat' dir='ltr'>et</span> <span class='ocrx_word' id='word_1_232' title='bbox 977 1599 1083 1619; x_wconf 86' lang='lat' dir='ltr'>manu</span> <span class='ocrx_word' id='word_1_233' title='bbox 1115 1599 1179 1619; x_wconf 91' lang='lat' dir='ltr'>sua</span> <span class='ocrx_word' id='word_1_234' title='bbox 1207 1587 1324 1631; x_wconf 90' lang='lat' dir='ltr'>posita</span> <span class='ocrx_word' id='word_1_235' title='bbox 1351 1587 1387 1619; x_wconf 90' lang='lat' dir='ltr'>in</span> <span class='ocrx_word' id='word_1_236' title='bbox 1418 1599 1523 1619; x_wconf 89' lang='lat' dir='ltr'>manu</span> <span class='ocrx_word' id='word_1_237' title='bbox 1554 1587 1719 1632; x_wconf 85' lang='lat' dir='ltr'>magistri</span> <span class='ocrx_word' id='word_1_238' title='bbox 1746 1587 1921 1620; x_wconf 87' lang='lat' dir='ltr'>Johannis</span> <span class='ocrx_word' id='word_1_239' title='bbox 1952 1587 2081 1620; x_wconf 89' lang='lat' dir='ltr'>Golain</span> 
     </span>
     <span class='ocr_line' id='line_1_21' title="bbox 216 1653 2081 1699; baseline -0.001 -12"><span class='ocrx_word' id='word_1_240' title='bbox 216 1661 382 1699; x_wconf 86' lang='lat' dir='ltr'>tanquam</span> <span class='ocrx_word' id='word_1_241' title='bbox 404 1655 543 1695; x_wconf 88' lang='lat' dir='ltr'>decani,</span> <span class='ocrx_word' id='word_1_242' title='bbox 574 1666 652 1687; x_wconf 90' lang='lat' dir='ltr'>cum</span> <span class='ocrx_word' id='word_1_243' title='bbox 685 1654 835 1686; x_wconf 86' lang='lat' dir='ltr'>maxima</span> <span class='ocrx_word' id='word_1_244' title='bbox 867 1653 1068 1686; x_wconf 86' lang='lat' dir='ltr'>humilitate</span> <span class='ocrx_word' id='word_1_245' title='bbox 1096 1666 1134 1686; x_wconf 89' lang='lat' dir='ltr'>ac</span> <span class='ocrx_word' id='word_1_246' title='bbox 1165 1666 1326 1698; x_wconf 83' lang='lat' dir='ltr'>genuum</span> <span class='ocrx_word' id='word_1_247' title='bbox 1355 1653 1547 1699; x_wconf 89' lang='lat' dir='ltr'>multiplici</span> <span class='ocrx_word' id='word_1_248' title='bbox 1578 1654 1734 1686; x_wconf 86' lang='lat' dir='ltr'>ssexione</span> <span class='ocrx_word' id='word_1_249' title='bbox 1762 1654 1871 1699; x_wconf 91' lang='lat' dir='ltr'>peciit</span> <span class='ocrx_word' id='word_1_250' title='bbox 1898 1654 2037 1687; x_wconf 87' lang='lat' dir='ltr'>veniam</span> <span class='ocrx_word' id='word_1_251' title='bbox 2064 1666 2081 1686; x_wconf 91' lang='lat' dir='ltr'>a</span> 
     </span>
     <span class='ocr_line' id='line_1_22' title="bbox 215 1720 2081 1766; baseline -0.001 -12"><span class='ocrx_word' id='word_1_252' title='bbox 215 1721 381 1754; x_wconf 87' lang='lat' dir='ltr'>facultate</span> <span class='ocrx_word' id='word_1_253' title='bbox 411 1720 609 1766; x_wconf 85' lang='lat' dir='ltr'>theologie,</span> <span class='ocrx_word' id='word_1_254' title='bbox 642 1733 747 1765; x_wconf 90' lang='lat' dir='ltr'>quam</span> <span class='ocrx_word' id='word_1_255' title='bbox 782 1720 1022 1753; x_wconf 86' lang='lat' dir='ltr'>confitebatur</span> <span class='ocrx_word' id='word_1_256' title='bbox 1053 1732 1091 1752; x_wconf 90' lang='lat' dir='ltr'>se</span> <span class='ocrx_word' id='word_1_257' title='bbox 1125 1720 1332 1765; x_wconf 79' lang='lat' dir='ltr'>specialiter</span> <span class='ocrx_word' id='word_1_258' title='bbox 1365 1720 1577 1761; x_wconf 86' lang='lat' dir='ltr'>offendisse,</span> <span class='ocrx_word' id='word_1_259' title='bbox 1611 1720 1825 1766; x_wconf 87' lang='lat' dir='ltr'>promittens</span> <span class='ocrx_word' id='word_1_260' title='bbox 1860 1732 1897 1753; x_wconf 87' lang='lat' dir='ltr'>se</span> <span class='ocrx_word' id='word_1_261' title='bbox 1929 1720 2081 1753; x_wconf 89' lang='lat' dir='ltr'>ulterius</span> 
     </span>
     <span class='ocr_line' id='line_1_23' title="bbox 215 1786 2081 1832; baseline -0.001 -11"><span class='ocrx_word' id='word_1_262' title='bbox 215 1788 392 1821; x_wconf 85' lang='lat' dir='ltr'>facturum</span> <span class='ocrx_word' id='word_1_263' title='bbox 421 1787 596 1832; x_wconf 91' lang='lat' dir='ltr'>quicquid</span> <span class='ocrx_word' id='word_1_264' title='bbox 626 1799 750 1820; x_wconf 92' lang='lat' dir='ltr'>eorum</span> <span class='ocrx_word' id='word_1_265' title='bbox 777 1787 945 1820; x_wconf 86' lang='lat' dir='ltr'>voluntas</span> <span class='ocrx_word' id='word_1_266' title='bbox 977 1787 1128 1820; x_wconf 87' lang='lat' dir='ltr'>dictaret</span> <span class='ocrx_word' id='word_1_267' title='bbox 1158 1799 1221 1819; x_wconf 89' lang='lat' dir='ltr'>seu</span> <span class='ocrx_word' id='word_1_268' title='bbox 1251 1787 1438 1819; x_wconf 90' lang='lat' dir='ltr'>ordinaret</span> <span class='ocrx_word' id='word_1_269' title='bbox 1549 1786 1782 1831; x_wconf 82' lang='lat' dir='ltr'>presentibus</span> <span class='ocrx_word' id='word_1_270' title='bbox 1813 1787 2014 1820; x_wconf 89' lang='lat' dir='ltr'>reverendo</span> <span class='ocrx_word' id='word_1_271' title='bbox 2045 1787 2081 1819; x_wconf 90' lang='lat' dir='ltr'>in</span> 
     </span>
     <span class='ocr_line' id='line_1_24' title="bbox 216 1853 2081 1899; baseline -0.001 -12"><span class='ocrx_word' id='word_1_272' title='bbox 216 1854 362 1888; x_wconf 86' lang='lat' dir='ltr'>Christo</span> <span class='ocrx_word' id='word_1_273' title='bbox 394 1861 492 1899; x_wconf 86' lang='lat' dir='ltr'>patre</span> <span class='ocrx_word' id='word_1_274' title='bbox 519 1854 666 1887; x_wconf 91' lang='lat' dir='ltr'>domino</span> <span class='ocrx_word' id='word_1_275' title='bbox 691 1854 855 1887; x_wconf 87' lang='lat' dir='ltr'>Johanne</span> <span class='ocrx_word' id='word_1_276' title='bbox 876 1854 1049 1899; x_wconf 89' lang='lat' dir='ltr'>episcopo</span> <span class='ocrx_word' id='word_1_277' title='bbox 1073 1853 1371 1895; x_wconf 77' lang='lat' dir='ltr'>Silvanectensi&#39;·,</span> <span class='ocrx_word' id='word_1_278' title='bbox 1396 1854 1577 1899; x_wconf 90' lang='lat' dir='ltr'>Stephano</span> <span class='ocrx_word' id='word_1_279' title='bbox 1603 1854 1647 1886; x_wconf 90' lang='lat' dir='ltr'>de</span> <span class='ocrx_word' id='word_1_280' title='bbox 1673 1854 1942 1887; x_wconf 70' lang='lat' dir='ltr'>Calidomonte5</span> <span class='ocrx_word' id='word_1_281' title='bbox 1969 1853 2081 1898; x_wconf 80' lang='lat' dir='ltr'>magi-</span> 
     </span>
     <span class='ocr_line' id='line_1_25' title="bbox 216 1920 2080 1966; baseline -0.001 -12"><span class='ocrx_word' id='word_1_282' title='bbox 216 1922 303 1955; x_wconf 85' lang='lat' dir='ltr'>stris</span> <span class='ocrx_word' id='word_1_283' title='bbox 324 1922 361 1953; x_wconf 92' lang='lat' dir='ltr'>in</span> <span class='ocrx_word' id='word_1_284' title='bbox 382 1921 578 1966; x_wconf 85' lang='lat' dir='ltr'>theologia,</span> <span class='ocrx_word' id='word_1_285' title='bbox 601 1920 749 1954; x_wconf 87' lang='lat' dir='ltr'>Galtero</span> <span class='ocrx_word' id='word_1_286' title='bbox 771 1921 898 1954; x_wconf 90' lang='lat' dir='ltr'>Grassi</span> <span class='ocrx_word' id='word_1_287' title='bbox 919 1921 1055 1953; x_wconf 88' lang='lat' dir='ltr'>decano</span> <span class='ocrx_word' id='word_1_288' title='bbox 1079 1920 1260 1953; x_wconf 87' lang='lat' dir='ltr'>facultatis</span> <span class='ocrx_word' id='word_1_289' title='bbox 1283 1921 1526 1962; x_wconf 89' lang='lat' dir='ltr'>decretorum,</span> <span class='ocrx_word' id='word_1_290' title='bbox 1554 1922 1696 1953; x_wconf 78' lang='lat' dir='ltr'>Hervco</span> <span class='ocrx_word' id='word_1_291' title='bbox 1718 1921 1886 1961; x_wconf 85' lang='lat' dir='ltr'>Costioti,</span> <span class='ocrx_word' id='word_1_292' title='bbox 1907 1922 2012 1952; x_wconf 88' lang='lat' dir='ltr'>Petro</span> <span class='ocrx_word' id='word_1_293' title='bbox 2037 1920 2080 1952; x_wconf 91' lang='lat' dir='ltr'>de</span> 
     </span>
     <span class='ocr_line' id='line_1_26' title="bbox 216 1986 2081 2032; baseline -0.001 -12"><span class='ocrx_word' id='word_1_294' title='bbox 216 1987 487 2021; x_wconf 89' lang='lat' dir='ltr'>Themericuria</span> <span class='ocrx_word' id='word_1_295' title='bbox 517 1988 747 2020; x_wconf 87' lang='lat' dir='ltr'>decretorum</span> <span class='ocrx_word' id='word_1_296' title='bbox 778 1987 1004 2028; x_wconf 89' lang='lat' dir='ltr'>doctoribus,</span> <span class='ocrx_word' id='word_1_297' title='bbox 1036 1987 1217 2032; x_wconf 90' lang='lat' dir='ltr'>Stephano</span> <span class='ocrx_word' id='word_1_298' title='bbox 1247 1987 1289 2020; x_wconf 91' lang='lat' dir='ltr'>de</span> <span class='ocrx_word' id='word_1_299' title='bbox 1311 1987 1431 2027; x_wconf 85' lang='lat' dir='ltr'>Tullo,</span> <span class='ocrx_word' id='word_1_300' title='bbox 1455 1987 1624 2021; x_wconf 89' lang='lat' dir='ltr'>Guidone</span> <span class='ocrx_word' id='word_1_301' title='bbox 1646 1987 1811 2027; x_wconf 87' lang='lat' dir='ltr'>Guarini,</span> <span class='ocrx_word' id='word_1_302' title='bbox 1834 1986 2017 2031; x_wconf 80' lang='lat' dir='ltr'>magistris</span> <span class='ocrx_word' id='word_1_303' title='bbox 2045 1986 2081 2018; x_wconf 92' lang='lat' dir='ltr'>in</span> 
     </span>
     <span class='ocr_line' id='line_1_27' title="bbox 218 2053 2082 2099; baseline -0.002 -12"><span class='ocrx_word' id='word_1_304' title='bbox 218 2054 407 2096; x_wconf 87' lang='lat' dir='ltr'>medicina,</span> <span class='ocrx_word' id='word_1_305' title='bbox 425 2054 588 2087; x_wconf 89' lang='lat' dir='ltr'>Johanne</span> <span class='ocrx_word' id='word_1_306' title='bbox 610 2054 701 2087; x_wconf 89' lang='lat' dir='ltr'>Fioti</span> <span class='ocrx_word' id='word_1_307' title='bbox 727 2054 889 2095; x_wconf 88' lang='lat' dir='ltr'>Francie,</span> <span class='ocrx_word' id='word_1_308' title='bbox 915 2054 1045 2099; x_wconf 86' lang='lat' dir='ltr'>Egidio</span> <span class='ocrx_word' id='word_1_309' title='bbox 1069 2054 1112 2086; x_wconf 90' lang='lat' dir='ltr'>de</span> <span class='ocrx_word' id='word_1_310' title='bbox 1134 2054 1332 2086; x_wconf 88' lang='lat' dir='ltr'>Dullendio</span> <span class='ocrx_word' id='word_1_311' title='bbox 1355 2054 1531 2095; x_wconf 88' lang='lat' dir='ltr'>Picardie,</span> <span class='ocrx_word' id='word_1_312' title='bbox 1555 2054 1690 2087; x_wconf 83' lang='lat' dir='ltr'>Ursino</span> <span class='ocrx_word' id='word_1_313' title='bbox 1713 2054 1756 2085; x_wconf 89' lang='lat' dir='ltr'>de</span> <span class='ocrx_word' id='word_1_314' title='bbox 1780 2053 1960 2086; x_wconf 85' lang='lat' dir='ltr'>Talvande</span> <span class='ocrx_word' id='word_1_315' title='bbox 1992 2053 2082 2085; x_wconf 85' lang='lat' dir='ltr'>Nor-</span> 
     </span>
     <span class='ocr_line' id='line_1_28' title="bbox 216 2119 2080 2165; baseline -0.001 -12"><span class='ocrx_word' id='word_1_316' title='bbox 216 2122 346 2162; x_wconf 87' lang='lat' dir='ltr'>manie,</span> <span class='ocrx_word' id='word_1_317' title='bbox 366 2128 400 2154; x_wconf 91' lang='lat' dir='ltr'>et</span> <span class='ocrx_word' id='word_1_318' title='bbox 420 2120 657 2162; x_wconf 85' lang='lat' dir='ltr'>Th[i]elmano</span> <span class='ocrx_word' id='word_1_319' title='bbox 680 2121 723 2153; x_wconf 89' lang='lat' dir='ltr'>de</span> <span class='ocrx_word' id='word_1_320' title='bbox 745 2120 914 2153; x_wconf 84' lang='lat' dir='ltr'>Treveris</span> <span class='ocrx_word' id='word_1_321' title='bbox 935 2120 1134 2165; x_wconf 83' lang='lat' dir='ltr'>Anglicane</span> <span class='ocrx_word' id='word_1_322' title='bbox 1154 2121 1343 2153; x_wconf 87' lang='lat' dir='ltr'>nacionum</span> <span class='ocrx_word' id='word_1_323' title='bbox 1367 2120 1679 2165; x_wconf 85' lang='lat' dir='ltr'>procuratoribus,</span> <span class='ocrx_word' id='word_1_324' title='bbox 1702 2120 1738 2151; x_wconf 91' lang='lat' dir='ltr'>in</span> <span class='ocrx_word' id='word_1_325' title='bbox 1759 2120 1891 2152; x_wconf 87' lang='lat' dir='ltr'>arcium</span> <span class='ocrx_word' id='word_1_326' title='bbox 1914 2119 2080 2152; x_wconf 88' lang='lat' dir='ltr'>facultate</span> 
     </span>
     <span class='ocr_line' id='line_1_29' title="bbox 217 2186 1924 2233; baseline -0.002 -13"><span class='ocrx_word' id='word_1_327' title='bbox 217 2188 415 2233; x_wconf 73' lang='lat' dir='ltr'>magistriS,</span> <span class='ocrx_word' id='word_1_328' title='bbox 440 2194 474 2220; x_wconf 87' lang='lat' dir='ltr'>et</span> <span class='ocrx_word' id='word_1_329' title='bbox 494 2187 771 2232; x_wconf 91' lang='lat' dir='ltr'>quamplurimis</span> <span class='ocrx_word' id='word_1_330' title='bbox 791 2187 872 2220; x_wconf 86' lang='lat' dir='ltr'>aliis</span> <span class='ocrx_word' id='word_1_331' title='bbox 894 2187 1048 2220; x_wconf 89' lang='lat' dir='ltr'>testibus</span> <span class='ocrx_word' id='word_1_332' title='bbox 1070 2187 1113 2219; x_wconf 86' lang='lat' dir='ltr'>ad</span> <span class='ocrx_word' id='word_1_333' title='bbox 1135 2188 1313 2232; x_wconf 87' lang='lat' dir='ltr'>premissa</span> <span class='ocrx_word' id='word_1_334' title='bbox 1334 2187 1470 2220; x_wconf 85' lang='lat' dir='ltr'>vocatis</span> <span class='ocrx_word' id='word_1_335' title='bbox 1493 2194 1522 2219; x_wconf 86' lang='lat' dir='ltr'>et</span> <span class='ocrx_word' id='word_1_336' title='bbox 1547 2186 1755 2231; x_wconf 74' lang='lat' dir='ltr'>specialiter</span> <span class='ocrx_word' id='word_1_337' title='bbox 1776 2186 1924 2230; x_wconf 86' lang='lat' dir='ltr'>rogatis.</span> 
     </span>
    </p>

    <p class='ocr_par' dir='ltr' id='par_1_5' title="bbox 217 2252 2078 2366">
     <span class='ocr_line' id='line_1_30' title="bbox 307 2252 2078 2299; baseline -0.002 -13"><span class='ocrx_word' id='word_1_338' title='bbox 307 2256 349 2287; x_wconf 75' lang='lat' dir='ltr'>Et</span> <span class='ocrx_word' id='word_1_339' title='bbox 373 2266 442 2299; x_wconf 83' lang='lat' dir='ltr'>ego</span> <span class='ocrx_word' id='word_1_340' title='bbox 468 2253 652 2287; x_wconf 80' lang='lat' dir='ltr'>Johannes</span> <span class='ocrx_word' id='word_1_341' title='bbox 682 2254 861 2287; x_wconf 89' lang='lat' dir='ltr'>Cardonis</span> <span class='ocrx_word' id='word_1_342' title='bbox 897 2254 941 2286; x_wconf 88' lang='lat' dir='ltr'>de</span> <span class='ocrx_word' id='word_1_343' title='bbox 967 2254 1146 2295; x_wconf 86' lang='lat' dir='ltr'>Craonna,</span> <span class='ocrx_word' id='word_1_344' title='bbox 1176 2253 1380 2299; x_wconf 76' lang='lat' dir='ltr'>presbyter,</span> <span class='ocrx_word' id='word_1_345' title='bbox 1407 2254 1580 2298; x_wconf 80' lang='lat' dir='ltr'>magister</span> <span class='ocrx_word' id='word_1_346' title='bbox 1607 2253 1642 2284; x_wconf 91' lang='lat' dir='ltr'>in</span> <span class='ocrx_word' id='word_1_347' title='bbox 1666 2252 1817 2293; x_wconf 81' lang='lat' dir='ltr'>artibus,</span> <span class='ocrx_word' id='word_1_348' title='bbox 1847 2252 2078 2284; x_wconf 87' lang='lat' dir='ltr'>Laudunens.</span> 
     </span>
     <span class='ocr_line' id='line_1_31' title="bbox 217 2320 1512 2366; baseline -0.002 -12"><span class='ocrx_word' id='word_1_349' title='bbox 217 2321 326 2362; x_wconf 89' lang='lat' dir='ltr'>dioc.,</span> <span class='ocrx_word' id='word_1_350' title='bbox 345 2321 514 2366; x_wconf 89' lang='lat' dir='ltr'>publicus</span> <span class='ocrx_word' id='word_1_351' title='bbox 536 2321 748 2353; x_wconf 86' lang='lat' dir='ltr'>auctoritate</span> <span class='ocrx_word' id='word_1_352' title='bbox 769 2320 967 2365; x_wconf 85' lang='lat' dir='ltr'>apostolica</span> <span class='ocrx_word' id='word_1_353' title='bbox 989 2333 1028 2353; x_wconf 88' lang='lat' dir='ltr'>ac</span> <span class='ocrx_word' id='word_1_354' title='bbox 1050 2321 1228 2365; x_wconf 89' lang='lat' dir='ltr'>imperiali</span> <span class='ocrx_word' id='word_1_355' title='bbox 1251 2321 1425 2361; x_wconf 74' lang='lat' dir='ltr'>notarius,</span> <span class='ocrx_word' id='word_1_356' title='bbox 1448 2326 1512 2353; x_wconf 82' lang='lat' dir='ltr'>etc.</span> 
     </span>
    </p>
   </div>
   <div class='ocr_carea' id='block_1_4' title="bbox 309 2417 2081 2450">
    <p class='ocr_par' dir='ltr' id='par_1_6' title="bbox 309 2417 2081 2450">
     <span class='ocr_line' id='line_1_32' title="bbox 309 2417 2081 2450; baseline -0.001 -9"><span class='ocrx_word' id='word_1_357' title='bbox 309 2419 444 2450; x_wconf 80' lang='lat' dir='ltr'>Originule</span> <span class='ocrx_word' id='word_1_358' title='bbox 460 2419 485 2441; x_wconf 92' lang='lat' dir='ltr'>in</span> <span class='ocrx_word' id='word_1_359' title='bbox 502 2419 579 2442; x_wconf 82' lang='lat' dir='ltr'>Arch.</span> <span class='ocrx_word' id='word_1_360' title='bbox 598 2422 651 2442; x_wconf 83' lang='lat' dir='ltr'>nat.</span> <span class='ocrx_word' id='word_1_361' title='bbox 668 2418 752 2441; x_wconf 79' lang='lat' dir='ltr'>Paris.</span> <span class='ocrx_word' id='word_1_362' title='bbox 772 2419 805 2442; x_wconf 91' lang='lat' dir='ltr'>M.</span> <span class='ocrx_word' id='word_1_363' title='bbox 819 2420 847 2442; x_wconf 87' lang='grc'>67</span> <span class='ocrx_word' id='word_1_364' title='bbox 857 2419 877 2448; x_wconf 69' lang='lat' dir='ltr'>b,</span> <span class='ocrx_word' id='word_1_365' title='bbox 894 2423 923 2441; x_wconf 66' lang='grc' dir='ltr'>ΠΟ</span> <span class='ocrx_word' id='word_1_366' title='bbox 938 2420 975 2442; x_wconf 80' lang='grc'>56.</span> <span class='ocrx_word' id='word_1_367' title='bbox 998 2433 1028 2436; x_wconf 91' lang='grc'><strong>-</strong></span> <span class='ocrx_word' id='word_1_368' title='bbox 1047 2419 1114 2442; x_wconf 84' lang='lat' dir='ltr'>Bibl.</span> <span class='ocrx_word' id='word_1_369' title='bbox 1131 2419 1188 2442; x_wconf 70' lang='lat' dir='ltr'>Vnt.</span> <span class='ocrx_word' id='word_1_370' title='bbox 1206 2419 1263 2441; x_wconf 86' lang='lat' dir='ltr'>cod.</span> <span class='ocrx_word' id='word_1_371' title='bbox 1282 2419 1327 2441; x_wconf 80' lang='lat' dir='ltr'>lat.</span> <span class='ocrx_word' id='word_1_372' title='bbox 1347 2419 1409 2448; x_wconf 84' lang='lat' dir='ltr'>ch.</span> <span class='ocrx_word' id='word_1_373' title='bbox 1426 2419 1479 2445; x_wconf 72' lang='lat'>870,</span> <span class='ocrx_word' id='word_1_374' title='bbox 1498 2418 1541 2440; x_wconf 81' lang='lat' dir='ltr'>sol.</span> <span class='ocrx_word' id='word_1_375' title='bbox 1559 2417 1596 2440; x_wconf 80' lang='lat'>20.</span> <span class='ocrx_word' id='word_1_376' title='bbox 1612 2417 1779 2448; x_wconf 61' lang='lat' dir='ltr'>D&#39;Argentre,</span> <span class='ocrx_word' id='word_1_377' title='bbox 1804 2417 1956 2445; x_wconf 65' lang='lat' dir='ltr'>Coll.jzcd.‚</span> <span class='ocrx_word' id='word_1_378' title='bbox 1978 2417 2010 2444; x_wconf 70' lang='lat'>12,</span> <span class='ocrx_word' id='word_1_379' title='bbox 2027 2417 2081 2444; x_wconf 76' lang='lat'>138,</span> 
     </span>
    </p>
   </div>
   <div class='ocr_carea' id='block_1_5' title="bbox 215 2463 619 2486">
    <p class='ocr_par' dir='ltr' id='par_1_7' title="bbox 215 2463 619 2486">
     <span class='ocr_line' id='line_1_33' title="bbox 215 2463 619 2486; baseline -0.002 0"><span class='ocrx_word' id='word_1_380' title='bbox 215 2472 274 2486; x_wconf 88' lang='lat' dir='ltr'>cum</span> <span class='ocrx_word' id='word_1_381' title='bbox 290 2463 445 2486; x_wconf 73' lang='lat' dir='ltr'>adulteratis</span> <span class='ocrx_word' id='word_1_382' title='bbox 458 2463 619 2486; x_wconf 85' lang='lat' dir='ltr'>nominibus.</span> 
     </span>
    </p>
   </div>
   <div class='ocr_carea' id='block_1_6' title="bbox 215 2545 2079 2667">
    <p class='ocr_par' dir='ltr' id='par_1_8' title="bbox 215 2545 2079 2667">
     <span class='ocr_line' id='line_1_34' title="bbox 309 2545 2078 2578; baseline -0.002 -8"><span class='ocrx_word' id='word_1_383' title='bbox 309 2548 330 2570; x_wconf 90' lang='lat'>1.</span> <span class='ocrx_word' id='word_1_384' title='bbox 343 2547 470 2570; x_wconf 84' lang='lat' dir='ltr'>Johannis</span> <span class='ocrx_word' id='word_1_385' title='bbox 482 2547 513 2570; x_wconf 87' lang='lat' dir='ltr'>de</span> <span class='ocrx_word' id='word_1_386' title='bbox 529 2547 631 2578; x_wconf 84' lang='lat' dir='ltr'>Boissy.</span> <span class='ocrx_word' id='word_1_387' title='bbox 643 2556 657 2570; x_wconf 83' lang='lat' dir='ltr'>a</span> <span class='ocrx_word' id='word_1_388' title='bbox 668 2548 729 2570; x_wconf 79' lang='lat' dir='ltr'>sede</span> <span class='ocrx_word' id='word_1_389' title='bbox 744 2547 880 2570; x_wconf 81' lang='lat' dir='ltr'>Mutiscon.</span> <span class='ocrx_word' id='word_1_390' title='bbox 896 2547 1017 2570; x_wconf 80' lang='lat' dir='ltr'>translati</span> <span class='ocrx_word' id='word_1_391' title='bbox 1031 2547 1064 2570; x_wconf 86' lang='lat' dir='ltr'>ad</span> <span class='ocrx_word' id='word_1_392' title='bbox 1080 2547 1167 2570; x_wconf 83' lang='lat' dir='ltr'>sedem</span> <span class='ocrx_word' id='word_1_393' title='bbox 1182 2547 1349 2571; x_wconf 76' lang='lat' dir='ltr'>Ambianens,</span> <span class='ocrx_word' id='word_1_394' title='bbox 1364 2546 1419 2569; x_wconf 81' lang='lat' dir='ltr'>Vid.</span> <span class='ocrx_word' id='word_1_395' title='bbox 1435 2554 1515 2576; x_wconf 80' lang='lat' dir='ltr'>supra</span> <span class='ocrx_word' id='word_1_396' title='bbox 1531 2550 1559 2568; x_wconf 84' lang='lat'>110</span> <span class='ocrx_word' id='word_1_397' title='bbox 1572 2546 1641 2574; x_wconf 80' lang='lat'>1527,</span> <span class='ocrx_word' id='word_1_398' title='bbox 1654 2549 1706 2568; x_wconf 85' lang='lat' dir='ltr'>not.</span> <span class='ocrx_word' id='word_1_399' title='bbox 1721 2546 1743 2568; x_wconf 81' lang='lat'>1.</span> <span class='ocrx_word' id='word_1_400' title='bbox 1759 2559 1784 2562; x_wconf 93' lang='lat'>—</span> <span class='ocrx_word' id='word_1_401' title='bbox 1800 2545 1906 2575; x_wconf 75' lang='lat' dir='ltr'>2.01·ig.</span> <span class='ocrx_word' id='word_1_402' title='bbox 1922 2553 1926 2567; x_wconf 69' lang='grc' dir='ltr'>ς</span> <span class='ocrx_word' id='word_1_403' title='bbox 1943 2555 1954 2566; x_wconf 77' lang='grc' dir='ltr'>α</span> <span class='ocrx_word' id='word_1_404' title='bbox 1966 2545 2078 2572; x_wconf 80' lang='lat' dir='ltr'>Rodec»,</span> 
     </span>
     <span class='ocr_line' id='line_1_35' title="bbox 216 2589 2079 2622; baseline -0.002 -7"><span class='ocrx_word' id='word_1_405' title='bbox 216 2600 264 2615; x_wconf 62' lang='grc' dir='ltr'>ωε.</span> <span class='ocrx_word' id='word_1_406' title='bbox 281 2595 306 2615; x_wconf 82' lang='lat' dir='ltr'>et</span> <span class='ocrx_word' id='word_1_407' title='bbox 327 2591 483 2622; x_wconf 73' lang='lat' dir='ltr'>D&#39;Argentre</span> <span class='ocrx_word' id='word_1_408' title='bbox 502 2600 507 2615; x_wconf 85' lang='grc'>·,</span> <span class='ocrx_word' id='word_1_409' title='bbox 528 2600 539 2614; x_wconf 85' lang='lat'>«</span> <span class='ocrx_word' id='word_1_410' title='bbox 556 2592 635 2615; x_wconf 86' lang='lat' dir='ltr'>Rodie</span> <span class='ocrx_word' id='word_1_411' title='bbox 653 2602 675 2615; x_wconf 71' lang='lat' dir='ltr'>n.</span> <span class='ocrx_word' id='word_1_412' title='bbox 700 2592 858 2622; x_wconf 83' lang='lat' dir='ltr'>Designatur</span> <span class='ocrx_word' id='word_1_413' title='bbox 881 2592 1015 2615; x_wconf 81' lang='lat' dir='ltr'>Mathaeus</span> <span class='ocrx_word' id='word_1_414' title='bbox 1035 2592 1120 2615; x_wconf 82' lang='lat' dir='ltr'>Roede</span> <span class='ocrx_word' id='word_1_415' title='bbox 1139 2592 1267 2621; x_wconf 67' lang='lat' dir='ltr'>(Roeder),</span> <span class='ocrx_word' id='word_1_416' title='bbox 1288 2591 1331 2622; x_wconf 85' lang='lat' dir='ltr'>qui</span> <span class='ocrx_word' id='word_1_417' title='bbox 1352 2594 1454 2621; x_wconf 75' lang='lat' dir='ltr'>postea.</span> <span class='ocrx_word' id='word_1_418' title='bbox 1475 2590 1565 2613; x_wconf 84' lang='lat' dir='ltr'>Octob.</span> <span class='ocrx_word' id='word_1_419' title='bbox 1593 2590 1755 2613; x_wconf 87' lang='lat' dir='ltr'>lO-Decemb.</span> <span class='ocrx_word' id='word_1_420' title='bbox 1782 2591 1818 2619; x_wconf 77' lang='lat'>16,</span> <span class='ocrx_word' id='word_1_421' title='bbox 1842 2594 1926 2612; x_wconf 84' lang='lat' dir='ltr'>rector</span> <span class='ocrx_word' id='word_1_422' title='bbox 1949 2589 2005 2612; x_wconf 76' lang='lat' dir='ltr'>suit.</span> <span class='ocrx_word' id='word_1_423' title='bbox 2023 2589 2079 2612; x_wconf 83' lang='lat' dir='ltr'>Vid.</span> 
     </span>
     <span class='ocr_line' id='line_1_36' title="bbox 215 2634 2079 2667; baseline -0.003 -7"><span class='ocrx_word' id='word_1_424' title='bbox 215 2645 243 2667; x_wconf 85' lang='lat' dir='ltr'>p.</span> <span class='ocrx_word' id='word_1_425' title='bbox 258 2637 311 2664; x_wconf 59' lang='lat'>1⁴54,</span> <span class='ocrx_word' id='word_1_426' title='bbox 329 2639 381 2660; x_wconf 75' lang='lat' dir='ltr'>not..</span> <span class='ocrx_word' id='word_1_427' title='bbox 395 2636 433 2659; x_wconf 81' lang='lat'>19.</span> <span class='ocrx_word' id='word_1_428' title='bbox 445 2649 476 2654; x_wconf 92' lang='lat'>—</span> <span class='ocrx_word' id='word_1_429' title='bbox 488 2637 511 2659; x_wconf 82' lang='lat'>3.</span> <span class='ocrx_word' id='word_1_430' title='bbox 527 2636 585 2659; x_wconf 79' lang='lat' dir='ltr'>Fuit</span> <span class='ocrx_word' id='word_1_431' title='bbox 597 2639 682 2659; x_wconf 79' lang='lat' dir='ltr'>rector</span> <span class='ocrx_word' id='word_1_432' title='bbox 696 2636 782 2659; x_wconf 81' lang='lat' dir='ltr'>Martii</span> <span class='ocrx_word' id='word_1_433' title='bbox 798 2637 827 2659; x_wconf 68' lang='lat'>24</span> <span class='ocrx_word' id='word_1_434' title='bbox 843 2645 925 2667; x_wconf 83' lang='lat' dir='ltr'>usque</span> <span class='ocrx_word' id='word_1_435' title='bbox 941 2637 973 2659; x_wconf 82' lang='lat' dir='ltr'>ad</span> <span class='ocrx_word' id='word_1_436' title='bbox 988 2636 1060 2659; x_wconf 76' lang='lat' dir='ltr'>Junii</span> <span class='ocrx_word' id='word_1_437' title='bbox 1076 2637 1114 2663; x_wconf 71' lang='lat'>23,</span> <span class='ocrx_word' id='word_1_438' title='bbox 1133 2644 1185 2666; x_wconf 80' lang='lat' dir='ltr'>qua</span> <span class='ocrx_word' id='word_1_439' title='bbox 1200 2635 1241 2658; x_wconf 82' lang='lat' dir='ltr'>die</span> <span class='ocrx_word' id='word_1_440' title='bbox 1257 2635 1388 2658; x_wconf 74' lang='lat' dir='ltr'>Johaunes</span> <span class='ocrx_word' id='word_1_441' title='bbox 1403 2634 1505 2657; x_wconf 80' lang='lat' dir='ltr'>Cavcrii</span> <span class='ocrx_word' id='word_1_442' title='bbox 1520 2635 1617 2657; x_wconf 86' lang='lat' dir='ltr'>clectus</span> <span class='ocrx_word' id='word_1_443' title='bbox 1634 2638 1682 2657; x_wconf 70' lang='lat' dir='ltr'>cst.</span> <span class='ocrx_word' id='word_1_444' title='bbox 1693 2635 1757 2658; x_wconf 75' lang='lat'>—4.</span> <span class='ocrx_word' id='word_1_445' title='bbox 1773 2634 1892 2657; x_wconf 70' lang='lat' dir='ltr'>,Iohanne</span> <span class='ocrx_word' id='word_1_446' title='bbox 1908 2634 1938 2656; x_wconf 88' lang='lat' dir='ltr'>de</span> <span class='ocrx_word' id='word_1_447' title='bbox 1954 2634 2079 2662; x_wconf 60' lang='lat' dir='ltr'>Dic-dona,</span> 
     </span>
    </p>
   </div>
   <div class='ocr_carea' id='block_1_7' title="bbox 215 2676 2078 2711">
    <p class='ocr_par' dir='ltr' id='par_1_9' title="bbox 215 2676 2078 2711">
     <span class='ocr_line' id='line_1_37' title="bbox 215 2676 2078 2711; baseline -0.002 -8"><span class='ocrx_word' id='word_1_448' title='bbox 215 2682 247 2704; x_wconf 79' lang='lat' dir='ltr'>de</span> <span class='ocrx_word' id='word_1_449' title='bbox 262 2689 312 2711; x_wconf 86' lang='lat' dir='ltr'>quo</span> <span class='ocrx_word' id='word_1_450' title='bbox 329 2676 443 2711; x_wconf 72' lang='lat' dir='ltr'>saepius,</span> <span class='ocrx_word' id='word_1_451' title='bbox 456 2684 518 2703; x_wconf 80' lang='lat' dir='ltr'>‘tunc</span> <span class='ocrx_word' id='word_1_452' title='bbox 529 2680 665 2711; x_wconf 83' lang='lat' dir='ltr'>provisore</span> <span class='ocrx_word' id='word_1_453' title='bbox 679 2681 772 2703; x_wconf 84' lang='lat' dir='ltr'>domus</span> <span class='ocrx_word' id='word_1_454' title='bbox 789 2681 923 2703; x_wconf 70' lang='lat' dir='ltr'>sorbonne</span> <span class='ocrx_word' id='word_1_455' title='bbox 937 2681 969 2703; x_wconf 87' lang='lat' dir='ltr'>ab</span> <span class='ocrx_word' id='word_1_456' title='bbox 987 2689 1028 2703; x_wconf 90' lang='lat' dir='ltr'>an.</span> <span class='ocrx_word' id='word_1_457' title='bbox 1042 2681 1112 2703; x_wconf 73' lang='lat'>1388.</span> <span class='ocrx_word' id='word_1_458' title='bbox 1123 2694 1148 2697; x_wconf 98' lang='lat'><strong>—</strong></span> <span class='ocrx_word' id='word_1_459' title='bbox 1166 2682 1188 2703; x_wconf 78' lang='grc' dir='ltr'>ἴ).</span> <span class='ocrx_word' id='word_1_460' title='bbox 1203 2679 1251 2707; x_wconf 88' lang='lat' dir='ltr'>Qui</span> <span class='ocrx_word' id='word_1_461' title='bbox 1268 2679 1439 2702; x_wconf 85' lang='lat' dir='ltr'>communiter</span> <span class='ocrx_word' id='word_1_462' title='bbox 1450 2679 1481 2701; x_wconf 84' lang='lat' dir='ltr'>(le</span> <span class='ocrx_word' id='word_1_463' title='bbox 1496 2688 1506 2701; x_wconf 77' lang='grc' dir='ltr'><em>α</em></span> <span class='ocrx_word' id='word_1_464' title='bbox 1523 2679 1692 2701; x_wconf 79' lang='lat' dir='ltr'>Calvomoute</span> <span class='ocrx_word' id='word_1_465' title='bbox 1711 2687 1721 2700; x_wconf 84' lang='lat'>»</span> <span class='ocrx_word' id='word_1_466' title='bbox 1739 2681 1855 2701; x_wconf 65' lang='lat' dir='ltr'>vocatur.</span> <span class='ocrx_word' id='word_1_467' title='bbox 1866 2680 1951 2708; x_wconf 71' lang='lat' dir='ltr'>Supra</span> <span class='ocrx_word' id='word_1_468' title='bbox 1968 2684 1995 2699; x_wconf 65' lang='lat' dir='ltr'>n‘*</span> <span class='ocrx_word' id='word_1_469' title='bbox 2012 2678 2078 2700; x_wconf 63' lang='lat'>1429.</span> 
     </span>
    </p>
   </div>
  </div>
 </body>
</html>
