2488 3386
226 322 322 358 1385]
641 334 688 355 AB
723 333 828 354 ANNO
862 333 993 355 1110001,
1027 333 1157 361 USQUE
1193 335 1240 355 AD
1277 335 1543 357 REM-:nicrum
1577 336 1666 357 xlll.
2022 328 2086 360 413

223 409 401 438 recordatur,
423 409 503 442 quod
524 408 546 434 si
570 416 585 434 a
606 408 749 441 principio
773 407 830 433 litis
850 407 1037 434 cancellarius
1056 409 1191 434 voluisset
1212 417 1240 435 50
1262 409 1427 438 humiliare,
1452 417 1511 435 non
1533 418 1699 443 processum
1721 411 1819 438 suisset
1841 413 1940 438 contra
1962 420 2031 438 eum
2051 413 2089 438 sic

223 458 340 488 acriter;
357 458 439 486 item.
454 457 523 491 quia
541 457 615 482 dum
637 457 723 483 semel
739 457 956 482 examinaretur
975 465 1025 490 per
1042 457 1196 490 deputatos
1218 458 1415 483 Universitatis
1434 458 1464 483 in
1480 459 1555 484 dieta
1574 467 1657 485 causa
1673 468 1758 493 super
1771 461 1947 493 quibusdam
1961 461 2090 487 articulis

224 507 304 533 sactis
327 509 427 533 contra
450 507 564 533 dictum
589 506 805 535 cancellarium,
828 505 920 539 aliqui
943 513 977 531 ex
1001 506 1146 539 deputatis
1168 507 1300 532 multum
1323 507 1375 532 sihi
1398 507 1638 539 indignabantur.
1663 509 1731 541 qnia
1756 517 1815 535 11011
1840 510 2031 543 respondebat
2054 510 2089 535 ad

226 557 358 582 mentem
373 563 486 582 eorum.

314 606 354 631 Ex
379 605 487 639 quibus
514 604 653 630 omnibus
674 604 765 630 credit
786 605 820 629 ut
842 611 928 637 supra
959 604 1031 629 dixit
1061 605 1090 630 et
1116 604 1259 637 deposuit.
1285 605 1482 637 Interrogatus
1510 605 1545 630 (10
1568 606 1738 632 nominibus
1770 607 1898 635 illorum,
1923 608 1958 633 (10
1982 608 2090 640 quibus

223 655 357 688 deposuit
377 654 509 687 superius
529 661 557 679 sc
576 653 699 682 credere,
714 653 794 686 quod
810 653 1007 678 sucitaverunt
1022 652 1081 687 (sie)
1101 653 1184 679 litem
1202 655 1302 679 contra
1324 654 1540 684 cancellarium,
1555 656 1620 684 etc.,
1636 655 1704 680 dixit
1727 664 1754 681 sc
1779 656 1902 683 crcdcre.
1920 657 2000 689 quod
2022 657 2089 689 qui—

222 704 291 729 dam
306 703 413 732 artiste,
426 710 556 736 quorum
572 702 692 728 nomina
708 702 823 734 ignorat
839 710 890 728 nec
905 709 951 727 eos
967 704 1151 734 cognosceret
1167 703 1188 728 si
1201 703 1319 731 videret,
1332 711 1366 728 ex
1379 703 1510 736 appetitu
1524 703 1649 729 vindicte
1665 704 1862 730 sucitaverunt
1878 705 1958 730 litem
1972 707 2090 738 propter

223 752 408 779 affeccionem
431 759 521 785 quam
542 751 688 777 habebant
707 753 779 777 tunc
798 752 827 776 et
848 751 987 777 continue
1010 751 1118 777 habent
1133 759 1200 784 erga
1220 754 1372 781 rectorem,
1388 752 1439 784 qui
1460 754 1521 778 erat
1535 754 1563 778 et
1581 754 1621 777 est.
1637 753 1671 778 de
1687 760 1789 778 corun]
1806 754 1954 782 facultate:
1973 755 2091 786 propter

223 802 303 835 quod
315 801 422 827 vellent
441 801 539 834 ipsum
551 800 675 826 exaltare
690 808 776 833 super
789 808 891 826 omnes
906 800 927 826 si
943 802 1067 833 possent.
1084 801 1117 826 Et
1132 809 1166 826 ex
1181 809 1264 827 cansa
1280 801 1492 833 indignacionis
1507 801 1605 831 credit,
1621 802 1699 834 quod
1717 802 1847 834 magistri
1865 803 1964 827 Petrus
1977 803 2012 828 dc
2028 803 2089 827 Ail-

222 851 294 876 liaco
308 850 339 876 in
354 850 499 882 theologia
513 851 541 876 et
556 850 703 875 Johannes
715 849 750 875 dc
766 850 914 875 Marsono9
926 850 956 874 in
973 850 1083 875 artibus
1100 850 1220 875 suerunt
1236 850 1308 875 moti
1323 850 1358 875 ad
1376 851 1570 875 nutriendum
1587 851 1670 876 islani
1687 851 1777 876 litem.
1795 852 1992 884 Interrogatus
2005 859 2091 884 super

222 900 336 932 injuriis
352 899 514 925 verbalibus
529 900 557 924 et
572 899 700 932 periculo
714 898 923 924 verberacionis
938 899 1069 932 superius
1082 899 1221 932 deposito,
1239 907 1290 932 per
1302 907 1375 932 quos
1389 899 1443 925 hoc
1458 900 1567 925 sactum
1586 900 1649 928 suit,
1664 900 1736 925 dixit
1751 900 1830 932 quod
1846 900 1940 925 dictus
1956 900 2090 933 magister

222 949 369 975 Johannes
382 948 418 974 de
436 948 567 973 Marsono
583 948 672 973 dictas
686 947 808 980 injurias
822 947 947 973 verbales
963 948 1015 973 sibi
1031 948 1112 977 dixit,
1132 950 1160 974 et
1175 949 1272 981 plures
1288 948 1419 981 magistri
1434 949 1464 974 in
1480 949 1590 974 artibus
1605 949 1636 974 in
1652 949 1729 974 exitu
1746 949 1823 974 illius
1845 949 2088 982 congregacionis,

222 998 257 1023 de
272 1005 401 1031 quorum
418 997 588 1023 nominibus
603 1004 662 1022 non
679 997 857 1026 recordatur,
876 1005 928 1023 nec
942 999 1127 1029 cognosceret
1142 998 1163 1022 si
1179 998 1288 1023 videret
1307 1005 1354 1024 eos
1374 999 1492 1031 propter
1511 998 1735 1023 multitudinem
1760 999 1889 1027 illorum,
1905 998 1956 1031 qui
1970 998 2091 1031 injurias

221 1047 434 1073 continuabant
450 1048 477 1072 et
493 1046 587 1071 minas
601 1046 765 1072 inferebant
780 1047 808 1072 et
822 1046 999 1075 intulerunt,
1016 1054 1085 1072 eum
1101 1047 1249 1079 sequendo
1268 1055 1283 1073 a
1303 1047 1392 1072 domo
1409 1047 1503 1072 Sancti
1527 1047 1674 1076 Bernardi,
1692 1047 1742 1072 ubi
1763 1048 1834 1073 sacta
1857 1047 1913 1073 fuit
1927 1047 2003 1073 dicta
2018 1055 2089 1073 con-

222 1096 364 1129 gregacio,
381 1103 474 1129 usquc
489 1103 579 1128 prope
593 1095 719 1121 domum
732 1095 966 1121 Carmelitarum.

310 1144 353 1178 iij.
375 1144 551 1170 Venerabilis
570 1146 598 1170 ct
619 1144 846 1177 circumspectus
867 1144 910 1169 vir
931 1144 1069 1177 magister
1094 1145 1190 1171 SYMON
1215 1145 1340 1174 Famam,
1362 1145 1463 1171 doctor
1487 1145 1518 1170 in
1544 1145 1697 1177 theologia,
1724 1146 1875 1171 succentor
1897 1146 1963 1171 eccl.
1991 1145 2088 1174 Paris,

221 1193 304 1220 etatis
318 1194 377 1227 lviij
392 1201 541 1219 annorum
554 1194 598 1220 vel
613 1193 696 1223 circa,
713 1193 791 1219 testis
803 1193 929 1227 juratus,
946 1194 1129 1220 examinatus
1144 1202 1230 1228 super
1246 1194 1434 1227 infrascriptis
1449 1194 1576 1220 articulis
1596 1195 1647 1219 sibi
1668 1195 1747 1227 prins
1764 1195 1840 1220 lectis
1855 1196 1883 1220 01
1905 1202 1955 1227 per
1973 1202 2041 1220 eum
2057 1196 2090 1219 ut

220 1243 334 1269 dicebat
350 1243 511 1272 intellectis,
535 1244 563 1269 et
584 1242 681 1276 primo
696 1250 783 1276 super
803 1242 900 1275 primo
922 1243 1055 1272 articulo,
1076 1243 1149 1269 dixit
1171 1251 1198 1269 se
1220 1243 1334 1269 credere
1354 1243 1478 1269 firmiter
1499 1245 1636 1269 contenta
1658 1243 1687 1269 in
1710 1244 1786 1269 dicto
1801 1244 1923 1269 articulo
1940 1244 1998 1269 sore
2014 1251 2088 1269 vera.

220 1293 419 1325 Interrogatus
439 1300 530 1325 quare
545 1291 645 1321 credit,
660 1291 733 1317 dixit
748 1291 828 1324 quod
844 1291 903 1324 ipse
924 1292 1015 1317 credit
1028 1300 1061 1318 eo
1074 1292 1143 1326 quia
1157 1292 1226 1325 ipse,
1243 1292 1294 1326 qui
1310 1292 1366 1318 snit
1381 1293 1411 1318 in
1434 1292 1530 1318 studio
1552 1292 1699 1318 l‘arisicnsi
1723 1293 1749 1317 xl
1767 1293 1851 1318 annis
1865 1294 1893 1318 ct
1912 1293 2047 1325 amplius.
2062 1293 2091 1318 et

221 1341 358 1374 magister
372 1341 403 1366 in
424 1340 569 1373 theologia
584 1349 639 1365 xxx
653 1340 723 1366 anni
739 1341 817 1370 sunt,
835 1342 862 1366 et
877 1341 1081 1367 locumtenens
1104 1341 1229 1367 condam
1250 1341 1381 1374 magistri
1403 1341 1544 1367 Johannis
1565 1342 1599 1367 de
1619 1342 1727 1374 Acyaco
1741 1341 1901 1367 cancellarii
1917 1342 1984 1367 eccl.
2003 1342 2087 1367 Paris.

220 1398 272 1424 per
286 1392 351 1416 octo
366 1398 458 1416 annos
470 1390 514 1415 vel
529 1389 612 1419 circa,
627 1389 699 1415 vidit
713 1391 742 1415 et
761 1390 872 1415 audivit
891 1390 1075 1416 cancellarios
1094 1391 1131 1415 ad
1152 1398 1268 1416 causam
1284 1391 1452 1416 cancellarie
1467 1391 1534 1416 eccl.
1560 1391 1645 1416 Paris.
1671 1391 1713 1416 uti
1737 1391 1837 1416 multis
1858 1390 2088 1420 auctoritatibus,

220 1439 420 1473 potestatibus,
435 1438 627 1468 libertatibus,
644 1438 805 1471 previlegiis
818 1437 888 1473 (sic),
903 1439 1003 1464 usibus
1023 1440 1051 1465 et
1070 1440 1342 1466 consuetudinibus.
1364 1440 1399 1465 Et
1414 1440 1485 1465 vidit
1506 1440 1593 1465 ctiam
1617 1440 1822 1465 cancellarium
1847 1440 2024 1465 modernum
2047 1439 2090 1464 1111

220 1488 368 1521 aliquibus
383 1495 476 1521 usque
491 1487 526 1513 ad
542 1489 674 1520 tempora
690 1487 829 1520 presentis
845 1487 910 1513 litis.
923 1488 1121 1521 Interrogatus
1134 1488 1155 1513 si
1171 1488 1253 1514 sciret
1269 1489 1431 1522 specificare
1443 1489 1657 1518 auctoritatem,
1670 1490 1852 1521 potestatem,
1863 1490 1928 1518 010,
1943 1488 2091 1521 respondit

221 1537 302 1570 quod
317 1537 338 1562 si
354 1537 584 1569 interrogaretur
599 1536 629 1561 in
645 1536 747 1569 specie,
762 1536 949 1569 responderet
961 1536 997 1562 de
1012 1537 1066 1562 hiis
1082 1544 1140 1570 que
1157 1537 1216 1570 ipse
1231 1538 1323 1563 sciret.

309 1586 383 1612 Item
398 1593 484 1619 super
498 1585 542 1619 ijo,
560 1585 615 1618 iijo,
632 1585 687 1619 iiijo
700 1586 772 1611 0111ο
786 1585 924 1613 articulis.
941 1585 1014 1611 dixit
1035 1587 1064 1611 et
1085 1586 1219 1619 deposuit
1241 1587 1321 1619 quod
1345 1587 1452 1613 tociens
1473 1587 1612 1620 quociens
1628 1587 1686 1620 ipse
1709 1587 1763 1612 suit
1788 1594 1902 1619 presens
1923 1586 1953 1611 in
1974 1585 2090 1611 licencia

219 1635 449 1665 licenciatorum,
466 1635 502 1661 de
517 1634 625 1668 quibus
644 1634 675 1660 in
692 1634 775 1660 dictis
792 1634 921 1660 articulis
938 1635 972 1660 fit
987 1635 1108 1664 mentio,
1125 1635 1185 1668 ipse
1198 1636 1270 1661 vidit
1284 1637 1312 1662 et
1329 1636 1449 1665 audivit.
1465 1636 1545 1669 quod
1557 1638 1717 1669 antequam
1732 1635 1964 1665 licenciarentur,
1979 1637 2089 1668 presta-

220 1684 291 1710 bant
302 1684 509 1718 juramentum
525 1684 555 1709 in
570 1684 654 1710 dictis
668 1683 796 1709 articulis
811 1685 996 1714 contentum,
1016 1685 1044 1710 ct
1064 1684 1185 1717 ipsemet
1200 1692 1233 1711 eo
1255 1685 1372 1711 sistente
1394 1685 1634 1713 vicecancellario,
1659 1685 1814 1718 recipiebat
1829 1685 1993 1718 predictum
2005 1685 2089 1717 jura-

219 1735 357 1759 mentum
372 1733 408 1759 ab
422 1733 537 1763 artistis,
554 1734 714 1766 antequam
736 1730 969 1759 licenciarentur.
987 1734 1186 1766 Interrogatus
1207 1742 1222 1759 a
1238 1742 1297 1767 quo
1318 1735 1450 1768 tempore
1471 1734 1542 1760 x-idit
1566 1736 1594 1760 et
1617 1734 1728 1760 audivit
1750 1734 1862 1759 dictum
1884 1734 2089 1767 juramentum

219 1783 349 1816 prestari,
363 1783 435 1808 dixit
451 1783 531 1816 quod
546 1790 562 1808 a
578 1783 605 1808 xl
620 1783 704 1808 annis
719 1782 799 1808 citra.
817 1783 1016 1815 Interrogatus
1031 1784 1105 1816 quot
1120 1783 1229 1809 vicibus
1251 1785 1279 1809 et
1298 1792 1314 1809 0
1336 1784 1444 1817 quibus
1467 1784 1537 1809 111111
1560 1783 1681 1817 prestari
1702 1784 1919 1816 juramentum,
1942 1783 2092 1816 respondit

219 1832 299 1865 quod
312 1832 420 1858 tociens
433 1831 513 1865 quod
526 1831 649 1857 nesciret
661 1831 755 1857 dicere
770 1831 853 1859 vices.
869 1839 921 1858 nec
937 1832 1090 1858 nominare
1102 1840 1204 1858 omncs
1220 1840 1364 1865 personas.

308 1881 381 1907 Item
395 1888 481 1914 super
496 1881 546 1914 ij,
563 1880 636 1906 dixit
650 1882 678 1907 et
693 1881 842 1914 respondit
858 1888 886 1907 se
901 1881 1016 1907 credere
1030 1883 1167 1907 contenta
1182 1882 1212 1907 in
1226 1882 1304 1907 dicto
1319 1882 1442 1907 articulo
1462 1883 1522 1907 sore
1536 1889 1611 1911 vera,
1626 1882 1694 1915 quia
1711 1881 1748 1907 ita
1764 1881 1874 1907 audivit
1889 1888 2014 1914 semper;
2030 1888 2089 1905 non

220 1931 320 1956 tamen
335 1930 408 1955 vidit
423 1929 582 1963 privilegia.
599 1937 690 1963 quare
705 1937 733 1956 50
747 1930 835 1955 refert
850 1930 886 1955 ad
901 1938 943 1956 ea.

308 1980 381 2004 Item
397 1986 483 2012 super
499 1979 561 2012 vij0,
577 1979 650 2004 dixit
665 1979 745 2012 quod
758 1979 849 2005 credit
864 1980 1001 2005 contenta
1016 1979 1047 2005 in
1062 1987 1096 2005 eo
1111 1987 1169 2006 esse
1184 1988 1259 2009 vera,
1279 1980 1348 2013 quia
1367 1980 1406 2006 110
1422 1980 1534 2006 audivit
1549 1980 1762 2007 communiterz
1786 1980 1872 2005 refert
1891 1986 1919 2004 se
1940 1980 2038 2004 tamen
2054 1978 2089 2004 ad

220 2028 406 2062 privilegium
421 2028 478 2053 sive
492 2028 697 2054 auctoritatem
710 2035 874 2054 concessam
891 2028 1062 2054 auctoritate
1078 2029 1244 2062 apostolica,
1259 2037 1349 2062 quam
1364 2037 1424 2055 non
1441 2030 1539 2055 recolit
1556 2037 1583 2055 se
1597 2029 1705 2055 vidisse.

307 2078 381 2103 Item
396 2084 483 2110 super
497 2076 570 2110 viij0,
585 2076 658 2102 dixit
671 2076 751 2110 quod
764 2077 855 2102 credit
868 2078 1006 2103 contenta
1020 2078 1050 2103 in
1064 2078 1141 2103 dicto
1154 2078 1277 2104 articulo
1294 2079 1354 2104 sore
1368 2086 1442 2108 10111,
1457 2079 1525 2112 quia
1542 2086 1698 2111 nunquam
1714 2078 1784 2103 vidit
1799 2077 1979 2103 contrarium
1995 2083 2088 2109 usque

218 2126 254 2152 ad
270 2127 386 2160 tempus
401 2126 458 2152 litis
473 2126 623 2159 presentis.
641 2126 676 2151 Et
691 2126 762 2151 vidit
777 2126 951 2156 licenciatos,
966 2126 1001 2152 de
1016 2127 1124 2160 quibus
1140 2128 1173 2152 fit
1189 2128 1304 2153 mencio
1318 2127 1349 2153 in
1365 2128 1443 2153 dicto
1456 2128 1588 2157 articulo,
1606 2127 1735 2160 reputari
1758 2127 1920 2153 licenciatos
1940 2126 1969 2151 in
1992 2125 2087 2151 studio

219 2175 378 2205 Parisiensi,
395 2175 515 2209 quando
528 2177 611 2201 erant
628 2175 767 2201 licenciati
783 2183 834 2208 per
847 2175 960 2201 dictum
976 2176 1193 2206 cancellarium,
1208 2177 1284 2202 salvo
1301 2178 1431 2210 tempore
1453 2177 1532 2203 inicii
1554 2177 1702 2206 scismatis,
1719 2184 1779 2210 quo
1799 2177 1871 2202 sacta
1893 2175 1949 2201 suit
1967 2176 2086 2200 contro-

218 2225 307 2251 versia
322 2225 510 2258 quibusdam,
530 2225 599 2258 quia
612 2224 784 2250 dicebantur
800 2224 951 2250 scismatici
961 2224 992 2250 ¹⁰.

307 2275 379 2300 Item
395 2282 482 2307 super
501 2281 590 2303 nono,
605 2273 678 2299 dixit
700 2281 728 2299 se
750 2273 839 2299 nichil
862 2273 931 2299 scire
952 2274 1006 2299 nisi
1026 2282 1059 2300 ex
1074 2275 1178 2301 auditu
1199 2275 1255 2301 dici
1277 2275 1313 2301 ab
1328 2275 1484 2309 aliquibus,
1508 2283 1559 2301 nec
1574 2275 1655 2301 aliud
1674 2275 1725 2301 scit
1747 2275 1782 2300 de
1802 2274 1945 2300 contentis
1965 2273 1995 2298 in
2010 2272 2087 2298 dicto

218 2323 350 2353 articulo,
367 2323 422 2349 nisi
437 2324 526 2356 prout
541 2331 629 2356 supra
641 2322 785 2356 deposuit.

307 2373 380 2399 Item
394 2380 480 2405 super
495 2378 535 2402 xo,
551 2372 700 2405 respondit
714 2372 795 2406 quod
807 2372 843 2398 de
859 2372 913 2398 hiis
926 2380 984 2405 que
997 2373 1131 2406 deposuit
1144 2375 1185 2399 est
1200 2374 1316 2406 publica
1329 2381 1383 2399 vox
1395 2375 1424 2399 et
1439 2374 1515 2399 sama
1531 2374 1561 2399 in
1575 2374 1689 2400 civitate
1706 2373 1862 2399 l‘arisiensi.
1878 2373 2084 2404 Interrogatus,

219 2421 291 2454 quid
306 2423 347 2447 est
362 2422 448 2451 sama,
467 2421 539 2447 dixit
555 2421 634 2455 quod
657 2421 733 2447 falna
748 2423 789 2447 est
805 2421 889 2454 juxta
907 2422 1019 2447 dictum
1037 2422 1173 2455 Philippi,
1188 2430 1279 2456 quam
1296 2423 1383 2448 multi
1398 2423 1500 2456 populi
1516 2423 1637 2449 famant.
1655 2424 1852 2455 Interrogatus
1867 2422 1943 2447 inter
1957 2428 2031 2454 quos
2045 2422 2086 2446 est

219 2470 305 2499 sama,
320 2470 470 2503 respondit
484 2470 565 2503 quod
579 2470 655 2496 inter
670 2470 820 2496 studentes
835 2470 1042 2496 Universitatis.

308 2520 381 2545 Item
397 2527 483 2552 super
498 2519 549 2552 xjo,
566 2519 639 2545 dixit
653 2521 682 2545 et
696 2519 846 2552 respondit
860 2519 1000 2545 audivisse
1015 2521 1152 2546 contenta
1167 2520 1197 2545 in
1212 2520 1290 2545 dicto
1304 2520 1427 2546 articulo
1443 2521 1502 2547 sore
1518 2528 1596 2550 vera;
1613 2529 1673 2547 non
1690 2522 1788 2546 tamen
1804 2519 1875 2545 vidit
1890 2518 2084 2552 privilegium,

219 2576 312 2602 quare
327 2576 355 2594 se
370 2569 457 2594 refert
471 2568 507 2594 ad
523 2568 606 2593 illud.
624 2569 822 2601 Interrogatus
837 2576 852 2594 a
868 2568 975 2602 quibus
990 2569 1111 2598 audivit,
1125 2569 1197 2594 dixit
1211 2576 1271 2594 non
1286 2569 1440 2595 recordari,

308 2618 380 2643 Item
396 2625 482 2650 super
496 2617 559 2650 xijo,
574 2617 723 2650 respondit
736 2619 873 2643 contenta
888 2618 919 2643 in
934 2618 995 2651 ipso
1008 2626 1065 2643 esse
1077 2626 1152 2648 vera,
1167 2618 1289 2644 reddens
1301 2626 1418 2644 causam
1432 2618 1552 2644 sciencie
1564 2618 1632 2652 quia
1646 2618 1761 2644 sibimet
1774 2618 1826 2651 ipsi
1842 2618 1880 2643 510
1893 2617 1948 2642 suit
1963 2617 2082 2644 factum,

218 2668 246 2692 ct
260 2666 332 2692 vidit
346 2666 480 2699 pluribus
493 2666 555 2692 aliis
570 2666 641 2692 fieri.

306 2716 379 2741 Item
395 2723 480 2748 super
496 2715 567 2749 xiijo,
582 2716 732 2749 respondit
747 2723 775 2742 se
790 2716 881 2742 nichil
896 2716 976 2745 scire,
991 2716 1060 2749 quia
1076 2724 1137 2742 non
1152 2718 1193 2742 est
1208 2716 1243 2742 (10
1258 2717 1443 2742 facultatibus
1458 2717 1602 2742 contentis
1616 2717 1646 2742 in
1662 2717 1738 2742 dicto
1753 2716 1884 2741 articulo.

306 2765 379 2790 Item
395 2772 481 2797 super
496 2764 578 2797 xiiij0,
593 2765 743 2798 respondit
758 2765 838 2798 quod
858 2765 969 2790 audivit
990 2765 1199 2794 communiter,
1217 2766 1297 2798 quod
1318 2766 1447 2790 mittitur
1466 2765 1636 2791 cancellario
1656 2765 1780 2798 aliquid;
1798 2764 1845 2790 sed
1866 2764 1901 2789 dc
1922 2762 2083 2796 quantitate

221 2813 342 2839 nesciret
357 2813 510 2846 deponere.
535 2814 610 2839 Bene
629 2814 740 2839 audivit
762 2815 860 2840 tamen
882 2814 963 2847 qnod
984 2814 1105 2847 quidam
1130 2816 1248 2848 propter
1272 2816 1473 2847 paupertatem
1499 2815 1588 2839 nichil
1614 2815 1766 2841 miserunt.
1788 2815 1816 2838 et
1841 2814 1937 2838 tamen
1963 2811 2084 2836 suerunt

221 2863 372 2888 licenciati.
390 2863 451 2895 Ipse
466 2864 564 2888 tamen
580 2862 632 2896 qui
647 2863 780 2896 loquitur
796 2863 885 2889 nichil
900 2863 992 2893 solvit,
1008 2863 1077 2896 quia
1094 2865 1164 2889 tunc
1179 2865 1238 2889 crat
1254 2863 1506 2889 subcancellarius.

306 2912 379 2937 ltein
395 2919 481 2944 super
496 2917 554 2941 xv0,
576 2912 725 2945 respondit
748 2912 821 2938 bene
843 2912 993 2941 audivisse,
1018 2913 1097 2945 quod
1119 2913 1230 2946 aliquid
1255 2914 1428 2938 consuetum
1449 2914 1486 2937 est
1511 2912 1579 2937 <lare
1601 2911 1788 2936 familiaribus
1806 2910 1960 2935 liberaliter
1974 2909 2082 2941 absque
