2488 3386
857 369 1033 391 s‘ra’rvra
1069 369 1147 391 FAC.
1186 369 1352 391 0001101.
1977 360 2041 392 659

260 443 317 478 (15)
333 444 416 473 Item,
433 452 491 477 que
510 444 563 469 nul
586 452 622 470 ne
646 444 757 470 baudra
779 451 820 470 ses
841 444 944 470 escoles
965 442 980 469 31
1001 444 1091 470 ferme
1110 442 1127 470 0
1144 445 1237 471 autre.
1258 451 1293 469 ne
1314 452 1349 469 ne
1374 444 1499 477 preudra
1523 452 1562 470 ou
1586 452 1656 470 aura
1680 444 1875 477 compaignon
1891 443 1906 470 0
1921 452 1952 470 00
1966 452 2042 478 pour

172 493 295 526 prouffit
309 500 452 518 commun
467 500 504 519 ne
518 494 700 521 autrement:
717 492 790 518 mais
809 492 876 518 bien
893 500 1001 526 pourra
1013 493 1138 525 prendre
1158 492 1364 518 submoniteur
1379 500 1418 518 011
1433 493 1496 518 aide
1512 493 1698 522 convenablo,
1715 501 1766 526 par
1781 493 1887 519 licence
1901 493 1937 519 de
1951 501 2040 519 mon-

172 541 249 568 sieur
263 541 289 567 le
305 541 431 567 Chantre
447 543 475 568 et
489 549 550 567 000
564 543 742 567 autrement.

261 589 318 624 (16)
333 591 416 619 Item,
433 598 490 624 que
506 590 559 616 nul
573 592 682 623 prestre
702 598 738 616 ne
757 590 831 616 clerc
845 588 983 616 beneficie'
998 598 1034 616 en
1050 589 1157 615 saincte
1173 590 1264 623 Eglise
1283 597 1322 615 ou
1338 590 1454 616 sermier
1468 590 1503 615 de
1519 589 1586 616 0010
1603 598 1638 616 110
1654 591 1782 624 puissent
1797 590 1872 616 tenir
1887 591 1990 617 escoles
2004 599 2041 617 en

172 639 199 665 Ia
212 639 348 665 collation
364 639 449 665 dudit
464 640 614 665 monsieur
628 639 655 665 le
669 639 806 667 Chantre.
823 646 887 664 sans
902 639 1100 672 dispensation
1115 639 1150 664 de
1166 639 1217 664 lui.

261 686 318 722 (17)
330 688 413 716 Item.
431 689 497 714 tous
513 689 541 714 et
556 690 651 714 toutes
662 688 764 721 jurent
777 687 864 721 qu'ilz
880 687 963 713 n'ont
984 695 1099 713 aucune
1118 688 1202 713 chose
1222 686 1321 714 donne
1335 695 1373 713 ou
1389 688 1498 721 promis
1514 696 1550 713 ne
1571 695 1609 713 ou
1630 689 1724 721 temps
1743 688 1840 714 avenir
1859 688 1988 714 donront
2003 696 2039 714 ou

172 738 370 769 promettront
383 744 458 770 pour
471 737 549 762 avoir
563 738 591 762 et
606 737 682 762 tenir
696 737 808 763 escoles.

261 785 316 819 (18)
332 786 415 814 Item.
430 786 532 819 jurent
546 786 747 818 pareillement
763 785 850 818 qu'ilz
865 786 947 811 n'ont
962 793 999 811 00
1011 793 1050 811 ou
1070 793 1155 811 receu
1168 793 1205 811 ou
1227 793 1424 811 convenances
1437 786 1533 811 faictes
1546 785 1581 811 de
1597 785 1675 811 avoir
1689 793 1728 810 ou
1743 786 1868 811 reeevoir
1882 793 1956 819 pour
1972 794 2040 819 pro-

172 841 256 861 curer
269 841 308 860 ou
320 834 510 867 pourchacier
523 835 627 860 0500105
639 834 675 860 de
689 836 763 860 estre
777 832 905 860 (1000005
918 833 933 860 a
946 834 1055 860 autrui.

261 882 285 917 (1
292 883 318 917 9)
333 883 416 911 Item.
435 883 537 916 jurent
552 883 638 916 qu’ilz
657 881 886 917 n’empetreront
907 891 942 909 ne
958 891 994 909 ne
1009 883 1148 909 tendront
1163 884 1252 910 escole
1265 883 1300 909 de
1315 883 1458 915 gramaire
1473 883 1508 909 de
1523 884 1606 908 autre
1618 883 1757 908 0011010111
1773 891 1830 916 (100
1845 883 1880 909 (10
1896 884 2044 909 monsieur

172 932 199 958 le
222 931 350 957 Chantre
368 939 405 957 en
423 932 607 965 quelconque
623 932 762 965 parroisse
784 940 823 958 ou
845 932 902 958 lieu
919 940 977 965 que
992 940 1022 958 00
1037 932 1091 958 5011
1113 932 1220 958 dedens
1239 932 1279 958 les
1298 931 1389 958 metes
1408 932 1443 958 (10
1465 932 1490 957 10
1513 930 1576 960 0110,
1594 931 1659 957 ville
1673 933 1701 957 et
1716 932 1849 957 hanlieue
1864 932 1899 957 de
1915 932 2000 961 Paris.
2017 940 2044 958 se

174 980 287 1006 n'estoit
306 980 342 1006 de
357 980 507 1006 monsieur
521 981 548 1006 10
567 980 736 1007 Chaneelier
752 980 788 1007 de
806 981 912 1013 l'eglise
931 981 966 1007 de
990 981 1075 1009 Paris,
1090 979 1119 1006 05
1131 981 1209 1006 lieux
1224 983 1252 1007 et
1267 983 1373 1007 termes
1394 981 1556 1007 seulement
1571 979 1610 1006 ou
1629 980 1649 1005 il
1665 980 1706 1006 lui
1726 979 1858 1014 compete
1877 981 1912 1006 de
1932 981 2045 1006 donner

172 1036 301 1055 aucunes
315 1029 454 1055 certaines
468 1029 580 1055 0500105.

262 1076 319 1112 (2ο)
334 1078 418 1107 Item,
434 1078 561 1104 chascun
581 1078 698 1104 maistre
717 1079 746 1104 et
766 1078 926 1104 maistresse
945 1078 1064 1104 doivent
1079 1079 1205 1104 chascun
1226 1086 1273 1107 an,
1290 1086 1327 1104 au
1344 1079 1414 1112 jour
1428 1078 1463 1104 de
1478 1079 1504 1104 la
1521 1078 1601 1104 Saint
1613 1074 1714 1104 Jehan'
1726 1078 1928 1104 Porte-Latine
1943 1078 2047 1104 rendre

175 1126 215 1152 les
233 1126 331 1152 lettres
350 1126 437 1160 qu‘ilz
456 1128 509 1152 ont
528 1127 563 1152 de
583 1127 659 1153 tenir
679 1127 784 1153 escoles
802 1125 819 1152 ἐι
839 1127 989 1153 monsieur
1007 1127 1033 1152 le
1053 1126 1181 1153 Chantre
1203 1135 1242 1153 ou
1267 1134 1318 1153 son
1338 1127 1461 1153 commis
1481 1128 1508 1153 et
1527 1125 1635 1160 depute
1649 1125 1664 1152 0
1679 1134 1719 1153 ce.
1739 1126 1773 1152 Et
1789 1127 1989 1160 pareillement
2008 1128 2048 1153 les

175 1175 294 1201 doivent
308 1176 411 1201 rendre
426 1175 527 1209 quand
542 1176 577 1201 ilz
592 1174 745 1201 (1010155001
759 1176 798 1201 105
813 1176 926 1202 escoles.

265 1223 320 1258 (21)
336 1225 419 1253 Item.
433 1225 582 1250 monsieur
595 1225 620 1250 le
633 1224 760 1250 Chantre
776 1232 811 1250 ne
824 1226 925 1250 entent
936 1223 951 1250 0
962 1224 1076 1250 donner
1090 1225 1194 1250 escoles
1204 1223 1219 1250 a
1232 1232 1330 1251 aucun
1343 1225 1400 1250 fors
1410 1225 1531 1258 jusques
1541 1223 1556 1250 21
1568 1232 1596 1250 sa
1609 1222 1754 1253 vomente,
1766 1226 1794 1250 01
1807 1227 2049 1251 communement

172 1273 294 1306 jusques
308 1281 345 1298 au
365 1275 458 1299 terme
473 1273 508 1299 de
523 1273 549 1299 la
565 1274 634 1299 feste
650 1273 730 1299 Saint
744 1273 835 1300 Jehan
854 1273 1061 1303 Porte-Latine,
1079 1275 1107 1299 et
1125 1274 1181 1299 fors
1198 1272 1214 1299 a
1229 1274 1312 1299 ceulx
1327 1274 1379 1307 qui
1398 1275 1505 1299 001001
1516 1272 1583 1307 jure
1598 1281 1641 1299 005
1661 1275 1751 1298 510105
1766 1275 1794 1299 01
1809 1274 1888 1306 prins
1903 1274 2000 1300 lettres
2014 1274 2049 1299 de

176 1322 326 1348 monsieur
340 1322 366 1348 10
379 1322 515 1348 Chantre.

265 1370 322 1405 (22)
337 1371 420 1399 Item.
438 1373 479 1397 051
493 1370 707 1405 expressement
726 1371 863 1397 deffendu
879 1379 937 1404 (100
953 1371 1006 1396 nul
1026 1371 1143 1397 maistre
1159 1379 1195 1397 ne
1213 1371 1311 1397 tienne
1326 1379 1392 1397 avec
1412 1372 1461 1404 lu)v
1479 1372 1640 1397 concubine
1660 1380 1699 1398 ou
1719 1373 1827 1398 femme
1841 1370 1985 1400 (1111011100,
2002 1380 2051 1397 sur

176 1419 261 1453 peine
275 1420 311 1445 de
324 1420 466 1453 privation
483 1420 532 1446 des
544 1421 657 1446 escoles.

265 1468 323 1503 (23)
338 1469 421 1497 Item.
439 1469 492 1494 nul
508 1469 625 1495 maistre
639 1477 678 1495 ou
693 1470 851 1496 maistresse
867 1478 903 1496 ne
918 1470 1037 1496 doivent
1052 1470 1111 1495 aler
1126 1470 1193 1495 hors
1208 1469 1243 1495 (le
1259 1469 1284 1495 la
1301 1469 1366 1495 ville
1380 1471 1409 1495 et
1424 1469 1557 1495 banlieue
1572 1470 1607 1495 de
1624 1470 1700 1495 Paris
1713 1478 1776 1495 sans
1792 1470 1897 1496 licence
1912 1469 1947 1495 de
1963 1477 2050 1495 mon-

177 1517 254 1543 sieur
267 1518 293 1543 le
306 1517 434 1544 Chantre
446 1519 475 1544 et
489 1526 553 1543 sans
568 1518 675 1544 laissier
688 1519 839 1544 souffisant
855 1519 1060 1545 submoniteur
1075 1518 1126 1552 qui
1142 1518 1183 1543 lui
1199 1518 1253 1543 soit
1266 1516 1398 1551 presente'
1411 1520 1439 1544 et
1454 1518 1505 1551 qui
1522 1518 1563 1543 lui
1579 1519 1632 1544 soit
1647 1517 1788 1551 agre'able.

266 1565 322 1600 (24)
336 1567 420 1595 Item,
438 1569 504 1592 tous
518 1568 546 1592 et
562 1568 657 1592 toutes
672 1567 803 1593 maistres
817 1569 845 1593 01
861 1567 1034 1593 maistresses
1048 1567 1166 1593 doivent
1181 1568 1253 1593 estre
1269 1567 1416 1593 01150011)Ιο
1431 1565 1447 1592 Ξ1
1460 1567 1578 1600 Vespres
1594 1567 1619 1592 la
1634 1567 1718 1600 vigile
1731 1567 1766 1593 de
1778 1568 1805 1592 10
1820 1568 1888 1593 feste
1904 1567 2054 1592 monsieur

178 1614 258 1641 Saint
272 1615 380 1641 Nicolas
392 1615 427 1641 de
442 1613 509 1644 este'.
524 1617 608 1641 notre
623 1616 754 1649 glorieux
769 1618 884 1649 patron,
902 1618 929 1642 01
943 1617 968 1642 10
979 1616 1049 1649 jour
1064 1614 1079 1641 0
1095 1616 1121 1641 10
1137 1623 1241 1644 messe:
1254 1617 1282 1641 01
1297 1616 1371 1641 00551
1385 1615 1454 1641 ledit
1466 1616 1536 1648 jour
1551 1614 1566 1641 ἐι
1582 1623 1694 1648 vespres
1710 1623 1784 1649 pour
1798 1616 1895 1648 vigiles
1907 1617 1936 1641 01
1951 1616 2052 1642 lende-

178 1663 258 1689 main
273 1662 328 1690 010
340 1672 430 1690 messe
442 1672 518 1697 pour
533 1664 558 1690 le
574 1665 678 1690 service
692 1664 727 1690 de
743 1672 830 1693 mors.
844 1672 919 1698 pour
934 1665 1011 1698 prier
1024 1665 1097 1690 Dieu
1110 1666 1138 1690 et
1152 1665 1301 1690 monsieur
1317 1664 1397 1690 Saint
1410 1664 1517 1690 Nicolas
1532 1672 1568 1690 en
1583 1663 1702 1697 especial
1718 1672 1793 1698 pour
1809 1665 1847 1690 les
1861 1663 1940 1690 00105
1954 1665 2054 1690 denos

178 1711 264 1738 freres
276 1714 304 1738 et
317 1720 406 1742 seurs,
421 1713 551 1739 maistres
566 1715 594 1739 01
611 1713 785 1740 010151105505
800 1715 952 1747 trespassez
967 1722 973 1739 z
991 1715 1018 1739 et
1033 1714 1068 1740 de
1084 1721 1136 1739 nos
1151 1713 1356 1739 bienfaicteurs
1370 1721 1406 1739 00
1423 1713 1527 1746 l'eglise
1541 1715 1568 1739 et
1584 1721 1623 1739 ou
1636 1713 1693 1739 lieu
1707 1712 1744 1739 οὺ
1758 1714 1778 1738 11
1794 1721 1853 1739 5010
1869 1713 1995 1739 01105000
2011 1713 2053 1738 (111

177 1760 194 1787 a
209 1769 240 1788 ce
251 1762 320 1795 jour
335 1764 364 1787 et
376 1769 412 1788 en
428 1763 502 1788 ceste
515 1761 680 1788 assamble'e.

267 1809 324 1844 (25)
339 1811 422 1840 Item,
437 1812 503 1836 tous
518 1811 647 1837 maistres
664 1812 693 1837 et
715 1811 888 1837 maistresses
908 1811 1027 1838 doivent
1048 1813 1121 1838 estre
1141 1819 1198 1837 aux
1213 1809 1352 1845 obseques
1371 1813 1399 1837 01
1419 1811 1536 1837 services
1557 1811 1606 1837 des
1626 1811 1756 1836 maistres
1770 1812 1798 1836 et
1815 1811 1987 1837 maistresses
2002 1812 2054 1844 qui

178 1861 394 1892 trespasseront.
407 1866 435 1885 se
450 1859 485 1884 ilz
501 1860 526 1885 le
541 1858 663 1886 scevent.

269 1908 324 1942 (26)
340 1909 422 1941 Item,
439 1908 459 1933 il
474 1910 516 1934 est
530 1909 643 1942 enjoint
657 1907 673 1935 0
688 1910 754 1935 tous
771 1910 799 1935 et
821 1910 916 1935 toutes
937 1917 990 1942 par
1011 1909 1075 1935 leur
1097 1911 1224 1935 serment
1240 1917 1297 1943 que
1317 1917 1344 1935 se
1359 1909 1394 1934 ilz
1410 1907 1523 1935 scevent
1538 1916 1635 1934 aucun
1655 1916 1693 1934 ou
1716 1916 1830 1934 aucune
1849 1908 1900 1941 qui
1919 1908 2054 1941 ensaigne

179 1957 281 1984 enfans
297 1958 326 1983 et
340 1957 495 1990 tiengnent
513 1958 603 1983 escole
617 1957 653 1984 de
668 1958 811 1991 gramaire
825 1966 889 1983 sans
904 1959 930 1984 10
943 1957 1044 1991 congie
1058 1960 1087 1985 et
1101 1959 1208 1984 licence
1223 1958 1259 1984 de
1278 1958 1427 1984 monsieur
1442 1958 1467 1984 le
1483 1958 1619 1986 Chantre.
1634 1958 1721 1991 qu'ilz
1737 1958 1778 1983 lui
1793 1957 1873 1983 dient
1885 1959 1913 1983 et
1928 1955 2055 1983 revelent

179 2013 216 2031 au
233 2005 299 2039 plus
314 2007 371 2031 tost
386 2006 472 2038 qu'ilz
489 2007 635 2039 pourront
649 2006 841 2032 bonnement.

269 2054 325 2088 (27)
340 2055 424 2084 Item,
442 2056 508 2080 tous
520 2056 548 2080 et
561 2056 657 2080 toutes
675 2054 783 2080 devons
798 2055 964 2088 aujourduy
982 2055 1042 2081 aler
1060 2063 1096 2081 en
1110 2055 1217 2088 l’eglise
1230 2063 1266 2080 au
1280 2055 1371 2088 partir
1386 2055 1420 2080 de
1436 2063 1468 2088 cy
1483 2055 1670 2080 devotement
1685 2054 1746 2080 dire
1762 2054 1832 2079 trois
1847 2054 1898 2079 fois
1913 2054 1940 2079 la
1955 2056 2054 2080 Pater-

180 2104 272 2129 nostre
286 2105 314 2129 et
332 2103 401 2129 trois
420 2103 473 2129 sois
488 2105 544 2129 Ave
558 2104 657 2133 Maria.
674 2103 733 2129 asin
749 2112 807 2137 que
823 2104 921 2130 Nosti-e
940 2104 1080 2137 Seigneur
1095 2102 1271 2133 Jews-erist,
1286 2111 1337 2137 par
1352 2104 1559 2129 l'intercession
1574 2104 1609 2129 de
1623 2104 1649 2128 la
1662 2104 1762 2136 Yierge
1775 2103 1860 2128 Marie
1875 2105 1903 2128 et
1916 2103 1951 2129 de
1966 2111 2054 2129 mon-

180 2152 257 2178 sieur
273 2152 353 2178 Saint
368 2152 485 2181 Nicolas.
503 2154 587 2178 notre
606 2152 737 2185 glorieux
752 2154 866 2186 patron,
884 2161 958 2179 nous
972 2153 1056 2178 doint
1071 2152 1154 2186 grace
1168 2154 1196 2179 et
1211 2153 1274 2178 aide
1289 2160 1346 2185 que
1365 2160 1438 2178 nous
1453 2153 1584 2185 puissons
1600 2152 1665 2177 bien
1679 2154 1707 2178 ct
1721 2152 1879 2177 deuement
1893 2159 2056 2184 gouverner

181 2202 210 2227 et
224 2201 362 2226 instruire
376 2201 415 2227 les
428 2202 529 2227 enfans
544 2201 596 2235 qui
612 2209 686 2227 nous
701 2203 767 2227 sont
779 2203 807 2227 et
822 2203 919 2227 seront
934 2201 1044 2227 bailliez
1060 2203 1087 2227 et
1103 2202 1234 2228 commis.
1248 2201 1282 2226 Et
1296 2200 1312 2226 ix
1327 2201 1395 2227 eulx
1410 2200 1493 2233 grace
1507 2202 1535 2226 et
1550 2199 1685 2226 voulente
1700 2201 1745 2233 d’y
1762 2199 1849 2233 obeyr
1861 2202 1889 2226 et
1904 2201 2054 2230 entendre,

182 2250 204 2275 si
221 2257 279 2283 que
294 2251 391 2276 nostre
410 2250 511 2276 labeur
531 2250 594 2276 leur
614 2251 708 2284 puisse
728 2251 880 2283 prouffiler
896 2252 925 2276 01
945 2251 1034 2276 valoir
1048 2249 1063 2276 a
1081 2251 1216 2276 l'onncur
1231 2250 1266 2276 de
1282 2250 1354 2276 Dieu
1370 2251 1398 2275 et
1412 2250 1447 2276 de
1462 2250 1489 2275 10
1504 2250 1605 2282 Vierge
1620 2250 1706 2275 Marie
1721 2251 1749 2275 et
1763 2250 1798 2275 de
1812 2249 1961 2275 monsieur
1976 2250 2056 2275 Saint

182 2298 290 2324 Nicolas
304 2300 332 2324 et
347 2306 384 2324 au
401 2299 498 2332 plaisir
513 2299 548 2325 de
566 2299 642 2325 leurs
657 2299 739 2328 amis,
756 2301 784 2325 01
799 2298 939 2325 1010111001
955 2307 1012 2332 (100
1025 2307 1056 2325 00
1071 2299 1125 2325 soit
1142 2306 1178 2324 en
1194 2299 1220 2324 Ia
1238 2299 1280 2324 sm
1295 2307 1333 2324 00
1349 2300 1518 2324 sauvement
1537 2298 1572 2324 de
1593 2306 1645 2324 1105
1662 2297 1740 2324 ames
1759 2300 1786 2324 et
1802 2298 1837 2324 de
1851 2299 1934 2324 ceulx
1953 2298 1988 2324 de
2004 2306 2056 2324 nos

182 2345 269 2373 freres
283 2349 312 2373 et
324 2355 402 2373 seurs
415 2349 578 2381 trespasscz.
595 2348 731 2381 Laquelle
745 2348 830 2374 chose
848 2356 922 2374 nous
937 2348 1035 2381 prions
1053 2348 1078 2373 le
1092 2346 1159 2374 Pere
1172 2349 1200 2373 et
1214 2348 1240 2373 le
1256 2347 1311 2372 Fils
1323 2349 1351 2373 et
1369 2347 1394 2373 le
1410 2347 1623 2379 Saint-Esperit.
1640 2347 1688 2380 qui
1702 2348 1740 2373 est
1757 2347 1909 2373 benedictus
1925 2347 1952 2372 in
1966 2348 2056 2373 secula

183 2396 343 2422 seculorum.
362 2398 456 2423 Amen.

277 2483 347 2507 Bibl.
360 2485 450 2507 Arsen.
468 2484 552 2507 Puris.
570 2492 620 2507 ms.
637 2484 691 2513 192,
709 2484 753 2507 sol.
766 2484 819 2508 [Ab.
833 2498 862 2501 —
879 2485 981 2507 Statum
996 2492 1041 2507 seu
1055 2485 1209 2507 ι1010100010
1223 2483 1248 2506 in
1262 2484 1354 2514 lingua
1370 2483 1451 2506 latinu
1468 2491 1549 2514 supra
1565 2484 1663 2506 1101237
1679 2492 1708 2506 ex
1721 2483 1812 2506 eodem
1827 2485 1888 2506 015ῑΟ
1903 2483 1972 2506 edita
1986 2487 2055 2507 suut.

185 2527 327 2550 Conversio
343 2528 369 2550 in
387 2528 507 2559 linguam
522 2529 647 2559 gallicam
663 2537 709 2552 nec
723 2529 803 2552 verba
820 2537 865 2551 nec
882 2529 1000 2552 ordinem
1013 2529 1224 2560 juramentorum
1241 2528 1265 2551 in
1280 2528 1371 2559 lingua
1384 2528 1466 2551 latina
1479 2527 1605 2559 sequitur,
1619 2531 1643 2550 et
1658 2528 1786 2559 quaedam
1803 2527 1911 2558 insuper
1926 2528 2054 2559 adjungit.

185 2571 280 2594 Textus
296 2572 367 2602 apud
389 2572 456 2603 Joly.
477 2573 586 2597 Statuts
602 2577 626 2597 et
644 2573 800 2603 reylemens
821 2575 866 2598 des
883 2574 983 2604 petites
1002 2573 1086 2597 e'coles
1109 2574 1142 2596 de
1161 2573 1346 2603 grammaire,
1363 2575 1421 2598 etc..
1438 2580 1465 2603 p.
1484 2572 1548 2597 7-13.
1569 2575 1594 2595 et
1614 2571 1739 2600 Felibim»,
1755 2572 1826 2596 Ηίει.
1843 2573 1875 2595 cle
1891 2572 1919 2595 la
1939 2572 2005 2596 ville
2026 2573 2057 2595 de

185 2615 279 2645 Paris,
295 2616 339 2644 111,
356 2617 400 2639 447
415 2625 465 2647 sq..
482 2617 518 2639 ita
533 2617 631 2647 partim
648 2617 823 2645 adulteratus,
841 2618 940 2648 purtim
959 2618 1130 2640 detruncatus
1147 2620 1194 2645 est,
1212 2620 1240 2639 ut
1254 2617 1375 2639 dubitare
1391 2616 1449 2647 quis
1465 2616 1559 2647 possit,
1579 2624 1611 2639 011
1627 2616 1686 2647 Joly
1702 2619 1820 2639 nostrum
1837 2616 1960 2643 codicem,
1980 2624 2056 2647 quem

185 2662 271 2682 tamen
286 2668 350 2691 prae
366 2660 487 2683 manibus
504 2661 629 2685 habuisse
644 2662 748 2690 asserit.
766 2662 945 2693 exscripserit,
958 2662 994 2685 ita
1009 2665 1036 2684 ut
1052 2661 1176 2685 lectiones
1193 2661 1325 2684 variantes
1342 2669 1371 2684 ex
1387 2669 1434 2683 suo
1450 2664 1519 2683 textu
1536 2661 1623 2683 ail'erri
1640 2669 1689 2683 non
1706 2661 1818 2692 possint.

279 2704 342 2728 Cum
359 2705 423 2727 haee
435 2705 585 2736 juramenta
598 2714 646 2737 pro
664 2715 674 2729 t(
691 2707 729 2730 les
748 2707 915 2730 maistresses
928 2717 940 2728 υ
956 2710 1059 2729 tantum
1078 2706 1104 2728 in
1121 2706 1239 2736 linguam
1255 2705 1379 2736 gallicam
1394 2706 1523 2728 translata
1539 2705 1599 2733 sint.
1623 2705 1655 2728 ad
1673 2705 1800 2730 Chartul.
1821 2705 1944 2729 L‘Jzivcrs.
1961 2704 2055 2728 Paris.

185 2748 292 2780 proprie
307 2757 357 2771 non
371 2749 512 2780 pertinent,
528 2750 638 2782 ideoque
651 2751 687 2774 eis
707 2751 829 2774 ultimum
843 2751 885 2774 hic
901 2752 986 2774 locum
1003 2750 1210 2782 assignavimus.
