2488 3386
198 377 293 414 1368]
611 390 656 411 AB
691 389 798 410 ANNO
833 388 964 410 mcch
998 388 1128 416 USQUE
1165 388 1211 409 AD
1248 388 1510 409 BENEnicTUM
1545 388 1634 408 xiii.
1992 377 2053 409 179

195 463 411 504 Novembre,
435 463 502 496 l'an
524 463 568 495 de
594 474 700 508 grace
724 462 785 494 mil
807 463 896 495 trois
919 473 1006 494 cens
1027 462 1189 494 soixante
1211 468 1243 493 et
1270 461 1358 501 huit7
1382 468 1414 493 et
1437 461 1481 493 de
1508 468 1630 493 nostre
1653 473 1764 505 regne
1787 461 1818 492 lo
1843 461 2051 504 quintieinc.

194 532 273 564 Par
294 531 324 563 Ie
350 542 428 575 roy,

1700 573 1788 604 Yvo.

288 672 423 702 originale
440 673 465 695 in
480 673 555 696 Arch.
573 673 693 696 Univers.
710 672 804 700 Paris,
821 672 897 694 theca
914 672 944 697 11,
961 673 988 694 Α.
1009 673 1030 694 5.
1047 679 1066 693 r.
1090 684 1110 687 ἢ
1128 670 1241 694 Βεοαεὶἰ
1255 671 1301 694 des
1314 669 1409 699 privil.
1425 671 1458 693 de
1475 669 1649 693 l'Universite·
1662 671 1694 692 de
1716 669 1808 695 Paris,
1826 677 1851 699 p.
1867 670 1908 694 θὶς
1931 669 2053 692 (Ji-donn.

194 718 240 741 des
263 718 320 741 rois
343 718 376 740 de
398 718 513 746 France,
538 718 566 741 V.
588 718 647 743 686;
669 717 696 740 P.
716 716 842 742 Delalnin.
869 710 959 739 Ecude
979 722 1031 739 sur
1053 715 1077 738 le
1100 714 1226 738 Lim-aire
1243 714 1371 737 Purisien
1387 715 1425 737 clu
1441 713 1526 737 ΧΙΙΙ(Ι
1542 721 1580 737 au
1598 713 1662 736 XV*
1677 713 1765 738 siecle,
1787 722 1810 743 p.
1828 714 1866 736 43.
1883 713 1924 734 uhi
1945 713 1968 735 in
1988 713 2054 735 notis

194 761 311 784 invenies
327 761 541 784 commentarium
558 761 724 784 sufficientem
730 779 735 784 .

289 845 311 867 1.
327 846 345 868 l.
362 853 383 868 e.
400 845 431 868 de
444 845 581 868 Beauvais.
595 846 658 868 -2,
674 845 701 868 In
715 845 875 876 impressis«
891 844 976 875 Dcnys
992 844 1087 866 Bennrt
1100 853 1121 866 u.
1134 858 1161 861 ›<-
1175 845 1196 866 3.
1212 844 1283 866 Idem
1301 846 1341 865 cst
1354 845 1431 873 atque
1445 842 1593 873 Stephanus
1610 842 1694 864 dictus
1714 842 1839 872 Angevin.
1858 842 1902 872 qui
1919 842 1967 864 fnit
1983 842 2056 863 insn-

195 897 242 921 per
260 889 396 913 librarius.
420 890 476 912 Vid.
500 890 605 918 Delislc,
632 891 692 914 Cab.
717 891 762 913 des
776 896 851 914 mss..
868 890 886 917 Ι,
903 891 941 916 99,
959 897 1016 920 sqq.
1033 903 1062 905 —
1078 890 1099 911 [4.
1123 889 1171 911 Seu
1192 888 1328 915 winibert,
1350 891 1378 910 ut
1398 887 1422 910 in
1444 887 1590 918 impressis,
1608 890 1632 909 et
1654 894 1735 917 supra
1751 892 1779 908 ιν)
1800 887 1867 914 1335,
1886 889 1938 908 not.
1959 886 2031 915 Orig.
2051 895 2054 908 z

197 943 207 956 (ι
225 934 290 957 Phot
307 942 316 955 υ
331 942 388 956 cum
403 934 470 957 linea
487 934 662 965 superposita,
680 948 709 951 -—
726 936 747 956 5.
765 934 792 956 ln
806 933 967 964 impressis«
985 941 1046 964 pere
1064 943 1084 955 η,

201 1082 500 1119 1347.U1·l›anus
522 1092 594 1118 Vad
609 1091 757 1124 officialem
773 1092 878 1124 Paris,
898 1095 927 1117 n!
950 1092 1077 1126 inquirat
1093 1091 1234 1126 quidquid
1248 1094 1364 1126 pactum
1380 1090 1469 1124 fuerit
1489 1090 1703 1115 Universitatem
1724 1090 1817 1114 Pau-is.
1836 1090 1909 1114 inter
1925 1093 1950 1113 e!
1967 1088 2058 1114 abba-

287 1144 339 1166 tem
357 1143 382 1165 ὁὶ
405 1141 543 1166 Germani.

1371 1175 1447 1204 1368,
1463 1174 1607 1200 Novembris
1621 1175 1659 1202 16,
1676 1174 1775 1199 Romae.

287 1259 426 1292 Dilecto
454 1260 528 1292 filio
554 1287 573 1292 ..
598 1260 740 1293 officiali
769 1261 962 1293 Parisiens.
995 1260 1160 1299 salutem,
1187 1265 1250 1292 elc.
1278 1259 1391 1291 Justis
1425 1258 1619 1303 petentium
1646 1258 1853 1298 desideriis,
1880 1263 1942 1291 etc.
1970 1258 2060 1290 Sane

198 1326 323 1371 petitio
354 1338 418 1371 pro
448 1333 546 1371 parte
575 1327 789 1359 dilectorum
813 1327 970 1358 filiorum
995 1326 1136 1358 Ricardi
1162 1325 1301 1358 abbatis
1324 1332 1358 1358 et
1378 1331 1579 1357 conventus
1602 1325 1809 1357 monasterii
1833 1326 1866 1357 S.
1891 1325 2061 1357 Germani

198 1392 241 1425 de
259 1393 373 1425 Prafis
389 1394 489 1437 juxta
511 1394 671 1425 Par-isius
693 1394 780 1426 Ord.
800 1394 835 1425 S.
855 1395 942 1425 Ben.
962 1405 1001 1425 ac
1025 1393 1188 1432 rectoris,
1209 1392 1463 1436 magistrorum
1483 1398 1516 1423 ct
1533 1391 1725 1424 scolarium
1748 1403 1786 1423 ac
1809 1391 2063 1424 Universitatis

198 1459 307 1491 studii
335 1459 551 1492 Parisiensis
580 1460 705 1504 petitio
734 1459 942 1492 continebat
962 1459 1059 1504 quod
1086 1459 1127 1491 ad
1159 1458 1322 1491 abbatem
1353 1465 1387 1490 et
1414 1464 1630 1490 conventum
1663 1458 1884 1502 presentatio
1908 1470 2062 1502 persone

197 1525 337 1570 ydonee
359 1526 402 1558 ad
424 1526 684 1570 parrochialem
712 1526 901 1559 ecclesiam
925 1527 959 1559 S.
983 1526 1154 1559 Germani
1184 1525 1318 1558 veteris
1345 1524 1575 1564 parisiensis,
1605 1530 1639 1556 et
1665 1524 1708 1556 ad
1738 1531 1928 1563 ret-loreum
1952 1525 2063 1568 magi-

197 1598 305 1633 stros,
340 1592 500 1625 scolares
531 1599 565 1625 et
598 1593 877 1626 Universitatem
909 1592 1093 1637 predictos
1126 1591 1271 1624 collatio
1302 1591 1439 1636 capelle
1474 1592 1507 1623 S.
1541 1591 1684 1623 Martini
1715 1591 1758 1622 dc
1787 1591 1918 1623 Ordeis
1953 1603 2063 1635 propi¹

198 1670 321 1691 muros
341 1659 426 1691 dicti
448 1659 658 1692 monasterii
679 1659 929 1700 consistentis,
952 1659 1035 1691 dum
1058 1665 1170 1699 vacat,
1189 1659 1233 1690 de
1250 1658 1395 1702 antiqua
1413 1664 1445 1690 et
1463 1657 1657 1702 approbata
1675 1664 1709 1689 ct
1725 1657 1899 1690 hactenus
1918 1658 2064 1701 pacifice

197 1724 385 1758 observata
406 1726 672 1758 consuetudine
694 1726 877 1770 pertinere
898 1732 1112 1766 noscuntur,
1135 1725 1306 1770 quodque
1328 1724 1372 1757 de
1394 1724 1623 1756 demolienda
1646 1724 1738 1756 dicta
1760 1724 1895 1768 capella
1918 1732 1950 1756 et
1973 1724 2063 1756 acci-

198 1791 332 1835 piendo
366 1791 437 1824 duo
468 1799 615 1836 arpenta
646 1794 809 1837 (quornm
840 1792 1031 1837 quodlibet
1060 1799 1202 1824 centum
1230 1792 1352 1836 virgas
1382 1791 1554 1833 continet)
1584 1797 1619 1823 et
1652 1791 1757 1823 etiam
1789 1791 1912 1823 decem
1942 1791 2063 1835 virgas

198 1858 291 1890 Prati
318 1858 535 1890 clericorum
557 1859 658 1902 juxta
679 1859 813 1891 dictum
836 1859 1095 1892 monasterium
1124 1858 1360 1891 consistentis
1382 1864 1416 1890 et
1443 1857 1487 1890 ad
1517 1857 1618 1901 ipsos
1641 1863 1830 1897 rectorem⁷
1855 1858 2061 1901 magistros

197 1924 357 1957 scolares
377 1931 412 1957 et
433 1925 712 1958 Universitatem
736 1927 837 1969 justo
860 1926 963 1958 titulo
986 1925 1215 1970 pertinentis,
1239 1936 1389 1969 quarum
1411 1924 1557 1968 quidem
1580 1924 1762 1968 virgarum
1789 1924 1878 1968 prati
1900 1924 2061 1968 quelibet

196 1991 325 2035 viginti
347 1992 459 2035 pedes
481 1991 674 2032 contineat,
698 2004 762 2036 pro
783 1993 929 2025 fossatis
950 1993 1044 2025 circa
1071 1992 1203 2024 dictum
1226 1991 1484 2023 monasterium
1511 2002 1573 2035 pro
1595 1991 1674 2034 ejus
1697 1990 1910 2022 desencionc
1932 2003 1970 2022 ac
1994 1991 2060 2022 tui-

196 2057 294 2090 tione
323 2057 478 2090 civitatis
514 2058 731 2090 Parisiensis
765 2065 889 2091 contra
919 2059 1087 2091 inimicos
1115 2058 1219 2103 regni
1249 2058 1410 2098 Francie,
1442 2069 1483 2090 ex
1514 2057 1743 2089 ordinatione
1773 2064 1889 2089 tamen
1915 2058 2058 2089 consilii

195 2123 373 2156 carissimi
405 2123 441 2155 in
471 2123 617 2156 Christo
648 2124 711 2156 filii
742 2125 855 2157 nostri
887 2125 1007 2158 Caroli
1039 2125 1137 2169 regis
1168 2126 1384 2156 Francorum
1416 2123 1584 2164 illustris7
1614 2130 1783 2156 tractatus
1814 2130 1870 2156 est
1896 2123 2056 2163 habitus3

195 2190 365 2234 quodque
387 2190 494 2222 iidem
517 2190 628 2223 abbas
658 2197 691 2223 et
720 2198 921 2224 conventus
949 2204 987 2224 ac
1015 2198 1146 2231 rector,
1168 2191 1344 2236 magistri,
1368 2190 1527 2223 scolares
1554 2197 1588 2222 et
1617 2190 1840 2223 Universitas
1870 2203 1934 2234 pro
1962 2190 2057 2223 bono

194 2257 293 2301 pacis
314 2263 349 2289 et
368 2257 563 2289 concordie
584 2258 666 2301 jura
688 2270 757 2302 que
778 2258 912 2290 habent
932 2259 968 2290 in
989 2258 1143 2291 ecclesia
1164 2264 1199 2290 et
1219 2257 1355 2302 capella
1376 2257 1549 2301 predictis
1571 2257 1777 2289 desiderant
1801 2258 1953 2290 invicem
1979 2270 2057 2302 per-

194 2329 344 2363 mutare,
367 2335 406 2355 ac
427 2322 538 2356 abbas
564 2330 598 2356 et
618 2331 820 2357 conventus
848 2325 1001 2370 predicti
1024 2337 1087 2370 pro
1110 2324 1345 2357 demolitione
1367 2324 1436 2356 loci
1466 2324 1559 2356 dicte
1587 2323 1724 2368 capelle
1752 2336 1790 2356 ac
1813 2324 2000 2356 domorum
2025 2332 2055 2356 ct

189 2395 369 2430 ortorum,
394 2390 621 2432 jardinorum
653 2398 956 2436 nuncupatorum,
992 2404 1031 2424 ac
1065 2391 1361 2436 pertinentiarum
1391 2390 1597 2422 earumdem
1632 2391 1762 2422 rectori
1795 2391 1889 2423 dicte
1920 2391 2055 2435 capelle

191 2467 259 2500 pro
279 2462 441 2500 tempore
463 2457 632 2489 existenti
659 2464 740 2490 octo
768 2458 880 2491 libras
907 2459 1133 2491 amortizatas
1153 2458 1262 2490 annui
1290 2464 1325 2490 et
1356 2457 1521 2502 perpetui
1550 2457 1715 2489 redditus
1737 2469 1844 2502 supra
1867 2458 2053 2502 quamdam

190 2522 338 2554 domum
374 2522 409 2554 in
438 2523 580 2556 civitate
612 2524 807 2557 parisiens.
836 2526 936 2569 juxta
964 2525 1081 2558 locum
1109 2526 1256 2557 fratrum
1289 2524 1376 2557 Ord.
1402 2524 1574 2557 Heremit.
1607 2524 1641 2556 S.
1669 2525 1762 2568 Aug.
1795 2525 2052 2557 consistentem

192 2590 312 2633 (supra
334 2600 437 2633 quam
466 2589 589 2622 decem
616 2590 727 2624 libras
755 2604 892 2624 annuas
919 2592 1013 2624 dicte
1041 2598 1185 2624 monete
1212 2591 1441 2636 percipiunt),
1463 2603 1502 2623 ac
1531 2591 1678 2635 prefatis
1704 2591 1847 2631 rectori7
1871 2591 2054 2635 magistris

187 2661 226 2687 et
250 2654 453 2688 scolaribus
482 2668 545 2700 pro
567 2657 673 2690 dictis
694 2657 838 2690 duobus
861 2659 1022 2703 arpentis
1049 2665 1084 2691 et
1111 2658 1235 2691 decem
1264 2658 1379 2702 virgis
1410 2658 1500 2702 prati
1528 2657 1599 2689 duo
1630 2664 1665 2689 et
1691 2657 1879 2689 dimidium
1908 2664 2053 2701 arpenta

189 2728 288 2753 terre
305 2721 482 2754 dictorum
500 2722 639 2756 abbatis
659 2731 694 2756 et
714 2732 915 2758 conventus
931 2726 1032 2769 juxta
1054 2726 1229 2770 prefatum
1251 2731 1389 2769 pratum
1411 2724 1648 2756 consistentia
1668 2723 1917 2768 assignabunt.
1937 2727 2054 2765 Quare

193 2799 257 2832 pro
280 2795 379 2832 parte
400 2789 576 2821 dictorum
599 2790 738 2824 abbatis
760 2798 795 2824 et
815 2799 1015 2825 conventus
1044 2804 1082 2825 ac
1111 2792 1277 2830 rectoris,
1299 2792 1570 2836 magistrorum,
1593 2790 1785 2822 scolarium
1814 2797 1846 2822 et
1872 2790 2055 2822 Universi-

190 2853 275 2886 tatis
305 2846 412 2887 nobis
439 2855 506 2887 fuit
535 2855 720 2889 humiliter
747 2858 988 2902 supplicatum
1015 2865 1055 2891 ut
1087 2859 1139 2891 eis
1168 2858 1324 2890 faciendi
1357 2858 1535 2901 premissa
1566 2857 1746 2888 licentiam
1778 2856 1978 2888 concedere
2010 2856 2053 2887 do

193 2919 417 2965 benignitate
445 2922 642 2966 apostolica
672 2923 917 2969 dignaremur.
950 2926 1022 2957 Nos
1055 2925 1175 2969 itaque
1210 2925 1294 2956 .....'
1326 2923 1504 2956 Volumus
1537 2929 1652 2955 autem
1684 2923 1781 2966 quod
1811 2922 1905 2954 idem
1935 2929 2053 2954 rector
