2488 3386
419 331 484 363 334
992 339 1308 362 CHARTULAmUM
1343 338 1533 360 UNIVERS.
1570 338 1699 360 PARts.
2184 327 2284 365 [1384

420 414 557 447 electus
578 414 644 446 fuit
664 413 770 445 modo
794 413 954 457 predicto
977 413 1149 457 magister
1170 412 1373 456 Stephanus
1391 411 1434 443 de
1456 411 1705 452 Calvomonte,
1724 411 2017 457 archipresbyter
2038 413 2157 446 Sancti
2178 414 2283 448 Seve-

420 480 487 512 rini
510 492 573 525 per
596 479 809 513 scrutinium
837 479 946 512 totius
973 478 1152 511 facultatis
1179 479 1310 511 factum
1336 489 1400 522 per
1425 483 1578 521 quatuor
1599 477 1806 522 magistros,
1830 478 1923 511 duos
1946 479 2172 524 antiquiores
2199 480 2283 514 reli-

419 547 545 591 giosos
567 553 601 579 et
629 546 721 578 duos
747 545 931 578 seculares
951 545 1188 589 antiquiores⁷
1212 545 1272 589 qui
1295 551 1378 577 tunc
1400 550 1501 576 erant
1528 543 1564 575 in
1590 545 1896 589 congregacione,
1919 545 2060 578 scilicet
2085 558 2149 591 per
2170 547 2283 592 magi-

419 620 532 646 strum
561 612 760 646 Gerardum
793 612 1008 656 predictum,
1034 612 1245 656 magistrum
1272 610 1480 650 Jacobum³7
1510 610 1764 654 inquisitorem
1793 611 1943 644 Ordinis
1974 612 2280 654 Predicatorum‘‚

419 679 629 725 magistrum
665 678 882 723 Stephanum
918 678 1096 715 Galdeti⁵,
1127 677 1338 710 canonicum
1374 676 1616 717 Insulensem7
1647 683 1682 709 et
1711 689 1804 722 mag.
1835 677 2087 719 Richardum‘,
2116 679 2280 712 abbatem

419 746 538 779 Sancti
570 745 737 790 Maglorii
769 745 881 777 Paris.
914 744 1000 777 Ord.
1034 744 1147 776 sancti
1184 743 1382 775 Benedicti.
1421 744 1507 775 Item
1541 742 1755 776 deliberavit
1788 744 1881 777 dicta
1915 745 2065 779 facultas
2095 746 2189 779 dicta
2223 746 2282 779 die

417 812 568 856 septima
589 811 726 844 mensis
747 810 961 843 Novembris
983 809 1080 854 quod
1101 809 1255 854 quilibet
1275 808 1468 853 eligendus
1489 809 1596 841 modo
1619 809 1796 854 predicto,
1820 810 2016 845 dummodo
2038 812 2164 845 eodem
2187 824 2281 845 anno

417 878 504 911 alias
525 878 663 910 electus
684 889 755 910 non
782 877 903 912 fuerit,
930 882 1094 908 teneatur
1122 875 1255 908 dictum
1286 875 1440 907 officium
1468 882 1656 920 acceptare
1684 882 1716 909 et
1745 888 1915 911 exercere
1943 877 2012 911 sub
2040 890 2131 923 pena
2151 879 2282 924 viginti

416 945 616 977 solidorum
638 944 830 988 parisiens.
854 942 1149 987 applicandorum
1171 941 1275 974 alteri
1296 941 1376 974 loco
1399 942 1478 986 ejus
1505 941 1753 987 subrogando.
1784 944 1872 977 Item
1901 945 1998 989 quod
2026 945 2144 978 dictus
2164 946 2282 979 vices-

414 1023 548 1056 gerens
569 1011 605 1042 in
626 1009 794 1042 absencia
815 1009 941 1041 decani
963 1015 1128 1041 teneatur
1149 1020 1213 1053 per
1228 1009 1473 1052 juramentum
1496 1009 1615 1041 omnia
1636 1009 1696 1041 illa
1713 1009 1871 1044 fideliter
1886 1011 2017 1049 facere,
2035 1023 2105 1056 que
2122 1011 2281 1046 decanus

413 1078 546 1110 faceret
568 1077 598 1109 si
619 1087 771 1120 presens
789 1082 898 1115 esset,
918 1075 1058 1107 scilicet
1078 1086 1213 1119 ponere
1237 1075 1273 1106 in
1296 1074 1572 1116 deliberatione,
1590 1076 1708 1108 facere
1728 1076 1976 1109 inductionem
2000 1089 2066 1122 per
2085 1079 2281 1123 magistros

414 1151 449 1176 et.
469 1143 767 1176 deliberationem
789 1141 1005 1186 recolligere
1026 1153 1064 1173 ac
1094 1142 1228 1173 referre
1255 1141 1334 1173 sine
1363 1141 1566 1186 prejudicio
1587 1143 1852 1187 cujuscunque.
1880 1144 1968 1176 Item
1991 1144 2088 1188 quod
2116 1151 2282 1178 teneatur

414 1211 516 1243 etiam
539 1210 575 1241 in
596 1208 756 1253 qualibet
772 1208 1063 1252 congregacione
1085 1208 1341 1240 Universitatis
1363 1214 1395 1240 et
1418 1207 1598 1241 facultatis
1614 1208 1672 1241 vel
1693 1208 1801 1241 alium
1824 1221 1889 1254 pro
1912 1221 1951 1242 se
1973 1210 2115 1243 mittere
2136 1211 2279 1256 quando

412 1284 510 1311 esset
529 1276 689 1321 legitime
710 1275 919 1319 impeditus.
943 1275 1031 1306 Item
1054 1274 1345 1319 quandocunque
1367 1274 1434 1307 erit
1460 1274 1703 1319 personaliter
1722 1275 1759 1308 in
1781 1277 2068 1322 congregatione
2091 1278 2280 1312 Universi-

412 1345 505 1383 tatis,
529 1342 676 1375 habebit
703 1354 813 1374 unum
835 1353 1004 1386 grossum
1026 1341 1211 1385 antiquum
1235 1341 1279 1373 de
1301 1341 1453 1385 pecunia
1474 1342 1668 1383 facultatis,
1696 1349 1731 1375 et
1757 1343 1902 1387 quando
1931 1355 2004 1376 non
2025 1344 2192 1378 intererit
2213 1357 2279 1378 nec

412 1412 528 1444 mittet
548 1421 612 1454 pro
635 1420 673 1441 se
694 1408 816 1448 alium7
839 1407 1021 1440 tenebitur
1043 1419 1107 1452 per
1122 1408 1367 1452 juramentum
1391 1408 1613 1441 tantumdem
1642 1409 1837 1442 refundere
1864 1410 2035 1443 facultati.
2066 1411 2155 1444 Item
2180 1417 2280 1444 tene-

412 1478 508 1510 bitur
530 1475 725 1509 deliherata
747 1474 1002 1507 Universitatis
1033 1480 1068 1506 et
1095 1474 1274 1507 facultatis
1302 1474 1500 1519 diligenter
1520 1475 1650 1520 exequi
1679 1487 1744 1520 pro
1773 1487 1895 1520 posse.
1925 1478 1968 1510 Et
1992 1483 2031 1510 ut
2058 1477 2127 1510 hoc
2148 1477 2279 1511 melius

411 1545 528 1577 facere
545 1542 672 1582 valeat⁷
693 1541 826 1586 poterit
852 1552 962 1585 super
983 1540 1193 1573 deliberatis
1221 1547 1281 1573 aut
1308 1553 1419 1586 super
1444 1541 1700 1586 dependentiis
1721 1542 1778 1575 vel
1805 1543 1956 1576 annexis
1984 1543 2121 1576 eisdem
2149 1556 2278 1578 vocare

413 1610 607 1655 magistros
635 1608 678 1640 ad
710 1607 1030 1652 congregationem
1060 1607 1251 1648 facultatis,
1279 1607 1316 1640 in
1344 1619 1428 1640 casu
1457 1608 1554 1652 quod
1583 1608 1742 1641 decanus
1772 1621 1837 1654 per
1863 1622 1943 1642 eum
1975 1610 2174 1655 requisitus
2201 1623 2277 1644 eam

411 1678 528 1709 facere
557 1674 745 1707 nolue1·it⁷.
770 1675 856 1706 Item
885 1680 1048 1706 teneatur
1074 1685 1139 1706 suo
1169 1674 1375 1707 successori
1404 1674 1489 1707 dare
1519 1675 1554 1707 in
1583 1675 1711 1708 cedula
1738 1675 1936 1709 deliberata
1962 1677 2218 1711 Universitatis
2244 1684 2279 1711 et

411 1742 588 1776 facultatis
605 1748 640 1773 et
660 1753 698 1773 ea
721 1752 790 1785 que
811 1747 917 1772 erunt
937 1740 1159 1784 exequenda,
1180 1741 1330 1773 maxime
1352 1741 1388 1773 in
1409 1741 1512 1774 factis
1533 1742 1669 1774 arduis.
1689 1743 1776 1775 Item
1796 1743 2087 1788 quandocunque
2107 1744 2238 1789 aliquis
2259 1757 2278 1777 a

413 1809 537 1854 majori
559 1814 657 1853 parte
677 1806 855 1839 facultatis
877 1806 1014 1839 electus
1035 1807 1141 1839 suerit
1162 1807 1205 1839 ad
1227 1807 1520 1852 proponcndum,
1539 1815 1703 1841 teneatur
1724 1821 1930 1854 proponere
1951 1809 2018 1842 sub
2040 1822 2132 1855 pena
2147 1811 2278 1856 viginti

411 1876 611 1909 solidorum
641 1874 832 1919 parisiens.
855 1873 1151 1917 applicandorum
1174 1874 1270 1906 dicto
1292 1874 1503 1907 subdecano
1524 1874 1617 1908 ultra
1645 1875 1733 1908 alias
1764 1887 1875 1920 penas
1903 1883 2098 1910 consuetas
2126 1877 2163 1910 in
2189 1878 2278 1911 Uni-

410 1942 592 1982 versitate,
617 1940 688 1973 nisi
715 1940 766 1972 sic
795 1939 1001 1972 immediate
1028 1939 1166 1972 electus
1196 1947 1277 1973 ante
1305 1941 1552 1986 proposuerit,
1583 1941 1641 1974 vel
1674 1942 1745 1975 nisi
1776 1943 2046 1976 excusationem
2078 1943 2275 1989 legitimam

410 2008 590 2048 habuerit,
608 2007 652 2039 de
673 2018 742 2051 qua
757 2007 1001 2051 juramentum
1025 2013 1187 2050 prestare
1209 2014 1387 2048 teneatur,
1406 2014 1440 2040 et
1461 2020 1572 2052 super
1588 2020 1657 2053 qua
1677 2008 1829 2042 facultas
1850 2008 1979 2042 habeat
1993 2010 2174 2054 judicare,
2192 2010 2277 2044 alio-

410 2075 496 2120 quin
517 2075 564 2107 sit
584 2074 756 2118 privatus,
783 2072 853 2105 nisi
880 2073 1056 2117 premissa
1082 2073 1300 2117 impleverit,
1330 2078 1386 2115 [et]
1412 2087 1430 2107 a
1456 2074 1605 2116 lectura,
1634 2075 1851 2120 privilegiis,
1879 2075 2109 2110 libertatibus
2134 2084 2169 2110 et
2195 2077 2277 2111 aliis

408 2140 609 2174 honoribus
626 2146 659 2172 et
676 2139 931 2172 emolumentis
947 2139 1126 2172 facultatis
1143 2152 1206 2184 per
1224 2147 1297 2173 tres
1315 2153 1460 2174 menses
1478 2142 1737 2186 suspendatur,
1756 2149 1816 2175 aut
1832 2143 1959 2187 majori
1982 2155 2074 2188 pena
2090 2144 2274 2188 puniatur,

409 2214 515 2253 prout
535 2207 652 2239 eidem
669 2205 826 2238 facultati
848 2205 1047 2238 secundum
1066 2217 1171 2239 casus
1189 2207 1406 2251 exigentiam
1423 2208 1608 2241 videbitur
1625 2208 1810 2254 expedire.
1833 2209 1989 2242 Habeat⁸
2006 2217 2124 2243 autem
2147 2222 2275 2256 propo-

409 2286 500 2306 nens
526 2272 715 2305 dimidium
743 2271 938 2304 sextarium
966 2271 1053 2304 boni
1078 2273 1152 2305 vini
1181 2273 1315 2306 valoris
1342 2274 1450 2306 trium
1480 2281 1540 2307 aut
1570 2282 1724 2320 quatuor
1744 2287 1972 2320 grossorum.
2003 2277 2090 2309 Item
2122 2277 2159 2309 in
2188 2289 2274 2310 casu

410 2340 507 2385 quod
527 2351 599 2371 non
620 2345 717 2371 esset
745 2350 815 2388 perr
834 2338 1037 2370 facultatem
1069 2339 1254 2383 provisum
1286 2340 1330 2373 de
1361 2348 1589 2385 proponente
1615 2348 1763 2386 propter
1784 2342 1996 2375 brevitatem
2019 2343 2194 2388 temporis
2215 2350 2276 2377 aut

410 2407 510 2439 aliam
533 2417 675 2438 causam
698 2411 900 2449 urgentem,
927 2411 1010 2437 tunc
1031 2405 1068 2437 in
1090 2405 1244 2438 deffectu
1274 2408 1514 2451 proponentis
1537 2408 1720 2441 tenebitur
1741 2409 1860 2442 dictus
1886 2409 2042 2442 vicarius
2067 2421 2273 2454 proponere

410 2472 477 2506 sub
508 2483 598 2516 pena
627 2471 750 2503 decem
779 2470 977 2503 solidorum
1009 2472 1200 2515 parisiens.
1228 2485 1292 2517 per
1313 2473 1431 2518 ipsum
1460 2475 1771 2507 refundendorum
1798 2475 1970 2516 facultati,
1995 2482 2029 2508 et
2051 2476 2271 2509 tantumdem

409 2538 554 2571 habebit
575 2550 593 2570 a
613 2536 778 2569 facultate
800 2537 959 2581 predicta
981 2537 1016 2569 in
1038 2549 1136 2578 casu,
1161 2551 1231 2582 quo
1255 2551 1326 2571 non
1347 2539 1498 2573 haberet
1518 2541 1635 2574 dictos
1652 2542 1782 2586 viginti
1804 2541 1944 2575 solidos
1966 2542 2010 2574 de
2032 2554 2124 2587 pena
2146 2555 2273 2588 supra-

409 2606 514 2645 dicta7
537 2603 676 2636 scilicet
696 2602 839 2647 quando
860 2603 1035 2636 deffectus
1056 2603 1206 2637 alterius
1228 2607 1466 2650 proponentis
1487 2614 1586 2640 esset
1605 2607 1768 2653 legitime
1785 2614 1991 2641 excusatus.
2014 2610 2103 2642 Item
2121 2608 2271 2654 quilibet

409 2672 600 2716 deputatus
621 2669 665 2701 ad
685 2668 783 2701 aliud
804 2680 908 2713 quam
930 2669 973 2701 ad
995 2670 1285 2714 proponendum,
1312 2672 1456 2716 quando
1478 2673 1644 2706 intererit
1670 2674 1707 2706 in
1727 2675 1830 2708 factis
1855 2675 2125 2717 Universitatis‚
2145 2675 2274 2709 habeat

409 2737 567 2770 medium
588 2746 771 2780 grossum,
793 2741 828 2767 et
847 2735 1068 2767 tantumdem
1090 2736 1206 2769 solvat
1225 2738 1516 2784 quandocunque
1538 2740 1724 2773 defecerit.
1749 2742 1836 2773 Item
1859 2741 2067 2786 quicunque
2089 2741 2273 2775 tenebitur

407 2804 450 2837 ad
471 2814 582 2848 penas
604 2801 830 2846 pecuniarias
851 2801 1044 2845 predictas,
1063 2814 1134 2834 non
1154 2803 1360 2836 admittatur
1376 2805 1419 2837 ad
1440 2805 1600 2839 honores
1622 2814 1657 2840 et
1677 2807 1921 2840 emolumenta
1941 2807 2120 2841 facultatis
2142 2820 2272 2853 usque-

408 2882 478 2915 quo
500 2868 660 2901 solverit.
684 2868 727 2899 Et
747 2866 1005 2900 nichilominus
1026 2875 1176 2912 cogatur
1198 2881 1262 2914 per
1283 2877 1473 2912 rectorem,
1496 2873 1526 2905 si
1547 2873 1706 2906 facultati
1732 2873 1920 2918 placuerit.
