2488 3386
186 332 281 368 1394]
953 346 999 368 DE
1036 346 1275 368 sciusMATE.
1982 337 2045 369 609

184 418 441 456 Universitate,
473 418 517 451 de
546 418 615 452 viis
645 418 779 463 apertis
812 425 845 451 et
880 419 984 452 ctiam
1017 419 1061 452 de
1091 419 1292 464 aperitione
1325 426 1360 452 et
1394 420 1511 452 modis
1541 420 1727 464 aperiendi
1758 420 1875 452 dictos
1903 419 2045 460 modos,

184 485 329 526 motiva,
352 485 561 530 preambula
589 492 625 518 et
650 485 726 518 vias
754 497 873 518 eoram
896 485 1002 518 dictis
1024 486 1204 530 deputatis
1231 485 1343 530 regiis
1365 492 1399 518 et
1425 486 1461 518 in
1487 487 1729 519 Universitate
1758 486 1987 519 concorditer
2009 493 2047 519 ut

183 551 284 596 prius
306 551 554 584 advoaverunt
575 557 609 583 et
628 551 869 584 advoaverant
890 558 924 584 et
945 563 1009 596 per
1028 563 1182 596 presens
1212 551 1396 595 publicum
1428 551 1707 584 instrumentum
1736 552 1890 586 advoant
1918 559 1952 585 et
1981 564 2045 597 pro

184 618 345 651 advoatis
366 617 511 658 habent,
535 617 675 650 scilicet
695 617 811 650 dictos
833 617 1001 650 dominos
1023 624 1199 650 rectorem
1223 624 1258 650 et
1277 618 1468 662 deputatos
1490 625 1522 650 et
1545 630 1666 650 eorum
1690 618 1902 662 quemlibet,
1922 618 2047 651 volue-

182 690 339 728 runtque
361 690 395 716 et
416 683 711 716 deliberaverunt
731 683 767 716 in
789 683 959 716 omnibus
980 684 1151 728 pretactis
1173 684 1273 729 ipsos
1293 684 1388 717 velle
1416 685 1611 724 sustinere,
1637 691 1829 729 protegere
1853 692 1887 717 et
1912 685 2047 717 deffen-

183 750 270 782 dere
291 756 414 783 contra
435 756 471 782 et
490 749 666 782 adversus
688 762 816 782 omnes
840 757 875 783 et
894 762 1014 783 coram
1039 750 1208 795 singulis,
1233 750 1310 783 suis
1332 751 1491 795 propriis
1511 750 1718 795 sumptibus
1740 757 1773 783 et
1795 751 1977 795 expensis.

272 815 500 849 Deliberacio
528 828 614 849 vero
647 817 908 861 premissorum
940 817 1099 849 omnium
1131 817 1272 850 reddita
1299 817 1365 849 fuit
1397 829 1460 862 per
1490 817 1624 850 dictum
1653 817 1837 849 dominum
1870 824 2045 849 rectorem

183 894 283 916 more
305 882 414 915 solito
440 894 504 927 pro
524 882 691 915 facultate
712 883 848 916 artium
875 883 939 924 sic,
968 883 1108 916 scilicet
1136 884 1232 928 quod
1261 884 1354 916 dicta
1380 883 1530 916 facultas
1559 884 1788 916 concorditer
1810 883 1909 916 nullo
1935 883 2048 916 recla-

184 955 302 982 mante
323 948 551 990 deliberavit,
579 949 676 994 quod
703 950 848 982 attentis
877 956 911 982 et
940 950 1083 983 motivis
1113 950 1245 983 auditis
1274 957 1358 983 tunc
1387 957 1422 982 et
1446 950 1547 991 alias,
1570 957 1791 995 pensataque
1814 950 2047 983 diuturnitate

184 1015 364 1049 scismatis
391 1022 425 1048 et
445 1016 562 1060 ipsius
583 1016 658 1049 visa
682 1016 843 1057 materia,
866 1016 1028 1061 predicte
1049 1023 1123 1049 tres
1146 1017 1203 1049 vie
1229 1029 1308 1049 cum
1331 1016 1553 1061 preambulis
1578 1016 1768 1061 premissis
1790 1023 1914 1049 essent
1938 1016 2046 1057 hone,

180 1083 292 1127 juste,
317 1089 453 1124 sancte,
476 1082 725 1123 rationabiles,
748 1082 928 1115 factibiles
955 1089 990 1115 et
1019 1095 1137 1116 coram
1165 1083 1312 1115 domino
1340 1090 1465 1116 nostro
1498 1095 1583 1128 rege
1612 1082 1850 1128 proponende
1882 1089 2046 1127 tanquam

186 1148 435 1190 sustenibiles,
462 1155 496 1181 et
525 1161 589 1193 per
610 1161 699 1193 quas
728 1148 991 1182 rationabiliter
1011 1156 1136 1194 posset
1162 1149 1325 1182 deveniri
1346 1149 1389 1182 ad
1417 1150 1588 1182 unionem
1615 1156 1649 1182 et
1672 1161 1793 1194 pacem
1817 1149 1982 1182 ecclesie.
2007 1151 2048 1181 Et

186 1215 367 1248 dederunt
393 1227 458 1260 pro
485 1215 729 1260 comparendo
751 1215 795 1248 ad
822 1215 890 1248 hoc
912 1228 1031 1248 coram
1059 1228 1146 1261 rege
1167 1216 1370 1260 deputatos,
1398 1216 1632 1260 protestando
1655 1216 1751 1260 quod
1780 1215 2048 1248 deliberacione

186 1282 432 1327 predictorum
454 1293 526 1314 non
547 1282 759 1315 intendebat
780 1282 872 1315 dicta
893 1282 1043 1315 facultas
1065 1283 1247 1327 denegare
1269 1283 1356 1315 alias
1378 1283 1468 1323 vias,
1493 1283 1523 1315 si
1545 1295 1614 1327 que
1639 1282 1707 1315 alie
1732 1283 1788 1315 vie
1817 1282 2049 1315 rationabiles

186 1348 447 1393 reperirentur.
472 1350 626 1393 Insuper
643 1360 753 1393 super
769 1349 808 1393 ij⁰
825 1349 976 1381 articulo
995 1348 1221 1389 deliberavit,
1241 1349 1336 1393 quod
1354 1349 1463 1382 vellet
1483 1349 1636 1381 advoare
1654 1349 1748 1381 etde
1768 1350 1859 1381 facto
1877 1348 2052 1381 advoabat

135 1457 139 1460 ι
186 1415 371 1460 predictos
393 1415 561 1447 dominos
587 1422 765 1447 rectorem
794 1422 829 1448 et
856 1415 1046 1460 deputatos
1075 1422 1109 1448 et
1134 1427 1258 1448 eorum
1286 1415 1485 1459 quemlibet
1512 1427 1622 1460 super
1643 1422 1677 1447 et
1704 1415 1748 1447 de
1770 1414 1939 1447 omnibus
1970 1427 2050 1459 pre-

188 1481 293 1514 dictis
314 1488 349 1514 et
367 1481 447 1514 aliis
468 1493 533 1526 per
554 1493 617 1514 eos
638 1482 675 1513 in
696 1481 844 1514 materia
864 1481 979 1526 gestis
1001 1488 1036 1515 et
1054 1482 1169 1514 sactis.

276 1549 345 1581 Pro
376 1547 543 1580 facultate
573 1547 742 1582 medicine
771 1548 992 1582 venerabilis
1027 1549 1082 1582 vir
1113 1549 1287 1593 magister
1323 1550 1451 1581 Petrus
1490 1549 1595 1588 Miot,
1625 1548 1875 1581 locumtenens
1906 1548 2051 1588 decani,

190 1614 348 1647 reddidit
367 1614 666 1647 deliberationem
689 1615 725 1647 in
746 1614 841 1648 hunc
863 1615 1022 1656 modum,
1042 1615 1139 1660 quod
1161 1615 1321 1660 pensatis
1339 1622 1373 1647 et
1393 1615 1564 1647 advisatis
1582 1627 1651 1659 que
1673 1615 1709 1647 in
1731 1615 1877 1647 materia
1893 1614 2052 1655 videbat,

188 1681 282 1714 dicte
305 1688 378 1714 tres
399 1681 455 1714 vie
477 1693 557 1714 cum
580 1681 801 1725 preambulis
821 1689 946 1715 essent
968 1682 1076 1723 bone,
1094 1683 1207 1726 juste,
1229 1689 1363 1722 sancte,
1391 1681 1624 1714 rationabiles
1647 1688 1679 1713 et
1707 1681 1886 1713 factibiles
1908 1688 1942 1713 et
1972 1693 2053 1725 pro—

188 1748 357 1793 ponende
378 1760 498 1780 coram
520 1748 668 1780 domino
690 1760 778 1793 rege
799 1761 879 1781 cum
902 1749 1163 1793 protestatione
1185 1748 1362 1793 premissa
1384 1749 1428 1781 de
1454 1760 1527 1781 non
1548 1748 1715 1792 negando
1737 1748 1823 1780 alias
1844 1748 1920 1781 vias
1948 1748 2054 1780 ratio-

189 1814 330 1847 nabiles
352 1821 387 1847 et
406 1814 600 1855 factibiles,
627 1815 658 1847 si
680 1827 749 1860 que
771 1815 1033 1860 reperirentur,
1059 1815 1177 1848 dando
1200 1815 1390 1860 deputatos
1413 1827 1476 1859 pro
1499 1815 1666 1847 adeundo
1689 1826 1810 1859 regem
1838 1826 1948 1858 super
1973 1814 2052 1846 hoc.

190 1881 307 1926 Super
327 1882 361 1914 2⁰
382 1881 533 1914 articulo
555 1881 771 1915 deliberavit
801 1882 897 1926 quod
925 1881 1102 1915 advoabat
1129 1888 1166 1915 ut
1195 1882 1295 1926 prius
1318 1893 1444 1914 omnes
1466 1888 1500 1914 et
1530 1881 1697 1926 singulos
1725 1881 1953 1926 supradictos
1979 1892 2054 1913 rec-

190 1954 305 1980 torem
326 1954 361 1980 et
381 1947 471 1980 alios
492 1948 529 1980 in
551 1947 720 1980 omnibus
742 1949 912 1992 pretactis
934 1955 969 1981 et
989 1948 1069 1981 aliis
1091 1948 1371 1993 quibuscunque
1392 1948 1429 1980 in
1449 1947 1513 1980 11110
1535 1948 1681 1980 materia
1704 1959 1767 1992 per
1784 1959 1846 1980 eos
1867 1947 1981 1979 factis.

281 2014 421 2046 Deinde
448 2013 669 2047 venerabilis
694 2014 749 2047 vir
779 2015 953 2060 magister
980 2015 1170 2047 Mauritius
1202 2015 1245 2047 de
1278 2017 1520 2059 Kacrgorant,
1549 2015 1707 2047 decanus
1735 2014 1912 2046 facultatis
1939 2013 2054 2047 decre-

191 2086 322 2121 torum,
346 2080 470 2113 retulit
489 2081 525 2113 in
546 2080 641 2113 hunc
663 2081 822 2122 modum,
846 2082 943 2126 quod
964 2081 1113 2114 facultas
1135 2082 1278 2114 nemine
1300 2082 1529 2126 discrepante
1551 2081 1765 2114 deliberavit
1786 2080 1865 2113 illas
1886 2087 1959 2113 tres
1980 2080 2055 2113 vias

192 2147 396 2192 sepedictas
424 2159 503 2179 cum
535 2147 757 2192 preambulis
787 2159 868 2180 esse
898 2148 1025 2188 bonas,
1054 2155 1208 2189 sanctas,
1233 2149 1352 2192 justas
1378 2155 1410 2180 01
1439 2147 1686 2188 rationabiles,
1713 2147 1787 2191 juri
1814 2158 1995 2179 consonas
2022 2153 2056 2179 et

192 2213 435 2255 sustinibiles,
458 2213 629 2258 quodque
649 2225 713 2258 per
734 2226 794 2246 eas
817 2214 981 2247 deveniri
1001 2221 1127 2259 posset
1147 2214 1190 2247 ad
1212 2226 1334 2258 pacem
1357 2220 1391 2246 et
1412 2214 1582 2246 unionem
1602 2220 1723 2246 sancte
1745 2213 1868 2246 matris
1886 2213 2052 2246 ecclesie.

192 2281 347 2325 Insuper
369 2280 466 2324 quod
488 2281 606 2312 omnia
628 2280 788 2324 predicta
810 2280 988 2313 deberent
1006 2292 1125 2313 coram
1148 2281 1296 2313 domino
1318 2287 1444 2313 nostro
1467 2292 1552 2325 rege
1570 2280 1724 2324 proponi
1746 2286 1780 2312 et
1801 2279 1871 2312 dici
1893 2291 1935 2312 ex
1956 2286 2055 2324 parte

192 2347 448 2380 Universitatis
474 2359 554 2379 cum
578 2347 670 2379 dicta
692 2347 965 2392 protestatione.
990 2348 1105 2392 Super
1126 2347 1166 2391 ij0
1188 2347 1339 2379 articulo
1361 2346 1484 2379 retulit.
1509 2353 1546 2379 ut
1571 2347 1685 2391 prius,
1710 2358 1791 2379 esse
1816 2346 2052 2379 deliberatum

193 2414 290 2458 quod
311 2413 483 2446 credebat
504 2413 688 2446 dominum
712 2420 888 2446 rectorem
912 2421 946 2446 01
974 2414 1164 2458 deputatos
1192 2413 1285 2446 bene
1313 2420 1348 2446 et
1375 2420 1496 2446 sancte
1520 2425 1558 2445 ac
1586 2413 1682 2445 bono
1708 2413 1785 2445 zelo
1814 2413 2053 2457 processisse.

194 2480 280 2512 Ideo
301 2480 337 2512 in
354 2480 523 2512 omnibus
545 2486 582 2512 ut
604 2487 734 2512 tactum
757 2487 813 2513 est
833 2492 897 2525 per
917 2481 1118 2513 facultatem
1141 2481 1268 2512 artium
1290 2479 1460 2512 volebant
1480 2480 1633 2512 advoare
1655 2486 1689 2512 et
1709 2479 1919 2512 advoabant.

283 2547 432 2579 Demum
456 2553 490 2579 et
513 2546 637 2579 ultimo
660 2546 857 2591 religiosus
880 2547 933 2579 vir
954 2547 1127 2591 magister
1148 2546 1372 2579 Guillermus
1394 2547 1557 2587 Barraut,
1580 2546 1678 2590 prior
1699 2546 1908 2578 monasterii
1938 2546 2056 2578 Sancti

195 2613 351 2645 Dionisii
372 2612 409 2644 in
431 2612 591 2653 Francia,
615 2624 679 2657 pro
702 2619 786 2645 tunc
808 2613 967 2645 decanus
994 2613 1187 2657 theologice
1207 2612 1399 2653 facultatis,
1427 2624 1491 2656 pro
1516 2618 1550 2644 et
1577 2612 1722 2644 nomine
1744 2612 1838 2644 dicte
1864 2612 2054 2652 facultatis,

195 2679 284 2712 dixit
313 2679 410 2723 quod
440 2679 476 2711 in
506 2679 667 2723 predicta
687 2679 853 2712 facultate
876 2679 1034 2712 unanimi
1062 2679 1221 2711 omnium
1248 2690 1429 2711 consensu
1457 2679 1508 2711 sic
1539 2679 1654 2711 fuerat
1681 2678 1931 2718 deliberatum,
1960 2678 2055 2722 quod

195 2746 256 2778 ille
283 2752 357 2778 tres
383 2745 439 2778 vie
467 2757 531 2790 per
557 2746 767 2790 magistrum
801 2746 1019 2791 Stephanum
1049 2746 1093 2778 (10
1121 2746 1356 2779 Calvomontc
1385 2745 1495 2777 relate
1524 2757 1603 2777 cum
1634 2745 1855 2789 preambulis
1884 2744 2056 2788 predictis

195 2811 412 2845 videbantur
439 2811 599 2844 facultati
631 2824 714 2845 0550
749 2819 870 2845 51111010
909 2819 942 2845 01
977 2814 1092 2857 juste,
1121 2811 1360 2844 racionabiles
1389 2818 1423 2844 et
1451 2811 1647 2852 factibiles,
1685 2823 1817 2855 easque
1855 2810 1995 2843 volebat
2023 2816 2057 2841 et

197 2877 394 2923 recipiebat
415 2884 449 2910 et
470 2890 534 2922 pro
553 2877 684 2911 talibus
701 2878 920 2924 acceptabat,
940 2886 975 2911 et
992 2878 1132 2911 (licebat
1150 2890 1214 2923 per
1231 2877 1529 2910 deliberationem
1548 2889 1646 2910 suam
1667 2889 1730 2922 per
1747 2889 1806 2909 ras
1825 2888 1932 2921 posse
1950 2876 2056 2908 ratio-

320 2939 368 2955 *ss
386 2936 481 2960 Charc.
504 2935 580 2959 Univ.
599 2936 694 2960 Paris.
715 2937 760 2960 111.
1904 2935 1932 2957 77
