2488 3386
147 312 242 349 1351]
565 325 611 346 ΑΒ
646 324 751 346 Auno
784 323 916 346 1110001,
950 324 1080 352 USQUE
1114 324 1162 346 AD
1200 325 1465 347 [musmo-run
1496 326 1586 347 xm.
1984 317 2005 349 9

150 440 290 477 1198.
317 449 442 475 Clemens
464 450 501 475 VI
512 449 660 475 Bernardo
681 449 716 475 de
736 449 878 480 Pacterio,
902 448 967 475 Ord.
985 450 1110 483 fratrum
1133 449 1273 474 Minorum
1291 449 1455 484 provinciae
1482 450 1610 483 Tusciae,
1631 450 1751 475 Pastore
1774 450 1816 475 tit,
1841 451 2005 476 Sanctorum

232 497 398 524 Marcellini
419 501 445 523 et
465 498 544 523 Petri
560 497 656 534 presb.
677 497 828 523 cardinale
844 501 871 523 et
888 497 1037 523 Guillelmo
1058 497 1210 531 Farinerii,
1229 497 1359 522 ministro
1382 497 1520 531 generali,
1542 506 1648 523 necnon
1660 497 1832 533 pr-oe'Inciali
1845 498 2008 533 provinciae

233 546 374 572 Franciae
387 545 459 572 dicti
471 545 596 579 Ordinis,
610 546 807 572 asserentibus
818 545 996 572 Bernardum
1008 549 1070 571 octo
1082 545 1167 571 annis
1177 545 1362 580 generalibus
1376 545 1537 580 theologiae
1550 545 1655 571 studiis
1667 546 1737 571 dicti
1751 546 1866 571 Ordinis
1878 550 1908 571 ut
1921 546 2007 572 lecto-

234 604 290 621 rem
313 594 504 631 principalem
522 594 641 629 legendo
660 603 786 629 vacasse,
809 594 984 620 concedunt
1002 594 1077 620 idem
1095 594 1123 619 in
1144 597 1257 620 aestate
1273 595 1423 630 praesenti
1447 598 1571 630 tempore
1594 594 1771 619 vacationum
1795 595 1957 620 Sententias
1980 595 2007 619 in

233 643 329 670 studio
351 643 513 669 Par-islensi
535 647 565 669 ut
590 643 778 669 baccalareus
799 643 892 678 legere
915 642 1017 677 valeat,
1036 643 1161 668 maxime
1181 651 1242 668 cum
1265 643 1293 668 in
1318 646 1453 668 conventu
1478 643 1639 668 Parisiensi
1662 644 1784 677 fratrum
1806 643 1877 668 dicti
1894 643 2008 668 Ordinis

235 696 317 718 tanta
342 691 576 718 baccalareorum
595 693 720 728 penuria
740 701 803 718 esse
822 691 946 725 dicatur,
969 691 1046 727 quod
1067 691 1163 717 nullus
1186 695 1228 717 est
1244 692 1272 716 in
1293 700 1324 716 eo
1340 692 1397 716 nisi
1418 691 1572 716 dumtaoeat
1588 691 1637 717 ille
1658 691 1707 726 qui
1722 695 1787 716 actu
1804 691 1873 725 legit
1893 691 2006 724 ibidemy

234 742 332 776 sicque
347 743 513 776 frequenter
532 740 649 766 accidat
669 740 745 776 quod
760 740 855 766 dictus
877 743 1036 774 conventus,
1059 739 1137 765 nullo
1158 740 1187 765 in
1208 748 1239 765 eo
1259 741 1384 773 formato
1401 739 1571 765 baccalareo
1587 743 1758 773 remanente,
1777 739 1817 765 ad
1837 739 2009 765 exercendos

235 794 317 815 actus
340 789 508 815 scolasticos
534 793 561 814 et
585 789 797 824 disputationes
823 789 1024 823 magistrorum
1049 789 1230 823 insufficiens
1255 792 1392 814 noscatur
1413 797 1568 814 remanere.
1598 789 1662 814 Dat.
1689 789 1768 822 apud
1798 789 2011 815 Villamnovam

236 838 369 864 Avinion.
387 838 461 865 dioc.
478 847 496 864 v
510 838 566 864 kal.
584 838 674 868 Junii‚
689 846 768 864 anno
778 838 900 865 decimo.
920 848 934 862 «
947 838 1007 864 Viri
1021 845 1097 864 sacre
1112 837 1279 864 lectionis».

1239 900 1309 929 1351,
1325 899 1386 925 Maii
1397 899 1443 933 28,
1462 900 1531 932 apud
1544 899 1723 925 Villamnoram.

240 984 303 1015 neg.
319 984 378 1007 vat.
393 984 493 1007 Comm.
512 983 652 1007 Clementis
665 984 706 1011 Vl,
724 988 752 1006 n⁰
765 984 818 1011 209,
835 984 879 1007 fol.
895 985 918 1012 3,
934 992 975 1014 ep.
993 984 1015 1007 1.
1030 997 1057 1001 —
1071 984 1118 1006 An.
1134 983 1204 1012 1352,
1217 983 1344 1006 Novemb.
1358 983 1396 1012 20,
1410 982 1479 1006 idem
1492 982 1609 1014 pontifex
1621 982 1779 1005 cancellario
1792 982 1876 1006 Paris.
1890 982 2012 1013 injungit,

147 1031 176 1052 ut
191 1028 354 1051 Bernardum
374 1028 472 1051 dictum
487 1028 519 1051 de
534 1028 609 1058 Pisis,
625 1028 669 1059 qui
690 1028 837 1051 Sententias
857 1028 966 1051 Parisiis
985 1028 1040 1059 jam
1061 1027 1134 1058 legit,
1155 1028 1187 1050 ad
1207 1027 1333 1050 honorem
1357 1027 1504 1058 magisterii
1524 1027 1550 1049 in
1570 1027 1703 1058 theologia
1722 1030 1884 1058 promoveat.
1909 1035 1920 1049 «
1942 1026 2014 1049 Sicut

148 1073 258 1096 debetur
271 1081 282 1095 »
299 1073 372 1104 (neg.
387 1073 487 1096 Comm.
501 1073 628 1096 Clement.
643 1073 685 1102 Vl,
702 1077 731 1096 11ο
746 1074 799 1100 213,
818 1073 862 1096 sol.
877 1072 958 1101 317h).

154 1247 176 1284 1
188 1246 317 1284 198³.
343 1256 468 1282 Clemens
490 1257 527 1282 VI
537 1256 673 1290 (Iohanni
686 1255 722 1281 de
739 1256 856 1290 Aciaco)
872 1255 1047 1282 cancellario
1062 1256 1224 1282 Parisiensi
1234 1265 1288 1292 pro
1304 1256 1426 1282 Boberto
1447 1255 1482 1281 de
1503 1255 1664 1289 Bretevilla,
1687 1257 1779 1290 fratre
1804 1255 1869 1281 ord.
1898 1256 2015 1281 Eremit.

237 1306 263 1331 S.
282 1305 445 1339 Augustini,
464 1305 544 1340 quia,
561 1305 587 1330 si
596 1306 685 1340 juxta
700 1308 813 1330 statuta
829 1308 857 1330 et
872 1305 1069 1330 ordinationes
1084 1304 1175 1330 studii
1186 1305 1362 1330 Parisiensis
1376 1308 1508 1340 oporteat
1519 1305 1611 1340 ipsum
1625 1313 1707 1329 suum
1717 1304 1839 1338 gradum
1851 1307 1877 1329 et
1891 1304 2016 1329 ordinem

239 1357 416 1389 exspectare,
435 1353 523 1379 honor
538 1353 702 1388 hujusmodi
721 1362 776 1379 non
796 1353 936 1379 modicum
951 1353 1109 1388 differetur.
1127 1355 1222 1386 Quare
1234 1357 1435 1389 promoveatur
1449 1353 1489 1378 ad
1505 1353 1636 1378 honorem
1652 1352 1813 1387 magisterii
1830 1353 1858 1378 in
1874 1352 2016 1386 theologia

240 1402 275 1428 de
290 1402 465 1436 benignitate
475 1402 646 1438 apostolica,
663 1402 690 1427 si
705 1410 741 1427 ex
755 1402 945 1438 dispositione
959 1402 1159 1436 magistrorum
1174 1402 1202 1427 in
1216 1402 1316 1427 eadem
1333 1401 1477 1436 theologia
1493 1401 1564 1427 dicti
1575 1401 1666 1427 studii
1682 1401 1801 1427 idoneus
1815 1410 1876 1426 esse
1890 1405 2018 1436 repertus

238 1451 335 1485 fuerit.
352 1451 416 1477 Dat.
434 1451 575 1477 Avinione
590 1451 627 1484 vij
643 1451 683 1476 id.
700 1451 779 1479 Julii.
795 1458 874 1477 anno
886 1450 1009 1477 decimo.
1028 1460 1042 1474 «
1059 1451 1138 1477 Sicut
1152 1451 1276 1477 debetur
1291 1461 1315 1475 ».

1398 1526 1467 1555 1351,
1483 1526 1545 1551 dum
1556 1527 1580 1555 9,
1597 1525 1725 1551 Ανεηίοηε.

246 1610 309 1640 Reg.
328 1610 384 1633 Vat.
404 1609 504 1632 Comm.
524 1609 664 1632 Clementis
682 1609 725 1638 VI,
741 1613 770 1631 n⁰
785 1609 839 1639 211,
856 1609 900 1632 fol.
919 1610 973 1632 129.
991 1623 1021 1626 —
1039 1610 1136 1632 Secret.
1156 1608 1298 1632 Clementis
1314 1609 1355 1636 VI,
1372 1612 1401 1631 n⁰
1416 1609 1470 1638 145,
1489 1609 1533 1631 sol.
1550 1609 1587 1631 22.
1604 1621 1632 1626 -
1650 1609 1697 1632 An.
1715 1609 1786 1639 1365,
1803 1609 1875 1639 Sept.
1891 1609 1940 1638 2-5,
1957 1609 2022 1632 Rob.

153 1654 184 1677 de
201 1662 211 1676 a
229 1653 355 1677 Betevilla
372 1662 383 1676 »
400 1653 549 1676 nominatus
565 1656 604 1676 est
619 1653 700 1684 episc.
721 1653 915 1676 Bretenoriens.
932 1653 1143 1684 (Forlimpopuli)
1160 1653 1193 1676 ab
1210 1653 1317 1676 Urbano
1332 1653 1352 1675 V
1371 1654 1444 1683 (Reg.
1462 1653 1552 1681 Avcn.‚
1570 1653 1620 1675 vol.
1638 1653 1666 1680 X,
1685 1653 1728 1676 sol.
1747 1653 1820 1682 111b).
1838 1653 1945 1682 Torelli,
1963 1654 2020 1677 Sec.

153 1698 305 1728 Ayost.‚VI‚
322 1699 359 1726 76,
376 1706 434 1721 eum
452 1699 518 1721 falso
534 1698 652 1721 nominat
669 1698 701 1721 de
718 1706 729 1720 α
746 1698 860 1721 Rotvilla
876 1706 897 1727 1),
916 1697 1023 1729 Ughelli
1041 1701 1066 1721 ct
1083 1698 1162 1721 Gams
1180 1706 1191 1720 α
1208 1698 1239 1720 (10
1259 1697 1382 1720 Resinelli
1401 1705 1422 1725 »y
1439 1697 1483 1720 ubi
1502 1705 1641 1728 perperam
1657 1698 1689 1720 ad
1706 1705 1747 1720 an.
1765 1698 1834 1721 1360.

161 1882 183 1918 1
194 1882 300 1919 199.
323 1891 466 1917 ¹lohannes
484 1891 519 1917 de
537 1893 640 1917 Sancto
657 1892 792 1926 Martino‚
812 1891 877 1917 Ord.
899 1890 1030 1924 Carmel,
1048 1891 1129 1926 petit,
1146 1894 1176 1916 ut
1190 1891 1377 1925 magistretur
1393 1891 1421 1916 in
1438 1890 1591 1924 theologia.

1465 1969 1536 1998 1357,
1554 1968 1669 1994 Octobris
1685 1969 1703 1994 1.

248 2052 435 2097 Significat
455 2053 633 2086 sanctitati
654 2060 775 2086 vestre
799 2053 947 2085 humilis
970 2059 1004 2085 et
1029 2053 1183 2085 devotus
1209 2059 1329 2085 orator
1348 2058 1470 2085 vester
1490 2053 1599 2084 frater
1618 2051 1801 2085 Johannes
1828 2052 1872 2085 de
1895 2053 2022 2085 Sancto

159 2119 328 2160 Martino,
358 2119 473 2152 lector
500 2120 537 2152 in
563 2119 760 2165 theologia,
790 2119 939 2153 Ordinis
964 2120 1113 2152 fratrum
1141 2119 1244 2152 beate
1267 2119 1379 2151 Mario
1411 2119 1455 2151 de
1486 2120 1608 2151 Monte
1637 2119 1805 2159 Carmeli,
1829 2119 1925 2163 quod
1952 2131 2023 2151 non

159 2185 325 2218 obstante
349 2186 446 2230 quod
470 2198 535 2231 per
561 2186 782 2219 sanctitatem
810 2193 965 2219 vestram
993 2198 1115 2218 secum
1143 2186 1253 2218 fuerit
1277 2186 1525 2230 dispensatum
1556 2192 1606 2226 ut,
1633 2197 1705 2217 non
1732 2185 1897 2218 obstante
1928 2186 2024 2230 quod

159 2251 308 2285 alterius
324 2252 434 2286 fuerit
454 2253 645 2298 religionis
663 2253 864 2298 professus⁷
884 2253 981 2297 quod
1002 2252 1069 2285 hoc
1087 2264 1180 2285 anno
1198 2252 1358 2285 Parisius
1375 2252 1411 2284 in
1427 2252 1533 2284 domo
1552 2252 1704 2296 predicti
1721 2252 1870 2285 Ordinis
1888 2252 2026 2297 legeret

162 2318 365 2351 sententias
387 2325 422 2351 et
442 2326 606 2364 tempore
629 2319 753 2352 debito
778 2319 1054 2364 magistraretur
1078 2319 1114 2351 in
1134 2318 1301 2351 facultate
1323 2317 1520 2363 theologie,
1544 2324 1577 2350 et
1599 2317 1857 2350 nichilominus
1879 2325 2026 2363 propter

161 2395 321 2417 rasuram
357 2392 561 2418 contentam
592 2386 628 2418 in
663 2385 794 2418 litteris
829 2385 1041 2430 apostolicis
1073 2397 1184 2429 super
1217 2384 1285 2417 hoc
1316 2385 1491 2417 confectis
1522 2384 1685 2429 magistri
1721 2384 1814 2417 dicte
1848 2384 2026 2417 facultatis

162 2450 279 2494 ipsum
297 2451 340 2483 ad
358 2451 487 2484 dictam
509 2452 701 2484 lectionem
724 2464 796 2485 non
813 2452 1049 2484 admiserunt.
1071 2453 1205 2485 'Verum
1229 2451 1310 2495 quia
1333 2451 1422 2483 alter
1444 2450 1523 2483 loco
1541 2451 1596 2483 sui
1616 2463 1679 2495 per
1696 2451 1859 2483 ordinem
1878 2451 1966 2496 legit
1982 2451 2025 2484 de

162 2516 266 2558 facto,
293 2529 365 2550 non
387 2525 513 2562 posset
532 2518 575 2551 ad
598 2519 726 2551 dictam
754 2519 926 2551 lecturam
949 2519 1028 2551 sine
1053 2530 1184 2562 magno
1212 2517 1405 2562 dispendio
1433 2524 1467 2550 ct
1492 2517 1608 2562 litigio
1635 2517 1824 2562 attingere,
1850 2517 2029 2562 supplicat

164 2584 342 2616 sanctitati
359 2591 478 2617 vestre
495 2592 673 2630 quatenus
695 2586 773 2630 ipse
792 2585 835 2618 de
856 2585 969 2630 gratia
985 2591 1103 2617 vestra
1125 2584 1273 2629 speciali
1291 2584 1333 2616 ad
1355 2584 1506 2628 gradum
1524 2584 1723 2628 magisterii
1741 2584 1834 2616 dicte
1850 2583 2027 2616 facultatis

164 2650 361 2682 ascendere
383 2651 500 2695 possit
520 2652 556 2683 in
577 2651 677 2684 curia
699 2651 757 2684 vel
779 2651 860 2684 alibi
882 2652 912 2684 si
938 2651 981 2684 ad
1007 2651 1139 2683 dictum
1162 2650 1312 2695 gradum
1339 2650 1448 2682 suerit
1471 2650 1636 2694 ydoneus
1661 2657 1826 2694 repertus
1850 2662 1911 2694 per
1932 2662 2027 2681 com-

164 2715 369 2748 missarium
395 2717 453 2750 vel
481 2718 753 2751 commissarios
781 2718 851 2751 sibi
877 2730 987 2762 super
1013 2717 1081 2750 hoc
1109 2729 1126 2750 a
1149 2717 1335 2750 sanctitate
1361 2723 1479 2748 vestra
1507 2716 1746 2760 deputandos,
1770 2728 1842 2748 non
1863 2716 2027 2748 obstante

165 2782 261 2826 quod
279 2782 407 2815 dictam
425 2783 597 2817 lecturam
616 2796 688 2817 non
704 2785 843 2825 fecerit,
862 2785 965 2817 etiam
984 2783 1307 2816 constitutionibus
1323 2789 1358 2814 01
1372 2782 1513 2814 statutis
1528 2782 1583 2814 vel
1599 2782 1924 2814 consuetudinibus
1942 2782 2027 2813 dicti

165 2847 314 2881 Ordinis
336 2849 372 2881 in
393 2851 612 2883 contrarium
634 2851 742 2883 editis
769 2863 841 2883 non
863 2850 1107 2890 obstantibus,
1130 2856 1165 2882 et
1189 2849 1286 2894 quod
1308 2849 1420 2893 possit
1444 2848 1602 2892 gaudere
1625 2848 1714 2880 infra
1736 2848 1906 2880 Ordinem
1931 2847 2027 2879 omni

289 2910 335 2926 *n
353 2908 449 2932 eham.
474 2908 549 2932 Univ.
567 2908 660 2932 Paris.
680 2909 726 2933 111.
1889 2906 1902 2927 2
