2488 3386
177 348 272 384 1358]
595 359 642 380 ΑΒ
675 358 782 380 Anno
816 357 946 379 necere
980 357 1111 385 esoni:
1147 358 1194 378 AD
1231 358 1492 379 ΒΕΝκυιοτυΜ
1528 359 1616 380 x111.
1996 351 2038 382 55

178 488 339 525 12383.
364 496 543 522 Innocentius
563 495 761 530 VI(Grime1-io
777 494 933 528 Bonisacii)
950 494 1125 520 cancellario
1140 495 1235 520 Paris.
1255 495 1384 529 injungit,
1402 498 1431 520 ut
1447 494 1575 520 Petrum·
1593 494 1727 520 abbatem
1744 496 1910 521 monasterii
1928 497 2036 521 Fontis-

259 545 370 580 frigidi,
388 545 502 571 Cisterc.
523 544 602 578 Ord.,
619 544 795 570 Narbonens.
813 543 914 577 dioec„
934 542 1016 569 theol.
1040 542 1149 568 baccal.
1168 543 1274 577 Paris.,
1295 544 1416 568 servatis
1436 543 1585 568 servandis
1600 543 1639 568 ad
1655 544 1851 577 magisterium
1863 549 2034 579 promoveat.

260 595 370 620 Datum
384 594 463 627 apud
480 593 693 619 villamnovam
707 592 842 618 Avinion.
859 592 933 618 dioc.
949 592 988 625 iiij
1006 599 1076 618 non.
1091 592 1182 621 Junii,
1199 600 1246 617 an.
1265 593 1352 618 sexto.
1369 592 1453 617 «Viri
1469 600 1545 618 sacre
1561 602 1585 617 η.

1279 681 1356 710 1358,
1372 681 1442 706 dunis
1450 681 1474 710 2,
1491 681 1559 712 apud
1573 681 1752 706 Villamnoram.

264 766 326 797 Reg.
343 767 422 789 Aven.
440 765 539 789 Urbani
556 765 576 788 V
590 765 667 794 (inter
679 765 805 796 epistolas
820 764 896 787 istius
914 766 1019 795 pupae),
1037 764 1090 786 vol.
1103 764 1193 792 XVIII,
1210 764 1254 787 sol.
1272 764 1326 787 ⁵299.

264 864 285 886 1.
305 864 410 886 Petrum
426 862 558 894 Cluyrnni,
573 862 617 894 qui
641 866 743 885 mortuo
759 862 888 890 Johunne,
904 870 946 885 an.
969 862 1038 890 1356,
1054 861 1147 885 octob.
1164 862 1202 888 24,
1221 869 1280 883 cum
1298 864 1366 883 esset
1381 861 1523 883 monachus
1541 860 1603 883 dicti
1620 861 1781 890 monasterii,
1800 862 1883 883 sactus
1899 864 1938 884 est
1955 861 2038 884 abbas

169 907 242 938 (Reg.
258 908 338 930 Aven.
355 907 442 930 Innoc.
461 907 503 935 Vl,
523 907 574 930 vol.
594 907 658 935 XIV,
677 908 692 929 I'.
712 906 759 937 97).
784 907 894 929 Eri-atur
914 906 939 928 in
959 906 1032 930 Gall.
1052 905 1160 933 christ„
1178 905 1219 930 VI.
1239 905 1294 934 212,
1310 913 1369 927 cum
1392 905 1488 927 ibidvm
1509 905 1600 927 Petrus
1616 904 1760 932 omittatur,
1780 913 1825 927 seu
1840 905 1927 936 potius
1943 906 2038 928 dohan-

171 959 216 974 nes
231 952 254 974 II
267 951 371 975 clerani
385 951 542 974 nominetur.

174 1121 314 1158 1239.
338 1130 519 1155 Innocentius
539 1131 576 1155 VI
592 1130 695 1155 rectori
715 1133 741 1155 el
762 1130 946 1155 Universitati
959 1130 1054 1155 Paris.
1074 1133 1104 1155 ut
1120 1129 1295 1164 Stephanum
1311 1128 1443 1154 Marcelli
1458 1128 1498 1153 ad
1515 1128 1706 1154 obedientiam
1722 1128 1870 1161 reducant,
1891 1132 1917 1154 et
1933 1128 2037 1163 legatis

256 1178 425 1215 apostolicis
440 1178 478 1204 ad
494 1178 677 1204 tractandam
692 1178 727 1204 de
741 1187 814 1214 pace
828 1179 901 1204 inter
914 1178 1012 1204 dacem
1029 1179 1224 1204 Normanniae
1240 1181 1268 1203 et
1283 1177 1378 1203 villam
1394 1178 1589 1203 Parisiensem
1605 1177 1756 1203 assistant.

1259 1267 1335 1296 7358,
1352 1267 1422 1292 dunis
1436 1267 1472 1295 18,
1490 1267 1558 1298 apud
1571 1267 1749 1292 Villamnoram.

258 1355 493 1388 Innocentius
514 1355 710 1400 episcopus
732 1367 860 1388 servus
882 1367 1070 1388 servorum
1090 1356 1167 1387 Dei.
1188 1355 1337 1387 Dilectis
1358 1354 1443 1386 filiis
1466 1354 1596 1386 rectori
1618 1361 1652 1386 et
1669 1354 1903 1387 Universitati
1926 1355 2036 1387 studii

169 1422 399 1463 Parisiensis‚
424 1421 486 1454 sal.
514 1428 549 1454 et
568 1421 722 1466 apostol.
750 1421 1055 1454 benedictionem.
1085 1421 1239 1454 Moleste
1266 1421 1374 1453 nimis
1401 1421 1606 1465 accepimus
1633 1420 1823 1465 nepharius
1845 1421 2035 1460 novitates,

168 1499 257 1532 quas
279 1488 505 1520 Parisienses
527 1494 561 1520 et
582 1488 837 1532 quamplurimi
859 1487 1007 1520 aliarum
1031 1488 1325 1520 communitatum
1348 1487 1487 1519 illarum
1512 1488 1663 1531 partium
1686 1487 1730 1519 de
1753 1499 1866 1532 regno
1888 1488 2036 1520 Franeie

169 1554 293 1599 populi
314 1560 438 1587 contra
459 1554 658 1586 nonnullos
679 1554 836 1599 ipsarum
861 1554 1013 1599 partium
1037 1554 1180 1587 nobiles
1201 1554 1383 1587 hostiliter
1405 1560 1439 1586 et
1459 1554 1662 1598 impetuose
1687 1554 1852 1586 fecerunt
1873 1560 1905 1586 et
1927 1554 2036 1586 conti-

168 1632 239 1653 nue
260 1621 377 1653 facere
398 1632 471 1653 non
492 1620 685 1653 desistunt.
710 1622 760 1653 Ex
782 1620 928 1665 quibus,
958 1621 988 1653 si
1009 1632 1092 1653 vera
1121 1627 1217 1661 suut,
1244 1632 1375 1665 graves
1405 1620 1588 1653 sensimus
1610 1627 1644 1652 et
1673 1620 1850 1652 sentimus
1871 1620 1906 1652 iu
1927 1620 2037 1652 corde

169 1694 377 1732 puncturas,
396 1687 624 1732 emergeneia
646 1687 730 1719 inde
751 1687 963 1726 animarum,
986 1699 1222 1732 personarum
1246 1694 1280 1720 et
1302 1699 1421 1719 rerum
1444 1687 1594 1727 excidia,
1619 1687 1777 1731 dictique
1799 1693 1866 1719 tam
1888 1686 2036 1725 nobilis,

169 1760 236 1786 tam
257 1754 411 1798 preclari
433 1754 537 1798 regni
557 1754 737 1786 scissuras
755 1753 894 1798 aliaque
913 1754 1124 1786 detestanda
1142 1761 1176 1786 et
1197 1754 1385 1786 innumera
1407 1753 1497 1786 mala
1514 1766 1593 1786 cum
1618 1754 1793 1798 profunda
1810 1754 1931 1786 cordis
1948 1766 2036 1786 ama-

168 1819 326 1853 ritudine
347 1819 593 1864 deplorantes.
621 1821 773 1865 Propter
793 1820 890 1864 quod
912 1820 1141 1853 venerabiles
1162 1821 1291 1853 fratres
1314 1820 1573 1852 Raimundum¹
1602 1819 1913 1864 archiepiscopum
1943 1821 2037 1864 Lug-

169 1886 370 1919 dunensem
393 1893 428 1919 et
446 1886 644 1919 Johannem
667 1887 931 1919 Parisiensem²
954 1887 1164 1931 episcopum
1188 1893 1223 1919 et
1248 1886 1448 1920 Johannem
1475 1887 1518 1919 de
1547 1887 1637 1919 Pinu
1669 1887 1826 1931 priorem
1857 1887 2036 1931 prioratus

170 1953 204 1986 S.
227 1953 371 1985 Martini
393 1953 436 1985 de
458 1953 603 1997 Campis
625 1953 862 1985 Parisiensis³
889 1953 932 1985 ad
961 1953 1108 1985 eosdem
1131 1953 1287 1998 populos
1309 1960 1343 1986 et
1364 1953 1455 1985 alios
1477 1953 1520 1985 de
1542 1952 1676 1997 quibus
1704 1953 1757 1985 eis
1778 1952 1972 1993 videbitur,
2000 1959 2038 1985 ut

170 2019 359 2064 pestiferas
386 2019 593 2052 sediciones
621 2025 655 2051 et
684 2019 862 2052 novitates
893 2019 1116 2064 hujusmodi7
1140 2026 1311 2064 quantum
1342 2006 1512 2064 poterunt
1540 2032 1582 2052 ex
1612 2026 1711 2064 parte
1742 2026 1863 2051 nostra
1893 2031 2038 2051 cessare

171 2092 376 2130 procurent,
405 2085 633 2118 decrevimus
662 2086 911 2118 destinandos.
939 2086 1117 2128 Quocirca
1146 2086 1375 2119 devotionem
1402 2093 1557 2119 vestram
1590 2098 1759 2130 rogamus
1791 2092 1825 2117 et
1853 2085 2038 2118 hortamur

168 2159 302 2185 attente
332 2158 510 2197 quatenus
540 2151 586 2184 ob
614 2152 735 2185 divine
771 2152 913 2196 pietatis
944 2152 1112 2185 intuitum
1136 2165 1179 2185 -ac
1210 2159 1333 2185 nostre
1362 2159 1396 2185 et
1425 2152 1623 2197 apostolice
1655 2152 1754 2185 sedis
1786 2152 2034 2192 reverentiam,

169 2218 322 2250 dilectos
344 2218 439 2250 filios
462 2217 680 2262 Stephanum
703 2218 864 2250 Marcelli
894 2219 1116 2262 prepositum
1140 2226 1392 2259 mercatorum,
1420 2219 1589 2252 scabinos
1611 2226 1643 2251 et
1671 2231 1797 2251 omnes
1818 2219 1915 2251 cives
1942 2218 2038 2250 Pari-

169 2285 303 2318 siensis
325 2284 478 2317 civitatis
499 2291 534 2317 et
561 2284 652 2317 alios
678 2285 721 2316 de
750 2284 883 2329 quibus
903 2284 1008 2317 vobis
1030 2285 1201 2329 expedire
1222 2285 1417 2326 videbitur7
1445 2292 1481 2318 ut
1513 2285 1556 2318 ab
1584 2285 1791 2329 hujusmodi
1822 2285 2037 2329 perniciosis

170 2350 390 2383 novitatibus
420 2357 579 2391 cessent,
610 2357 645 2383 et
674 2351 717 2383 ad
749 2350 1007 2383 humanitatem
1035 2357 1067 2383 et
1099 2351 1326 2384 obedientias
1357 2351 1482 2384 solitas
1513 2364 1551 2384 se
1582 2358 1805 2392 convertant,
1838 2351 1972 2383 hortari
2003 2357 2037 2383 et

169 2417 342 2449 inducere
359 2417 555 2462 diligenter
572 2423 606 2449 et
622 2417 814 2449 efficaciter
830 2417 1018 2456 studeatis,
1037 2418 1080 2450 ad
1102 2417 1169 2450 hoc
1192 2418 1338 2462 prefatis
1355 2418 1643 2462 archiepiscopo,
1663 2418 1834 2462 episcopo
1851 2429 1890 2449 ac
1910 2417 2034 2461 priori⁷

168 2483 226 2516 vel
247 2495 370 2515 eorum
400 2483 516 2524 alteri,
545 2490 715 2528 quantum
746 2484 911 2528 poteritis
933 2495 1087 2528 operose
1110 2491 1144 2516 et
1174 2484 1330 2517 fideliter
1350 2485 1569 2525 assistendQ
1598 2485 1643 2516 ita
1665 2484 1761 2528 quod
1790 2484 1873 2515 inde
1895 2483 1998 2516 vobis
2019 2496 2035 2515 a

170 2550 245 2582 Deo
267 2556 301 2582 et
322 2549 428 2582 nobis
450 2556 483 2582 et
505 2550 701 2594 apostolica
724 2550 811 2582 sede
833 2549 1101 2582 benedictionis
1123 2557 1157 2583 et
1177 2552 1291 2595 gratie
1318 2551 1503 2595 proveniat
1536 2551 1809 2583 incrementum.
1838 2551 1915 2582 Dat.
1942 2549 2034 2593 apud

168 2615 430 2649 Villamnovam
452 2617 630 2649 Avenion.
650 2617 743 2649 dioc.
767 2616 841 2660 xiiij
860 2616 928 2649 kal.
951 2617 1049 2658 Julii‚
1071 2617 1300 2661 pontificatus
1322 2618 1437 2650 nostri
1459 2629 1552 2649 anno
1575 2624 1688 2649 sexto.

262 2727 328 2750 Mus.
345 2727 444 2750 Britan.
467 2736 515 2750 ms.
535 2728 594 2750 add.
612 2728 696 2755 17:304,
720 2728 764 2751 sol.
784 2728 838 2751 (51¹³.
857 2729 919 2752 Cod.
937 2729 1056 2755 Hal-cuin,
1074 2728 1119 2751 sol.
1143 2728 1197 2752 511’.
1213 2742 1238 2745 —
1258 2729 1380 2756 Bulaeus,
1398 2729 1438 2756 lv,
1456 2730 1509 2751 3⁷15.
1525 2742 1556 2745 —
1570 2729 1663 2750 Notum
1680 2731 1719 2750 est
1739 2727 1900 2757 Stephanum
1921 2726 2035 2748 Marcelli

169 2774 259 2794 contra
275 2771 367 2793 ducem
384 2771 558 2794 Nox-manniae
581 2771 735 2795 seditionem
756 2773 882 2796 excitasse
902 2773 1010 2796 Parisiis
1026 2773 1087 2795 dum
1103 2772 1235 2795 Johanncs
1255 2781 1299 2795 rex
1318 2773 1438 2803 captivus
1461 2775 1529 2795 essct
1545 2772 1570 2794 iu
1592 2772 1686 2802 Anglia
1703 2772 1763 2800 (vid.
1782 2772 1900 2798 Pom-ens,
1917 2770 2036 2793 Etienne

170 2814 283 2843 Marcel,
301 2815 420 2846 passim).
438 2816 623 2839 universitatis
645 2820 754 2839 conatus
775 2817 939 2848 aliquantum
962 2817 1131 2845 successisse,
1147 2820 1172 2839 et
1191 2817 1296 2847 quidem
1322 2817 1348 2839 19
1367 2817 1439 2844 sulii,
1464 2817 1561 2839 scimus
1577 2824 1590 2839 e
1610 2817 1691 2839 Libro
1709 2822 1788 2845 proc.
1808 2819 1867 2839 nac.
1891 2814 1973 2843 Anyl.
1992 2815 2032 2842 (cf.

169 2860 307 2889 Auctar.),
323 2863 348 2882 ct
367 2868 380 2882 e
396 2861 445 2884 Les
462 2862 566 2890 yrand.
592 2861 689 2885 chron.
709 2862 741 2884 (Ie
759 2862 878 2890 France,
899 2862 939 2884 cd.
960 2862 987 2884 P.
1010 2861 1094 2892 Puris⁷
1119 2862 1160 2889 w,
1189 2861 1232 2883 126
1258 2869 1298 2891 sq.
1321 2861 1458 2883 Caeterum
1484 2869 1541 2883 mox
1564 2861 1712 2890 Stephanus
1736 2859 1851 2882 Mart-elli
1874 2858 1974 2881 occisus
1995 2860 2034 2879 est

170 2903 206 2932 (31
225 2903 278 2926 Jul.
297 2904 376 2933 1358).
396 2904 474 2927 Plura
490 2904 549 2927 vide
568 2905 637 2935 apud
658 2905 795 2933 Jourduin,
818 2905 1009 2929 L'Unirersite'
1020 2906 1052 2929 de
1067 2905 1152 2929 Paris
1168 2912 1207 2928 azt
1224 2909 1310 2934 temps
1327 2905 1473 2928 d'Ecienne
1490 2905 1596 2928 Marcet
1611 2904 1646 2932 (iu
1663 2904 1724 2927 Rev.
1741 2905 1786 2926 des
1801 2903 1940 2932 questions
1959 2902 2031 2928 hist„
