2488 3386
453 339 518 371 354
1028 344 1346 367 cnamumnmm
1382 343 1572 365 UNlVERs.
1611 342 1742 365 PARIS.
2219 329 2319 365 [1385

455 421 631 467 quandam
655 420 840 453 collectam
864 420 956 452 inter
978 431 1016 452 se
1038 419 1082 451 de
1109 418 1173 450 xxti
1201 417 1346 449 francis.
1374 417 1426 448 De
1448 415 1581 460 quibus
1603 416 1727 448 decem
1755 415 1868 448 franci
1898 415 2019 448 traditi
2048 416 2195 448 fuerunt
2215 415 2319 449 Guil-

454 488 561 521 lelmo
584 487 709 520 Rolins
731 493 765 519 et
786 487 922 531 Sygero
945 485 1076 518 Bahert
1094 483 1331 517 familiaribus
1353 483 1438 515 dicti
1466 482 1672 515 cancellarii
1701 482 1848 515 nomine
1878 482 1995 527 ipsius
2016 481 2222 515 cancellarii
2252 493 2317 527 pro

454 555 619 599 ipsismet
639 554 679 586 ad
703 553 808 585 finem
831 553 1044 598 predictum,
1068 551 1155 584 alias
1176 562 1248 583 non
1270 549 1409 582 facturi.

542 622 622 654 23⁰².
651 621 738 653 Item
761 626 796 652 et
816 619 912 664 quod
934 618 1076 651 nobiles
1093 619 1249 662 juvenes
1270 616 1440 650 Galterus
1462 623 1497 648 et
1517 615 1737 649 Guillelmus
1764 616 1893 648 fratres
1915 615 2111 661 nuncupati
2133 615 2177 648 de
2205 616 2315 648 Mom—

455 687 570 727 malia,
589 698 801 732 quamquam
824 692 948 718 essent
968 684 1190 717 sufficientes
1212 683 1253 715 ad
1282 682 1541 715 licentiandum
1564 682 1601 714 in
1621 681 1773 723 artibus,
1796 682 1879 726 quia
1901 689 2019 715 tamen
2045 694 2118 714 non
2139 681 2319 714 dederunt

453 760 573 787 vestes
604 765 682 786 cum
713 752 904 785 furraturis
926 751 1042 783 eidem
1071 749 1286 783 cancellario
1314 761 1413 781 more
1442 748 1633 790 nobilium,
1655 755 1715 781 aut
1745 749 1888 794 species
1915 749 1972 782 vel
1997 748 2141 794 jocalia,
2165 748 2249 781 licet
2275 760 2317 781 ex

455 827 552 865 parte
574 820 735 864 ipsorum
764 820 909 851 suerunt
934 817 1044 850 oblati
1070 817 1165 849 dicto
1194 815 1410 849 cancellario
1435 815 1500 848 xxti
1530 815 1643 848 franci
1675 815 1826 860 pluries,
1856 822 2010 848 attamen
2040 815 2214 848 licentiati
2244 826 2316 848 non

453 888 609 927 suerunt,
633 886 697 919 sed
718 887 864 918 fuerunt
885 884 1040 923 refutati,
1063 883 1145 928 quia
1167 895 1239 916 non
1261 882 1484 915 sufficienter
1500 882 1692 915 dederunt.

541 954 621 986 24³⁸.
649 954 734 985 Item
759 959 793 984 et
813 951 910 996 quod
931 950 1107 995 premissa
1129 956 1213 982 sunt
1229 961 1312 982 vera
1335 949 1475 982 notoria
1497 955 1532 981 et
1554 948 1753 990 manifesta,
1777 960 1887 994 super
1908 948 2042 993 quibus
2062 948 2319 982 laboraverunt

453 1027 488 1053 et
516 1020 681 1052 laborant
704 1018 906 1051 communis
932 1017 1069 1062 opinio,
1091 1016 1295 1049 communis
1325 1016 1491 1056 assertio,
1515 1027 1706 1048 commune
1732 1016 1881 1055 dictum,
1903 1027 1972 1048 vox
2002 1015 2145 1060 publica
2166 1022 2202 1048 et
2226 1015 2316 1048 fama

453 1086 612 1131 vulgaris
633 1093 701 1118 tam
724 1085 760 1117 in
782 1085 874 1117 dicta
896 1083 1138 1117 Universitate
1160 1090 1193 1116 et
1214 1082 1444 1115 facultatibus
1466 1082 1645 1127 ejusdem,
1672 1094 1777 1127 quam
1799 1082 1836 1115 in
1862 1082 1956 1115 dicta
1977 1082 2131 1115 ecclesia
2158 1088 2194 1115 et
2221 1081 2318 1128 capi-

452 1153 526 1185 tulo
548 1152 742 1185 parisiens.
765 1164 803 1184 ac
831 1151 922 1183 locis
943 1150 1225 1187 circumvicinis,
1250 1150 1295 1182 ita
1317 1149 1413 1194 quod
1435 1148 1545 1190 bone,
1566 1161 1697 1194 graves
1724 1156 1759 1182 et
1779 1148 1959 1182 notabiles
1984 1160 2142 1193 persone
2170 1148 2214 1181 de
2235 1160 2318 1194 pre-

451 1219 572 1252 missis
594 1218 806 1251 mirabiliter
827 1217 1126 1250 scandalizantur.

538 1287 617 1319 25⁰⁵.
646 1286 732 1318 Item
757 1291 791 1318 et
811 1284 908 1329 quod
929 1284 1047 1316 dictus
1068 1283 1306 1316 cancellarius
1326 1283 1420 1316 circa
1438 1295 1477 1316 ea
1499 1295 1568 1327 que
1590 1289 1743 1328 tangunt
1764 1282 1960 1327 predictam
1982 1282 2184 1315 facultatem
2202 1283 2319 1315 Timo-

449 1364 552 1386 Loom
579 1353 672 1385 circa
693 1351 927 1385 baccallarios
955 1351 998 1384 ad
1027 1350 1222 1395 predictam
1245 1350 1417 1383 lecturam
1442 1350 1722 1390 Sententiarum,
1750 1348 1785 1382 et
1805 1349 1895 1382 alios
1919 1349 1963 1382 ad
1990 1348 2170 1382 licentiam
2193 1348 2319 1382 admit-

450 1420 592 1461 tendos,
616 1426 648 1452 et
677 1418 875 1451 nonnullos
896 1418 1077 1451 admissos
1104 1408 1537 1462 licentiatosimpeditos,
1562 1416 1695 1449 multos
1716 1415 1852 1449 abusus
1874 1423 1909 1449 et
1929 1427 2102 1449 excessus
2123 1415 2317 1456 commisit,

449 1487 579 1520 multas
608 1497 756 1531 magnas
786 1485 1041 1530 peccuniarum
1070 1496 1227 1517 sommas
1257 1483 1300 1517 ab
1327 1484 1417 1528 ipsis
1448 1483 1674 1516 baccallariis
1696 1483 1960 1528 extorquendo,
1984 1494 2048 1528 per
2069 1494 2107 1515 se
2129 1482 2186 1516 vel
2206 1482 2313 1515 alium

445 1553 607 1586 indebite
630 1552 851 1597 recipiendo,
870 1558 938 1584 tam
959 1551 996 1584 in
1018 1551 1287 1596 presentatione
1309 1557 1560 1596 sygnetorum,
1579 1562 1683 1595 quam
1705 1550 1807 1591 alias,
1825 1562 1864 1583 ac
1880 1549 2105 1582 admittendo
2126 1549 2314 1594 indignos,

449 1620 492 1652 de
514 1619 646 1664 quibus
674 1619 837 1664 magistri
866 1618 960 1651 dicte
988 1618 1166 1651 facultatis
1197 1617 1381 1663 theologie
1412 1629 1484 1650 non
1511 1617 1764 1662 deposuerunt
1791 1628 1858 1649 nec
1883 1615 2033 1650 verbum
2061 1617 2178 1649 suerat
2198 1616 2242 1649 de
2263 1615 2316 1649 eis

448 1687 578 1719 factum
601 1686 636 1718 in
660 1686 751 1718 dicta
773 1685 953 1725 facultate,
975 1697 1014 1717 ac
1037 1684 1113 1717 loca
1137 1684 1444 1725 transmutand0³,
1468 1683 1589 1728 dignis
1611 1683 1785 1729 indignos
1811 1683 2063 1728 preponendO,
2088 1689 2212 1716 contra
2234 1688 2315 1716 vota

449 1759 484 1785 et
504 1752 792 1786 deliberaciones
815 1751 1068 1796 magistrorum
1092 1751 1186 1783 dicte
1203 1751 1382 1784 facultatis
1403 1750 1588 1796 theologie
1610 1762 1649 1783 ac
1670 1757 1794 1783 contra
1813 1749 2046 1795 privilegium
2068 1749 2165 1794 quod
2181 1748 2318 1794 juravit

449 1819 656 1860 observare,
683 1818 878 1851 nonnullos
901 1818 1005 1850 etiam
1026 1817 1230 1850 licentiatos
1253 1824 1285 1850 et
1307 1817 1543 1850 baccallarios
1565 1817 1729 1862 ejusdem
1751 1816 1931 1850 facultatis
1952 1828 2017 1861 per
2038 1816 2165 1856 minas,
2187 1826 2316 1861 preces

448 1886 506 1919 vel
526 1886 613 1918 alias
634 1885 800 1930 cogendo
822 1885 865 1918 ad
896 1885 1143 1930 recipiendum
1175 1885 1311 1930 gradus
1342 1884 1616 1917 baccallariatus
1644 1896 1683 1917 ac
1710 1884 1944 1929 magistratus
1965 1883 2067 1928 ipsos
2091 1882 2160 1915 sub
2180 1882 2260 1927 ipso
2281 1888 2317 1915 et

449 1965 521 1985 non
543 1952 610 1985 sul)
631 1952 756 1985 altero.

536 2021 616 2053 26⁰2.
645 2021 731 2052 Item
762 2026 796 2051 et
817 2020 914 2064 quod
944 2020 1052 2052 frater
1073 2018 1293 2052 Guillelmus
1321 2018 1365 2051 de
1394 2018 1571 2051 Roseriis.
1598 2017 1686 2051 Ord.
1719 2017 1875 2056 Predic.,
1897 2017 1974 2050 bac.
2006 2016 2043 2049 in
2073 2015 2200 2057 theol.,
2231 2015 2315 2048 licet

449 2098 511 2131 per
532 2086 736 2131 Capitulum
767 2085 938 2131 generale
968 2086 1025 2118 sui
1053 2085 1201 2118 Ordinis
1229 2085 1359 2118 suisset
1386 2085 1575 2118 ordinatus
1602 2084 1646 2117 ad
1675 2084 1872 2129 legendum
1893 2083 2026 2116 librum
2049 2082 2313 2116 Sententiarum

448 2153 607 2188 Parisius
628 2157 685 2194 [et]
713 2165 781 2185 una
802 2165 882 2185 cum
911 2152 978 2185 hoc
1005 2164 1069 2197 pro
1098 2151 1307 2196 hujusmodi
1335 2151 1471 2184 lectura
1493 2151 1690 2184 obtinenda
1718 2151 1950 2196 impetrasset
1969 2162 1987 2183 a
2008 2150 2096 2182 sede
2117 2148 2315 2194 apostolica

449 2219 566 2252 bullas
583 2219 677 2252 dicto
695 2219 910 2252 cancellario
928 2219 1116 2260 directasb,
1134 2219 1305 2263 ipsasque
1323 2218 1441 2251 bullas
1459 2218 1554 2251 dicto
1572 2217 1788 2251 cancellario
1806 2223 2053 2263 presentasset
2072 2228 2078 2248 :
2101 2216 2180 2261 ipse
2198 2222 2316 2248 tamen

449 2286 684 2318 cancellarius
705 2286 749 2318 ad
770 2286 1039 2330 impediendum
1058 2285 1192 2318 dictum
1215 2286 1359 2318 fratrem
1382 2291 1417 2318 et
1434 2285 1643 2326 videndum,
1664 2296 1708 2317 an
1729 2283 1866 2328 aliquid
1888 2289 2013 2328 posset
2035 2282 2171 2327 opponi
2191 2287 2315 2314 contra

449 2352 562 2384 dictas
590 2352 719 2393 bullas,
743 2352 915 2385 discurrit
944 2364 1008 2397 per
1035 2352 1228 2385 advocatos
1255 2352 1409 2385 civitatis
1440 2351 1671 2384 Parisiensis.
1694 2350 1801 2394 Quod
1831 2350 1984 2383 audiens
2011 2349 2107 2382 idem
2135 2349 2245 2381 frater
2271 2347 2315 2381 ad

450 2419 699 2451 redimendum
721 2419 944 2452 vexationem
966 2431 1067 2451 suain
1088 2425 1123 2451 et
1145 2425 1182 2451 ut
1207 2418 1363 2451 celerius
1385 2418 1636 2451 admitteretur
1658 2418 1702 2450 ad
1729 2417 1901 2450 lecturam
1935 2415 2216 2455 Sententiarum,
2245 2421 2314 2447 tra-

450 2485 541 2517 didit
562 2485 656 2518 dicto
679 2485 893 2517 cancellario
914 2486 977 2518 xxti
1001 2486 1144 2518 francos
1166 2485 1256 2526 auri,
1280 2491 1315 2518 et
1337 2497 1407 2518 una
1429 2497 1509 2517 cum
1531 2484 1598 2518 hoc
1620 2484 1705 2517 fecit
1724 2484 1794 2517 sibi
1815 2482 2017 2528 presentari
2038 2494 2144 2515 unam
2166 2481 2314 2514 caudam

450 2551 523 2584 vini
554 2551 597 2584 de
628 2551 751 2593 Belua,
784 2552 905 2596 precio
937 2552 1143 2596 quindecim
1173 2552 1392 2585 francorum.
1423 2552 1523 2594 Quos
1553 2551 1698 2596 quidem
1730 2551 1795 2583 xxti
1823 2551 1967 2583 francos
1999 2555 2034 2582 et
2063 2548 2210 2581 caudam
2240 2546 2315 2581 vini

451 2618 568 2650 dictus
589 2618 825 2651 cancellarius
852 2618 988 2663 recepit
1013 2625 1047 2651 et
1071 2618 1209 2660 habuit,
1231 2625 1266 2651 et
1293 2618 1554 2651 nichilominus
1581 2618 1724 2663 quidam
1747 2617 1837 2650 alter
1860 2617 1970 2649 frater
1991 2615 2047 2649 sui
2068 2614 2230 2655 Ordinis,
2253 2613 2315 2659 qui

449 2696 522 2717 non
550 2691 624 2717 erat
654 2685 855 2729 rigorosus⁷
887 2685 954 2718 fuit
982 2685 1191 2729 prepositus
1220 2685 1316 2718 dicto
1346 2685 1445 2718 fratri
1477 2684 1689 2726 Guillelmo,
1714 2696 1778 2729 pro
1807 2695 1850 2716 eo
1877 2682 1975 2728 quod
2005 2682 2137 2715 dicitur
2167 2681 2314 2714 dedisse

450 2751 635 2796 sexaginta
655 2751 798 2783 francos
819 2751 1047 2784 cancellario.

537 2818 617 2851 272³.
646 2818 732 2850 Item
756 2824 790 2850 et
810 2817 907 2862 quod
928 2817 1045 2850 dictus
1073 2817 1311 2851 cancellarius
1341 2818 1377 2850 in
1406 2818 1558 2863 quadam
1587 2816 1881 2862 congregacione
1907 2815 2086 2849 facultatis
2115 2813 2313 2858 theologie,

449 2883 485 2916 in
510 2895 579 2928 qua
609 2890 710 2916 erant
739 2883 862 2928 plures
890 2884 1053 2928 magistri
1081 2884 1175 2917 dicte
1204 2884 1395 2925 facultatis,
1418 2896 1497 2917 cum
1530 2884 1634 2917 fieret
1664 2883 1799 2916 mentio
1829 2883 1873 2915 de
1904 2882 1997 2915 dicta
2027 2881 2139 2914 cauda
2165 2879 2239 2913 vini
2270 2878 2314 2912 de

558 2942 598 2965 45.
