2488 3386
447 350 511 382 644
1270 358 1486 380 APPENDIX.

534 433 591 468 (19)
606 434 678 459 Item
690 433 825 466 jurabitis
838 441 898 459 non
914 433 1053 459 solicitare
1069 441 1120 467 per
1135 441 1182 459 vos
1199 433 1240 460 vel
1256 441 1306 467 per
1321 433 1413 459 alium
1428 433 1558 466 aliquem
1573 432 1722 462 scolarem,
1738 432 1876 466 precipue
1890 439 1960 458 cum
1975 431 2063 458 scolas
2077 430 2200 465 alicujus
2214 431 2312 458 docto-

446 483 483 508 ris
498 482 541 508 vel
556 482 704 508 baccalarii
717 482 877 507 intraverit.

535 530 589 565 (20)
602 532 675 556 Item
690 538 750 556 non
766 531 864 564 legetis
878 530 1013 564 privatim
1028 531 1071 557 vel
1087 531 1201 565 publice
1216 531 1375 557 Dccretales
1389 531 1420 555 in
1435 530 1579 563 presentia
1590 529 1713 564 alicujus
1727 529 1861 565 doctoris,
1879 529 1933 555 nisi
1948 528 2100 562 contingat
2112 535 2160 554 vos
2175 528 2210 555 de
2224 535 2312 555 mane

444 579 546 612 legere.
563 580 644 605 Tunc
659 579 809 605 modicum
825 580 919 613 prima
938 580 983 606 die
1002 580 1141 606 ordinarii
1165 580 1200 606 de
1221 581 1357 613 precepto
1379 579 1480 605 decani
1502 579 1532 605 in
1555 578 1698 612 presentia
1720 578 1877 605 doctorum
1901 578 1995 611 legere
2010 577 2151 611 poteritis,
2167 578 2256 611 prout
2270 577 2312 603 est

445 628 506 654 sieri
521 630 705 654 consuetum.
1118 623 1121 627 ”

532 676 588 711 (21)
601 678 674 703 Item
689 685 750 703 non
764 677 889 703 revelare
904 679 1009 703 secreta
1024 677 1145 710 collegii,
1163 677 1193 702 in
1210 679 1358 710 quantum
1372 678 1554 703 concernunt
1569 678 1680 702 statum
1695 676 1854 703 haccalarii.

531 725 589 760 (22)
603 727 676 752 Item
690 734 749 751 non
763 727 852 752 facere
865 727 1048 760 propositum
1066 726 1118 751 nisi
1134 726 1165 751 in
1180 726 1261 752 scolis
1276 726 1306 751 in
1323 726 1432 759 quibus
1446 725 1598 752 intenditis
1610 726 1714 759 legere.
1731 725 1870 759 Alioquin
1885 724 1998 751 solvetis
2017 724 2090 750 duos
2104 724 2209 750 solidos
2223 723 2309 758 paris.

443 775 632 808 proprietario
647 775 800 804 scolarum,
818 775 848 800 in
863 776 971 808 quibus
986 775 1091 801 facietis
1104 775 1288 808 propositum
1304 777 1442 801 vestrum.

532 824 587 858 (23)
607 825 680 850 Item
701 824 836 857 jurabitis
859 824 964 850 habere
990 824 1077 850 libros
1102 824 1241 850 textuales
1265 831 1334 850 cum
1350 824 1436 857 glosis
1455 823 1608 849 ordinariis
1620 824 1696 857 ¹iuris
1712 822 1853 849 canonici.
1874 823 1910 849 Et
1928 822 1950 848 si
1970 830 2072 848 omnes
2091 829 2144 856 pro
2162 823 2235 848 tunc
2249 829 2310 847 non

442 873 579 902 habeatis,
595 874 624 899 et
639 873 675 898 sit
695 881 777 899 causa
791 873 977 902 rationabilis,
993 873 1013 898 si
1029 873 1161 898 videatur
1177 873 1297 906 collegio
1316 873 1460 906 expedire,
1482 874 1554 898 tunc
1576 872 1750 898 admittatur
1769 872 1842 902 talis,
1858 872 1933 897 dum
1948 873 2047 898 tamen
2062 871 2142 905 prius
2154 871 2234 905 juret
2249 860 2310 897 non

442 922 567 955 incipere
582 930 664 948 suam
679 922 820 948 lecturam
836 929 990 955 quousque
1005 921 1139 948 habuerit
1154 922 1252 951 libros,
1269 923 1303 947 ut
1317 921 1450 955 superius
1464 929 1632 955 expressum
1646 922 1698 947 est.

530 970 583 1003 (24)
600 972 673 996 Item
689 978 748 996 non
764 970 862 1003 legetis
877 971 1035 996 Decretales
1048 972 1126 996 extra
1141 971 1238 996 vicum
1251 970 1340 996 clausi
1355 970 1498 1000 Brunelli,
1515 970 1569 996 nisi
1584 970 1699 996 licentia
1714 977 1801 1004 super
1813 970 1868 996 hoc
1882 969 1972 1003 petita
1993 970 2021 995 et
2035 970 2155 1003 optenta
2169 976 2186 994 a
2200 969 2310 995 decano

440 1020 468 1046 et
482 1020 601 1053 collegio
617 1020 759 1046 facultatis
773 1019 973 1047 Decretorum.
991 1027 1043 1045 nec
1063 1020 1135 1045 tunc
1150 1019 1262 1053 possitis
1275 1020 1369 1053 legere
1384 1021 1464 1045 extra
1479 1019 1593 1045 dictum
1612 1019 1709 1045 vicum
1730 1019 1818 1044 clausi
1833 1018 1972 1048 Brunelli,
1990 1017 2044 1043 nisi
2064 1017 2178 1043 solvatis
2191 1017 2309 1051 pensio-

440 1076 509 1095 nem
528 1076 580 1102 pro
595 1069 675 1094 scolis
694 1076 726 1094 ac
749 1068 770 1093 si
791 1068 821 1093 in
840 1068 917 1094 dicto
934 1068 1059 1094 claustro
1079 1067 1140 1103 (sic)
1162 1068 1293 1094 Brunelli
1312 1068 1448 1102 legeritis,
1465 1068 1509 1094 vel
1531 1067 1786 1101 quemadmodum
1807 1067 1905 1100 legens
1924 1067 1955 1092 in
1969 1066 2047 1092 dicto
2062 1066 2187 1092 claustro
2202 1066 2310 1092 solvere

439 1117 595 1146 consuevit,
612 1119 640 1143 et
654 1117 690 1142 ad
706 1125 774 1142 usus
789 1117 932 1143 facultatis
946 1117 1161 1150 applicandam.

527 1165 583 1200 (25)
598 1167 670 1192 Item
686 1167 754 1199 quia
769 1166 864 1192 omnis
878 1174 923 1192 ars
937 1168 966 1192 et
982 1167 1113 1193 doctrina
1131 1175 1182 1200 per
1197 1166 1368 1192 exercitium
1387 1166 1506 1200 suscipit
1520 1166 1750 1196 incrementum,
1764 1165 1900 1200 jurabitis
1916 1173 1978 1191 non
1990 1165 2124 1191 accedere
2135 1164 2172 1190 ad
2187 1171 2309 1190 examen

437 1215 560 1243 licentie,
577 1215 630 1241 nisi
645 1215 781 1248 primitus
800 1215 830 1240 in
843 1215 1040 1248 disputatione
1055 1216 1171 1249 publica
1186 1217 1215 1242 et
1229 1216 1354 1242 solemni
1371 1215 1493 1241 Parisius
1509 1216 1563 1241 sub
1577 1216 1695 1242 doctore
1711 1215 1835 1241 Parisius
1849 1215 1969 1248 regente
1983 1213 2198 1247 responderitis.
2215 1212 2308 1246 Super

438 1271 497 1297 quo
512 1265 611 1290 tamen
626 1264 731 1297 poterit
746 1264 893 1290 vobiscum
907 1264 985 1298 justa
1000 1264 1173 1291 subsistente
1189 1272 1273 1291 causa
1288 1264 1446 1298 dispensari
1461 1272 1512 1298 per
1528 1265 1706 1291 facultatem.

526 1312 582 1347 (26)
595 1313 668 1338 Item
679 1313 813 1346 jurabitis
828 1313 933 1338 nullibi
957 1313 1082 1347 reprerc
1097 1313 1212 1340 licentie
1226 1313 1353 1346 gradum
1376 1314 1407 1339 in
1426 1314 1494 1347 jure
1509 1313 1649 1340 canonico
1668 1321 1760 1347 quam
1779 1313 1810 1338 in
1833 1312 2024 1338 Universitate
2047 1309 2223 1341 Parisiensi¹,
2239 1310 2262 1337 si
2275 1310 2308 1336 in

437 1362 537 1387 eadem
553 1362 752 1387 continuando
771 1370 891 1387 cursum
912 1362 999 1388 studii
1019 1362 1103 1388 vestri
1122 1362 1311 1396 acquisieritis
1330 1364 1448 1396 tempus
1464 1363 1506 1388 vel
1525 1364 1639 1396 partem
1654 1362 1795 1396 temporis
1815 1362 1852 1388 ad
1871 1361 2020 1387 licentiam
2034 1360 2236 1390 obtinendam,
2253 1359 2309 1386 nisi

437 1412 535 1436 tamen
551 1411 630 1444 prius
644 1410 739 1436 debite
753 1411 892 1443 petieritis
906 1413 934 1437 et
949 1411 1133 1437 obtinueritis
1146 1419 1162 1437 a
1174 1411 1283 1437 decano
1298 1413 1326 1437 et
1339 1411 1459 1445 collegio
1472 1411 1548 1437 dicte
1559 1411 1703 1438 facultatis
1715 1411 1862 1437 licentiam
1875 1410 1982 1443 gradus
1992 1408 2076 1435 vestri
2089 1408 2305 1438 baccalariatus,

437 1459 525 1485 simul
540 1461 568 1485 et
585 1467 686 1485 omnes
703 1460 828 1485 cedullas
843 1468 894 1493 per
917 1468 965 1486 vos
980 1460 1087 1486 ibidem
1103 1461 1208 1486 levatas
1224 1469 1311 1494 super
1330 1461 1447 1487 lectur1s
1460 1462 1489 1487 et
1503 1460 1704 1486 voluminibus
1719 1468 1751 1486 ac
1772 1461 1904 1493 tempore
1918 1458 2059 1492 acquisito
2073 1458 2104 1484 in
2119 1458 2195 1484 dicta
2211 1457 2306 1484 facul-

437 1509 505 1538 tate,
517 1509 545 1534 et
559 1516 610 1542 per
620 1508 762 1534 bidellum
777 1508 807 1534 in
823 1509 913 1538 scolis,
929 1510 964 1535 ut
978 1509 1067 1535 moris
1081 1511 1132 1539 est,
1146 1510 1347 1542 proclamatas.
1360 1510 1505 1543 Quodque
1517 1509 1606 1535 etiam
1616 1509 1798 1542 integraliter
1809 1508 1997 1535 satisfeceritis
2005 1509 2066 1533 tam
2077 1507 2112 1533 de
2122 1514 2197 1540 pena
2209 1505 2307 1533 debita

437 1564 489 1590 pro
504 1557 624 1590 singulis
636 1557 814 1586 deffectibus.
832 1558 853 1583 si
873 1566 946 1591 quos
962 1558 1056 1584 forsan
1072 1558 1226 1592 contigerit
1239 1566 1287 1585 vos
1307 1560 1380 1585 tunc
1399 1558 1585 1588 commisisse,
1602 1558 1753 1584 declaratis
1768 1558 1798 1583 in
1810 1563 1849 1592 70,
1862 1557 1892 1583 8ῡ
1902 1559 1931 1583 et
1947 1562 1976 1592 9⁰
1988 1556 2117 1582 articulis
2131 1563 2212 1582 nunc
2226 1554 2306 1581 vobis

437 1605 516 1631 lectis
530 1607 558 1631 et
572 1613 623 1638 per
636 1614 683 1631 vos
694 1606 808 1639 juratis,
824 1614 914 1640 quam
930 1607 1018 1632 etiam
1032 1607 1068 1633 de
1084 1607 1197 1633 sallario
1214 1607 1271 1633 sive
1286 1608 1426 1641 pensione
1441 1607 1586 1633 scolarum
1603 1607 1635 1632 in
1650 1607 1759 1640 quibus
1773 1606 1908 1640 legeritis,
1925 1605 1960 1632 de
1975 1605 2100 1631 collectis
2117 1604 2259 1634 similiter,
2273 1610 2306 1630 ac

437 1654 524 1680 ctiam
545 1654 580 1680 de
591 1654 707 1687 juribus
721 1655 823 1680 debitis
844 1655 952 1688 legenti
972 1664 1021 1682 seu
1041 1656 1204 1689 legentibus
1225 1657 1369 1682 lecturam
1392 1656 1570 1683 ordinariam
1586 1657 1614 1682 ct
1634 1655 1746 1682 bidellis
1767 1655 1842 1682 dicte
1862 1654 2015 1684 facultatis,
2032 1654 2084 1688 qui
2105 1661 2159 1687 pro
2174 1654 2306 1687 tempore

437 1704 535 1732 erunt,
548 1703 631 1736 juxta
644 1704 732 1736 ipsius
747 1704 890 1729 facultatis
904 1704 1101 1731 ordinationes
1113 1706 1142 1731 et
1158 1707 1275 1731 statuta.

527 1751 670 1785 Quodque
683 1760 768 1785 super
779 1753 948 1786 hujusmodi
960 1754 1130 1786 juramento
1145 1754 1390 1787 dispensationem
1406 1762 1422 1780 a
1437 1754 1539 1788 quovis
1554 1754 1711 1787 superiore,
1728 1753 1816 1780 etiam
1829 1753 1894 1779 sede
1908 1751 2073 1786 apostolica,
2087 1758 2149 1777 non
2162 1750 2305 1784 impetra-

439 1800 513 1830 bitis,
537 1808 632 1834 neque
653 1809 704 1834 per
718 1801 810 1826 alium
829 1801 979 1835 impetrari
1002 1803 1149 1828 curabitis.
1165 1803 1200 1828 Et
1216 1803 1237 1828 si
1257 1803 1338 1828 illam
1361 1803 1512 1837 impetrari
1531 1804 1583 1829 aut
1604 1804 1689 1829 motu
1708 1802 1827 1836 proprio
1842 1802 1886 1828 vel
1898 1801 1967 1827 alias
1981 1800 2099 1827 concedi
2111 1799 2304 1833 contingeret,

438 1849 538 1875 eadem
549 1850 761 1882 dispensatione
773 1850 816 1876 vel
829 1851 890 1884 ejus
905 1851 1008 1876 ci‘scctu
1024 1859 1085 1877 non
1101 1852 1253 1878 utemini³.

531 1936 598 1959 Bibl.
615 1937 706 1960 Arsen.
720 1936 803 1960 Paris.
821 1946 869 1961 ms.
888 1938 956 1966 1121,
973 1942 1048 1969 parte
1062 1940 1104 1969 111,
1120 1947 1147 1970 p.
1162 1940 1200 1969 10,
1213 1948 1226 1962 e
1242 1941 1303 1962 msto
1318 1940 1498 1963 Cheltenham.
1518 1940 1587 1969 2863,
1602 1939 1676 1968 ibid„
1695 1940 1712 1962 f.
1730 1939 1772 1962 VI.
1788 1952 1820 1956 —
1831 1937 1966 1966 Quasdam
1981 1936 2035 1960 vid.
2051 1936 2078 1959 in
2093 1939 2121 1959 n⁰
2137 1936 2206 1959 1697.

532 2021 553 2043 1.
568 2020 626 2044 Vid.
644 2021 784 2050 Chartul.‚
802 2022 834 2050 II,
850 2030 876 2052 p.
895 2023 947 2050 504,
964 2026 1016 2046 not.
1031 2023 1054 2052 2,
1069 2026 1094 2046 et
1113 2023 1182 2046 infra
1198 2028 1226 2046 n⁰
1244 2024 1314 2047 1712.
1329 2037 1359 2042 —-
1372 2024 1395 2048 2.
1412 2024 1466 2047 Hoc
1481 2027 1618 2052 statutum,
1637 2023 1746 2047 mutatis
1766 2021 1910 2051 mutandis,
1923 2024 1985 2044 tunc
1998 2020 2127 2052 temporis
2142 2019 2168 2043 in
2183 2019 2306 2043 omnibus

439 2065 660 2088 Universitatibus
676 2066 853 2089 introductum
868 2070 934 2090 erat.
957 2068 994 2090 Ex
1014 2076 1064 2098 quo
1079 2067 1231 2091 licentiandi
1253 2069 1294 2091 vel
1310 2069 1485 2100 magistrandi
1501 2077 1580 2100 saepe
1597 2069 1630 2092 ad
1653 2068 1741 2091 sedem
1765 2066 1940 2099 apostolicam
1959 2067 2136 2093 recurrerunt,
2155 2067 2184 2087 ut
2203 2064 2236 2088 ab
2257 2063 2306 2087 hoc

435 2110 584 2140 juramento
598 2110 797 2133 absolverentur
807 2114 832 2134 et
843 2111 868 2133 in
879 2111 932 2134 alia
943 2111 1120 2135 Universitate
1135 2112 1268 2136 licentiam
1279 2113 1320 2136 vel
1332 2113 1516 2144 magisterium
1527 2113 1644 2144 recipere
1658 2115 1775 2144 possent,
1788 2115 1817 2135 ut
1827 2113 1962 2142 apparete
1972 2110 2096 2140 Reyestis
2112 2109 2174 2133 Vat.
2183 2122 2210 2126 —
2219 2109 2242 2134 3.
2252 2108 2306 2131 11⁰0

439 2157 565 2177 statutum
578 2154 732 2185 posterioris
748 2158 787 2178 est
801 2155 936 2186 temporis.

447 2312 585 2349 1699.
609 2330 624 2347 <<
642 2324 779 2348 Secuntur
793 2326 904 2348 statuta
921 2325 1069 2358 tangentia
1087 2324 1268 2351 baccalarios
1285 2325 1418 2360 legentes.
1437 2335 1452 2351 ›

532 2416 569 2451 (1)
585 2417 682 2443 Primo
701 2419 819 2451 quando
840 2420 918 2445 fiunt
938 2420 1021 2446 misse
1045 2428 1217 2447 communes
1237 2422 1394 2448 doctorum
1413 2423 1442 2448 et
1465 2422 1693 2448 baccalariorum
1716 2419 1860 2446 facultatis
1880 2419 2080 2447 Decretorum,
2101 2415 2251 2442 baccalarii
2269 2415 2306 2441 de

444 2472 529 2490 mane
541 2465 667 2498 legentes
680 2467 834 2498 precedent
848 2468 917 2493 alios
934 2468 965 2493 in
981 2469 1104 2498 sedibus,
1121 2470 1359 2503 processionibus,
1375 2470 1572 2496 oblationibus
1589 2472 1618 2496 et
1632 2469 1709 2503 pacis
1725 2468 1843 2497 osculis;
1860 2467 1908 2493 alii
1925 2473 1992 2493 vero
2006 2464 2156 2491 baccalarii
2170 2463 2307 2490 incedent.

444 2514 474 2538 in
493 2514 637 2546 premissis
658 2515 819 2540 secundum
843 2517 1059 2549 antiquitatem,
1083 2518 1170 2551 primi
1194 2520 1222 2544 et
1244 2520 1422 2552 posteriores,
1444 2521 1533 2552 prout
1552 2519 1677 2552 quisque
1696 2518 1798 2551 junior
1819 2517 1863 2543 vel
1882 2515 2032 2549 antiquior
2055 2514 2086 2539 in
2106 2514 2215 2539 lectura
2231 2512 2307 2546 juris

444 2562 574 2588 canonici
589 2562 685 2592 fucrit,
703 2563 756 2588 nisi
763 2564 864 2596 junior
879 2566 964 2591 fuerit
977 2567 1080 2592 nobilis
1095 2568 1138 2593 vel
1153 2568 1183 2593 in
1196 2568 1337 2601 dignitate
1353 2569 1403 2594 tali
1418 2568 1603 2597 constitutus,
1620 2567 1667 2594 cui
1682 2575 1733 2600 per
1747 2565 1927 2599 antiquiores
1941 2564 1978 2590 sit
1988 2564 2072 2597 juxta
2087 2562 2307 2596 dispositionem

446 2610 588 2636 facultatis
601 2611 712 2637 ratione
726 2612 874 2644 dignitatis
889 2615 931 2639 vel
948 2615 1105 2641 nobilitatis
1119 2616 1321 2642 deserendum.

534 2658 573 2693 (2)
585 2659 659 2685 Item
676 2660 776 2685 nullus
790 2661 962 2688 baccalarius
983 2665 1075 2696 potest
1092 2665 1185 2696 legere
1200 2665 1254 2690 nisi
1269 2666 1300 2691 in
1314 2665 1395 2692 scolis
1417 2665 1622 2694 doctoralibus,
1639 2663 1746 2690 scilicet
1764 2663 1796 2689 in
1810 2662 1918 2696 quibus
1932 2662 1974 2688 est
1988 2661 2091 2686 doctor
2112 2666 2214 2692 regens
2228 2659 2306 2688 actu.

446 2706 500 2733 nisi
516 2715 566 2740 per
580 2708 735 2741 collegium
751 2709 836 2734 fuerit
853 2718 920 2735 cum
936 2719 969 2736 eo
988 2712 1197 2745 dispensatum.
1222 2714 1249 2740 Si
1265 2715 1365 2740 tamen
1379 2723 1431 2748 per
1446 2715 1519 2740 duos
1538 2721 1651 2740 menses
1671 2712 1773 2745 legerit
1786 2711 1818 2737 in
1839 2711 1921 2737 scolis
1941 2709 2066 2736 doctoris
2084 2710 2152 2734 actu
2171 2706 2306 2740 regentis,

446 2755 553 2782 ibidem
569 2763 661 2789 usque
676 2756 706 2782 in
722 2758 812 2782 finem
828 2759 897 2783 anni
916 2761 1032 2785 tenetur
1051 2761 1223 2788 continuare
1247 2763 1384 2789 lectiones
1404 2771 1478 2793 suas,
1501 2763 1643 2789 satisfacto
1662 2761 1698 2787 de
1713 2760 1853 2794 pensione
1868 2759 1913 2785 vel
1926 2758 1963 2785 de
1977 2757 2175 2784 satisfaciendo
2189 2755 2308 2790 prestita

446 2804 580 2830 cautione
595 2805 716 2838 ydonea,
732 2806 843 2831 etiamsi
859 2807 1006 2834 doctorem
1021 2810 1170 2836 absentare
1185 2812 1366 2844 contingeret
1380 2812 1489 2845 absque
1501 2819 1550 2845 spe
1564 2810 1736 2837 revertendi.

535 2853 573 2887 (3)
588 2854 661 2880 Item
675 2862 744 2880 cum
759 2855 933 2882 baccalarius
947 2857 1088 2884 lecturam
1103 2867 1186 2885 suam
1198 2860 1337 2893 inceperit
1351 2861 1383 2886 in
1398 2861 1479 2887 scolis
1493 2859 1618 2886 doctoris
1632 2861 1699 2885 actu
1714 2858 1847 2892 regentis,
1865 2865 1926 2883 non
1941 2856 2048 2890 poterit
2060 2863 2088 2882 se
2103 2854 2258 2881 transferre
2271 2852 2308 2879 ad

447 2902 534 2927 scolas
548 2902 664 2928 alterius
676 2903 809 2933 doctoris,
827 2905 881 2930 nisi
892 2905 927 2931 de
943 2909 1076 2940 precepto
1090 2908 1133 2933 vel
1148 2909 1263 2935 licentia
1278 2909 1390 2943 collegii
1403 2910 1447 2936 vel
1461 2903 1497 2936 de
1509 2909 1624 2936 licentia
1637 2908 1725 2942 primi
1738 2906 1873 2933 doctoris.
