2488 3386
188 339 283 375 1368]
609 352 655 373 AB
690 352 795 373 ΑΝΝο
829 351 960 374 MCCCL
994 352 1124 379 USQUE
1160 352 1207 373 An
1242 352 1506 374 BENEDICTUM
1531 353 1621 374 X111.
1985 344 2047 376 175

186 425 307 458 debite
329 432 479 470 possent
503 432 537 458 et
564 425 740 458 deberent
758 437 764 458 z
784 432 1054 470 verumptamen
1076 437 1142 457 nos
1164 425 1210 457 ob
1237 426 1395 458 savorem
1417 433 1452 458 et
1472 438 1642 467 amorem,
1666 438 1757 470 quos
1779 426 1872 458 dicte
1894 427 2047 460 Univer-

185 493 280 525 sitati
313 492 519 537 specialiter
547 492 722 536 gerimus,
757 492 793 524 in
820 491 884 524 hac
915 498 1014 536 parte
1045 491 1228 524 noluimus
1258 504 1324 524 nec
1354 491 1521 524 volumus
1551 498 1674 524 contra
1705 493 1805 536 ipsos
1835 493 2045 537 magistrum

185 560 329 592 Petrum
355 565 389 591 et
414 558 573 591 scolares
594 558 786 591 occasione
806 558 1015 603 hujusmodi
1043 557 1282 590 rebellionum
1305 564 1340 590 et
1367 558 1700 590 inobedienciarum
1725 571 1788 603 per
1809 559 1941 591 (lictum
1965 572 2046 604 pro-

185 632 385 658 curatorem
412 631 575 658 nostrum
605 625 901 670 prosecucionem
929 637 1024 657 nunc
1045 624 1102 657 vel
1130 625 1365 669 imposterum
1395 624 1473 657 fieri
1501 624 1706 669 aliqualem,
1729 632 1949 670 caveantque
1977 626 2045 658 sibi

185 692 269 725 dicti
291 692 464 737 magister
484 693 612 724 Petrus
633 698 669 724 et
688 691 848 724 scolares
869 703 908 724 ac
929 691 1148 736 quicumque
1165 691 1224 723 alii
1242 703 1286 723 ne
1304 691 1473 724 decetero
1496 691 1602 724 nohis
1619 691 1675 724 vel
1697 691 1869 736 gentibus
1890 699 1950 724 aut
1970 693 2045 725 ossi-

183 759 303 791 ciariis
324 758 460 791 nostris
482 757 638 791 rebelles
658 758 716 791 vel
736 758 991 791 inobedientes
1012 758 1184 799 existant3
1208 770 1287 790 nam
1310 770 1353 790 ex
1379 758 1446 790 hoc
1468 757 1575 790 nobis
1596 758 1746 790 multum
1775 770 1840 791 nec
1868 759 2046 791 immerito

183 825 406 870 displiceret,
427 837 466 857 ac
487 825 588 869 ipsos
617 825 795 858 mediante
818 824 964 869 justicia
993 836 1103 869 super
1132 824 1200 857 hoc
1232 824 1456 869 puniremus,
1487 831 1524 857 ut
1554 831 1652 857 esset
1682 825 1849 857 racionis.
1882 826 2045 858 Pronun-

183 892 312 925 ciatum
333 891 370 923 in
391 897 508 924 castro
530 891 574 923 de
595 892 735 936 Lupera
756 903 875 924 coram
898 903 984 936 rege
1005 891 1101 923 xxixa
1122 891 1179 923 die
1201 890 1426 932 Decembris,
1449 892 1499 923 Μο
1511 891 1616 924 CCC⁰
1630 892 1771 924 LXVII.

1713 958 1822 990 BUCY.

275 1056 352 1080 Arch.
369 1060 423 1080 nat.
437 1056 520 1080 Paris.
538 1057 583 1079 ΧΞΠᾸ
598 1056 706 1085 (Crim.)
717 1057 740 1085 8,
757 1056 802 1079 sol.
819 1056 856 1078 19.
872 1070 894 1073 -
913 1055 996 1086 Hujus
1013 1055 1073 1078 facti
1085 1055 1180 1078 mentio
1194 1055 1273 1078 fiebat
1286 1056 1311 1078 in
1326 1055 1509 1086 Lib.procur.
1525 1060 1585 1080 'nat-
1600 1055 1698 1079 Gallie.
1712 1063 1721 1079 :
1733 1064 1743 1077 (ι
1758 1056 1783 1078 10
1800 1055 1891 1086 vigilia
1906 1056 1931 1079 b.
1947 1056 2047 1079 Nicolai

182 1104 320 1124 moverunt
337 1101 441 1132 brigam
457 1101 563 1124 clientes
580 1100 671 1123 militis
687 1100 856 1123 excubiarum
871 1103 961 1123 eontra
977 1109 1047 1131 mag.
1063 1101 1168 1123 Petrum
1183 1101 1214 1123 de
1230 1100 1311 1131 Zippu
1327 1103 1352 1123 ct
1366 1100 1422 1130 ejus
1441 1101 1569 1128 scolarcs3
1586 1103 1611 1123 et
1625 1100 1681 1131 ipsc
1699 1108 1811 1123 unacum
1828 1101 1974 1124 scolaribus
1991 1101 2046 1124 suis

183 1147 288 1169 suerunt
300 1145 370 1168 ducti
386 1154 433 1176 prr
446 1145 529 1168 dictos
547 1145 653 1168 clientes
669 1145 701 1167 ad
718 1145 900 1172 Castellctum;
918 1148 943 1167 et
956 1145 1056 1167 ratione
1072 1145 1148 1176 hujus
1165 1145 1294 1176 captionis
1308 1148 1435 1167 venerunt
1447 1145 1479 1168 ad
1491 1145 1626 1168 emendam
1641 1145 1712 1176 apud
1728 1145 1754 1168 S.
1769 1145 1928 1168 Maturinum
1941 1146 2046 1168 domino

183 1190 277 1213 rectori
293 1193 318 1213 et
333 1190 401 1213 dicto
416 1190 544 1221 magistro
560 1192 660 1220 septem
676 1189 707 1212 de
722 1189 798 1212 dictis
817 1189 955 1212 clientibus
971 1198 991 1217 ›>,
1008 1189 1057 1212 sub
1070 1192 1242 1220 procuratore
1257 1189 1370 1212 nationis
1387 1189 1480 1213 Gallie.
1497 1189 1615 1212 Johanne
1631 1189 1736 1212 Roberti
1753 1189 1830 1218 (But,
1848 1190 1889 1218 lv,
1905 1190 1969 1220 969).

274 1274 296 1298 1.
313 1274 434 1297 Decemh.
450 1275 472 1297 6.
495 1288 517 1291 —
534 1274 557 1297 2.
574 1274 668 1305 Agitur
683 1282 763 1305 supra
776 1274 808 1296 de
823 1274 890 1297 ludo
903 1273 1062 1303 episcopali,
1079 1274 1123 1304 qui
1137 1274 1162 1296 in
1178 1274 1268 1296 multis
1285 1273 1343 1296 aliis
1360 1274 1434 1302 locis,
1451 1274 1495 1296 ubi
1513 1274 1629 1296 studium
1643 1273 1757 1304 vigebat,
1775 1276 1799 1297 et
1814 1274 1878 1296 alibi
1892 1274 1954 1304 (vid.
1968 1274 2044 1304 Dssrr,

184 1319 335 1343 commem.
350 1318 447 1343 histor.
463 1320 497 1342 de
508 1318 589 1348 episc.
600 1325 768 1348 puerorum,
785 1317 942 1349 Mogontiae,
961 1318 1033 1345 1755;
1051 1318 1156 1348 Specht,
1175 1318 1267 1342 Gesch.
1282 1319 1328 1343 des
1345 1318 1624 1342 Umerrichtswesens
1639 1318 1669 1343 in
1687 1318 1886 1346 Deutschlanct‚
1905 1319 2044 1349 stuttgart,

181 1363 251 1391 1885,
269 1371 295 1394 p.
312 1363 357 1386 222
372 1364 440 1394 sqq.)
459 1362 484 1385 in
505 1370 554 1385 usu
574 1362 631 1386 fuit.
648 1363 676 1385 In
692 1362 783 1393 vigilia
802 1362 828 1385 S.
845 1362 945 1385 Nicolai
966 1362 1038 1391 (alibi
1060 1362 1086 1384 in
1107 1362 1158 1385 alio
1180 1363 1263 1391 sesto),
1286 1362 1390 1393 patroni
1411 1363 1561 1385 scholarum
1577 1366 1601 1385 et
1621 1362 1790 1390 sellularium,
1812 1371 1824 1385 0
1840 1362 1925 1385 medio
1941 1363 2045 1386 scholu-

181 1407 249 1431 rium
265 1415 407 1438 puerorum
423 1407 563 1438 episcopus
581 1406 736 1437 eligebatur,
749 1406 792 1438 qui
808 1406 926 1429 vestibus
942 1406 1138 1437 episcopalibus
1154 1406 1270 1435 indutus,
1283 1415 1341 1429 cum
1357 1407 1416 1429 aliis
1428 1407 1605 1435 scholaribus,
1617 1407 1714 1438 partim
1731 1407 1834 1436 velatis,
1850 1407 2044 1438 processionem

180 1460 228 1483 per
250 1452 382 1475 civitatem
408 1451 572 1475 instituebat.
595 1451 675 1474 Nemo
697 1451 832 1482 hucusque
856 1451 983 1478 narravit,
1007 1451 1076 1474 hunc
1098 1459 1175 1473 usum
1197 1451 1306 1474 Parisiis
1329 1451 1407 1474 etiam
1425 1451 1603 1474 introductum
1625 1451 1713 1476 fuisse.
1733 1451 1793 1474 Joh.
1811 1452 1911 1475 Gerson
1929 1452 2046 1483 loquitur

181 1500 283 1520 tantum
298 1499 388 1519 contra
409 1496 510 1520 ludum
531 1504 576 1518 seu
595 1497 699 1526 festum
717 1496 870 1520 stultorum
892 1495 918 1518 in
944 1497 1008 1518 sesto
1026 1496 1169 1524 10000001..
1191 1495 1217 1518 10
1238 1496 1442 1519 Circumcisione
1464 1499 1488 1518 et
1508 1496 1656 1526 Epiphania
1675 1496 1786 1523 Domini,
1803 1500 1851 1519 etc.
1869 1496 1950 1526 (Οἴη).
1969 1503 2044 1520 omn.

180 1542 220 1564 ed.
240 1540 335 1572 Dupin,
354 1541 385 1569 ΙΙ,
405 1540 464 1568 109;
482 1541 525 1570 Ill,
542 1541 600 1568 3093
623 1540 663 1568 IV,
681 1540 745 1568 620.)
762 1540 796 1563 De
815 1539 916 1562 choreis
933 1539 959 1562 in
980 1540 1052 1562 sestis
1069 1540 1094 1564 S.
1114 1540 1213 1563 Nicolai
1236 1543 1261 1563 et
1281 1541 1307 1563 S.
1325 1540 1481 1563 catharinae
1506 1540 1558 1563 vid.
1584 1540 1722 1568 Chartul.‚
1741 1541 1758 1568 1,
1776 1549 1802 1571 p.
1818 1541 1871 1568 53⁵2,
1892 1540 1936 1563 ubi
1959 1543 2044 1564 tamen

180 1594 230 1609 non
255 1585 344 1617 agitur
368 1585 399 1608 de
420 1585 482 1608 ludo
503 1584 647 1616 episcopali
672 1584 790 1614 Parisiis,
811 1592 857 1607 nec
877 1584 955 1607 ctiam
979 1584 1050 1615 apud
1072 1584 1207 1613 Bulaeum,
1226 1585 1266 1607 De
1284 1584 1413 1615 patronis
1430 1585 1593 1611 nationum,
1606 1593 1632 1615 p.
1647 1585 1692 1607 113
1708 1593 1766 1616 sqq.
1779 1586 1843 1608 —3.
1864 1585 1901 1607 Ad
1920 1585 2045 1614 an.1371,

179 1631 287 1653 Januar.
305 1631 343 1659 28,
366 1630 463 1661 legitur
480 1629 506 1652 in
522 1630 584 1660 Reg.
607 1630 652 1652 Av.
672 1629 751 1660 Greg.
767 1629 810 1660 XI,
830 1629 883 1652 vol.
900 1629 939 1657 lx,
959 1630 976 1652 f.
993 1629 1037 1651 245
1056 1636 1061 1651 ·.
1080 1631 1224 1659 perpetuus
1244 1629 1398 1659 capellanus
1418 1629 1481 1652 eccl.
1502 1630 1528 1652 S.
1545 1629 1672 1651 Johannis
1696 1629 1813 1652 Ganden.
1835 1629 1945 1652 Tornac.
1967 1629 2045 1658 dioc.,

179 1674 279 1697 baccul.
296 1674 322 1697 in
340 1674 453 1705 legibus.
469 1673 528 1696 Fuit
543 1673 655 1696 nationis
673 1673 785 1700 Picard..
803 1676 831 1696 ut
848 1673 960 1701 videtur,
981 1673 1032 1696 nisi
1052 1673 1129 1696 suerit
1149 1673 1298 1704 gallicantus.
1320 1687 1347 1690 --
1368 1674 1392 1696 ln.
1409 1673 1459 1696 Seu
1476 1673 1565 1704 potius
1583 1683 1592 1695 «
1611 1673 1741 1696 veretonis
1758 1683 1780 1703 »,
1799 1673 1814 1696 i.
1833 1682 1855 1696 c.
1874 1673 1978 1704 sagittis
1999 1682 2045 1696 seu

178 1718 285 1750 jaculis.
297 1718 355 1742 Vid.
372 1717 646 1749 Ducunge-Henschel‚
663 1718 706 1750 Vl,
722 1718 774 1741 7711.
794 1731 822 1734 —
839 1720 861 1741 5.
879 1718 944 1740 Ms.:
963 1726 974 1739 «
990 1720 1130 1748 propterea
1144 1725 1165 1740 ».
1181 1731 1208 1734 —
1224 1718 1247 1740 6.
1263 1717 1404 1748 Stephano.

184 1884 324 1921 1341.
353 1894 483 1920 Urbanus
507 1894 630 1929 Vpriori
649 1897 676 1919 et
694 1893 836 1928 fratribus
856 1893 921 1919 Ord.
939 1894 970 1919 B.
990 1893 1103 1919 Mariae
1125 1892 1160 1919 de
1182 1894 1277 1919 Monte
1296 1892 1419 1919 Carmeli
1433 1893 1527 1919 Paris.
1545 1893 1673 1918 concedit
1689 1897 1719 1919 ut
1741 1902 1759 1919 a
1779 1893 1924 1928 Ludovico,
1945 1894 2044 1920 comite

269 1944 461 1979 Stamparum,
485 1943 602 1977 triginta
626 1942 717 1968 libras
738 1942 831 1978 paris.
860 1943 926 1967 auri
945 1941 985 1967 ad
1003 1942 1241 1967 sustentationem
1257 1942 1377 1967 duorum
1394 1944 1518 1976 fratrum
1538 1942 1615 1976 Orci„
1635 1943 1684 1977 qui
1703 1942 1856 1968 secundum
1874 1942 2043 1968 volantatem

267 1992 378 2017 comitis
394 1993 422 2017 in
438 1991 520 2017 domo
543 2000 637 2017 eorum
653 1992 747 2017 Paris.
765 1991 872 2025 suturis
893 1990 1066 2026 temporibus
1086 1990 1182 2016 studio
1205 1991 1366 2025 theologiae
1383 2000 1484 2016 vacare
1501 1990 1635 2021 debeant,
1653 1991 1778 2026 recipere
1795 1991 1915 2027 possint.
1934 1992 2043 2018 Datum

266 2041 346 2075 apud
359 2041 658 2070 Montemssasconem,
677 2041 844 2076 Balneoreg.
861 2040 945 2073 dioc.>¹
962 2040 1019 2074 xiiij
1034 2040 1090 2065 kal.
1108 2040 1198 2069 Junii,
1214 2048 1292 2066 anno
1307 2042 1395 2066 sexto.
1414 2051 1427 2064 «
1444 2041 1503 2066 uiis
1518 2049 1575 2074 quc
1592 2051 1615 2065 ».

1201 2125 1274 2154 7368.
1291 2125 1352 2150 Maii
1364 2126 1402 2154 19,
1419 2126 1487 2157 apud
1499 2126 1759 2151 Montemflasconem.

271 2170 334 2200 Reg.
350 2169 408 2192 Vat.
426 2169 505 2192 Aven.
522 2168 623 2192 Urbani
636 2169 664 2196 V,
679 2169 730 2191 vol.
743 2169 807 2196 XIX,
823 2169 867 2191 sol.
884 2169 938 2192 362.

183 2335 324 2372 1342.
352 2344 483 2370 Urbanus
505 2344 672 2378 Vdecernit,
696 2348 726 2369 ut
747 2344 893 2370 brachium
914 2344 1044 2370 deaetrum
1065 2345 1191 2379 corporis
1212 2345 1307 2370 sancti
1326 2344 1447 2370 Tliomae
1469 2344 1504 2369 de
1527 2344 1648 2379 Aquino,
1678 2343 1743 2369 Ord.
1768 2343 1884 2375 Praed,
1915 2344 2041 2369 Tolosam

266 2393 488 2427 transfere-adil,
505 2402 519 2418 «
534 2393 625 2429 priori
645 2397 673 2418 et
689 2393 831 2427 fratribus
847 2393 918 2419 dicti
936 2393 1001 2419 ord.
1024 2393 1181 2418 Parisiens.
1200 2393 1239 2418 ad
1254 2393 1340 2419 decus
1357 2397 1383 2419 et
1398 2393 1526 2419 decorem
1543 2393 1631 2418 tocius
1646 2392 1737 2417 studii
1753 2393 1921 2425 Par-istem„
1945 2393 1971 2417 in
1988 2401 2042 2427 quo

266 2441 339 2467 idem
354 2441 497 2476 gloriosus
512 2446 630 2467 sanctus
649 2451 704 2467 sua
726 2442 852 2476 fecunda
871 2441 1013 2476 facundia
1035 2441 1148 2467 celestis
1169 2442 1279 2476 irrigua
1298 2443 1396 2476 gratia
1419 2442 1554 2476 influente
1575 2441 1782 2476 scripturarum
1799 2442 1943 2475 enigmata
1964 2450 2041 2466 rese-

265 2491 345 2523 ravit,
363 2490 446 2516 solvit
458 2490 556 2524 nodos,
572 2491 694 2516 obscura
710 2490 879 2516 dilucidavit
892 2490 1038 2525 dubiaque
1053 2490 1211 2516 declaravit
1227 2500 1251 2524 »,
1270 2490 1508 2515 transmittam-2.
1526 2491 1635 2516 Datum
1648 2491 1727 2524 apud
1743 2490 2039 2519 Montemssascoucm,

267 2539 435 2573 Balneoreg.
453 2539 538 2573 dioc„
557 2541 600 2573 xvj
618 2540 674 2565 kal.
692 2540 772 2569 sulii,
789 2540 893 2573 pontif.
911 2540 1002 2566 nostri
1015 2548 1061 2565 an.
1076 2541 1164 2566 sexto.
1183 2550 1196 2563 «
1213 2540 1256 2565 Ad
1269 2548 1349 2573 perp.
1368 2540 1407 2565 rei
1422 2548 1511 2565 111001.
1528 2540 1666 2572 Copiosns
1683 2551 1706 2564 υ.

1190 2624 1265 2653 1368,
1281 2624 1351 2650 dunis
1364 2625 1401 2653 16,
1418 2625 1486 2656 apud
1497 2625 1755 2649 Montemflasconem.

270 2667 333 2698 neg.
350 2667 407 2690 Vat.
424 2667 524 2690 Urbani
541 2668 569 2696 Vy
586 2672 614 2690 n⁰
625 2668 678 2696 257,
696 2668 740 2691 fol.
758 2668 811 2692 16¹².

270 2751 293 2774 1.
310 2750 349 2774 Cf.
366 2751 461 2782 Ripoll,
478 2751 556 2776 Bull.
575 2752 639 2775 ord.
654 2752 766 2779 Praed„
784 2752 816 2777 11.
833 2753 877 2775 258
893 2760 931 2783 sq.
951 2766 981 2769 —
1001 2753 1024 2775 2.
1044 2752 1205 2775 Collocutum
1225 2754 1264 2774 est
1279 2751 1306 2774 in
1323 2751 1424 2782 capella
1445 2751 1517 2782 regin
1538 2751 1563 2773 S.
1581 2751 1695 2774 Thomna
1715 2751 1746 2773 (lc
1767 2750 1876 2781 Aquino,
1890 2752 2038 2772 constructa

178 2794 204 2817 in
220 2795 282 2818 eccl.
306 2795 397 2818 Prued.
419 2804 433 2818 u
458 2796 551 2818 Carolo
573 2796 603 2819 V.
625 2796 683 2819 Vid.
698 2797 760 2827 Reg.
778 2797 832 2819 vat.
855 2796 919 2819 Urb.
940 2797 969 2824 V,
994 2801 1021 2819 0Β
1037 2797 1089 2824 260,
1110 2796 1154 2819 fol.
1179 2796 1201 2819 1.
1226 2795 1366 2818 Brachium
1385 2796 1411 2819 S.
1428 2796 1552 2820 Thoume.
1573 2795 1642 2826 quod
1663 2795 1771 2817 Parisiis
1794 2803 1887 2824 magno
1908 2796 2037 2824 apparatu

177 2842 311 2870 receptum
334 2839 389 2870 suit,
412 2843 440 2862 ut.
454 2848 484 2863 ex
499 2840 680 2863 instrumentis
696 2841 792 2864 Romae
813 2841 974 2864 conservatis
995 2844 1115 2871 appui-ct,
1136 2848 1203 2863 nunc
1219 2840 1316 2871 purtim
1332 2840 1358 2862 10
1380 2841 1538 2862 monasterio
1559 2840 1604 2863 SS.
1622 2839 1749 2861 Dominici
1770 2842 1794 2861 ct
1812 2838 1885 2865 Sixti,
1902 2837 1997 2867 partim
2012 2837 2036 2859 in

178 2883 287 2906 ecclesia
304 2884 329 2907 S.
346 2884 443 2907 Mariae
458 2892 538 2915 supra
553 2884 696 2908 Minervam
711 2886 806 2908 Romae
822 2888 1002 2908 conservatur.
