<?xml version="1.0" encoding="UTF-8"?>
<!DOCTYPE html PUBLIC "-//W3C//DTD XHTML 1.0 Transitional//EN"
    "http://www.w3.org/TR/xhtml1/DTD/xhtml1-transitional.dtd">
<html xmlns="http://www.w3.org/1999/xhtml" xml:lang="en" lang="en">
 <head>
  <title>
</title>
<meta http-equiv="Content-Type" content="text/html;charset=utf-8" />
  <meta name='ocr-system' content='tesseract 3.04.00' />
  <meta name='ocr-capabilities' content='ocr_page ocr_carea ocr_par ocr_line ocrx_word'/>
</head>
<body>
  <div class='ocr_page' id='page_1' title='image "auctariumchartul03univuoft_0636.png"; bbox 0 0 2488 3386; ppageno 0'>
   <div class='ocr_carea' id='block_1_1' title="bbox 435 317 2297 361">
    <p class='ocr_par' dir='ltr' id='par_1_1' title="bbox 435 317 2297 361">
     <span class='ocr_line' id='line_1_1' title="bbox 435 317 2297 361; baseline 0 -2"><span class='ocrx_word' id='word_1_1' title='bbox 435 328 499 360; x_wconf 84' lang='lat'>588</span> <span class='ocrx_word' id='word_1_2' title='bbox 1011 336 1328 359; x_wconf 72' lang='lat' dir='ltr'>CHARTULAMUM</span> <span class='ocrx_word' id='word_1_3' title='bbox 1363 335 1554 358; x_wconf 67' lang='lat' dir='ltr'>univmzs.</span> <span class='ocrx_word' id='word_1_4' title='bbox 1591 335 1719 357; x_wconf 65' lang='lat' dir='ltr'>mals.</span> <span class='ocrx_word' id='word_1_5' title='bbox 2057 317 2059 319; x_wconf 38' lang='lat'>¹</span> <span class='ocrx_word' id='word_1_6' title='bbox 2198 323 2297 361; x_wconf 82' lang='lat'>[1382</span> 
     </span>
    </p>
   </div>
   <div class='ocr_carea' id='block_1_2' title="bbox 430 409 2296 789">
    <p class='ocr_par' dir='ltr' id='par_1_2' title="bbox 430 409 2296 789">
     <span class='ocr_line' id='line_1_2' title="bbox 435 409 2296 455; baseline -0.001 -11"><span class='ocrx_word' id='word_1_7' title='bbox 435 411 601 452; x_wconf 88' lang='lat' dir='ltr'>termino,</span> <span class='ocrx_word' id='word_1_8' title='bbox 630 417 772 443; x_wconf 90' lang='lat' dir='ltr'>mortuo</span> <span class='ocrx_word' id='word_1_9' title='bbox 800 410 973 455; x_wconf 85' lang='lat' dir='ltr'>magistro</span> <span class='ocrx_word' id='word_1_10' title='bbox 1003 409 1180 443; x_wconf 86' lang='lat' dir='ltr'>Richardo</span> <span class='ocrx_word' id='word_1_11' title='bbox 1210 409 1326 442; x_wconf 86' lang='lat' dir='ltr'>Barbe</span> <span class='ocrx_word' id='word_1_12' title='bbox 1346 409 1404 442; x_wconf 93' lang='lat' dir='ltr'>vel</span> <span class='ocrx_word' id='word_1_13' title='bbox 1432 409 1557 443; x_wconf 85' lang='lat' dir='ltr'>saltem</span> <span class='ocrx_word' id='word_1_14' title='bbox 1586 409 1748 451; x_wconf 88' lang='lat' dir='ltr'>absente,</span> <span class='ocrx_word' id='word_1_15' title='bbox 1780 410 2007 455; x_wconf 81' lang='lat' dir='ltr'>fugientibus</span> <span class='ocrx_word' id='word_1_16' title='bbox 2034 409 2296 444; x_wconf 84' lang='lat' dir='ltr'>valentioribus</span> 
     </span>
     <span class='ocr_line' id='line_1_3' title="bbox 433 475 2294 522; baseline -0.001 -12"><span class='ocrx_word' id='word_1_17' title='bbox 433 477 632 522; x_wconf 77' lang='lat' dir='ltr'>suppositis</span> <span class='ocrx_word' id='word_1_18' title='bbox 667 476 882 510; x_wconf 88' lang='lat' dir='ltr'>Parisiensis</span> <span class='ocrx_word' id='word_1_19' title='bbox 912 476 1181 518; x_wconf 86' lang='lat' dir='ltr'>Universitatis,</span> <span class='ocrx_word' id='word_1_20' title='bbox 1219 475 1322 508; x_wconf 88' lang='lat' dir='ltr'>sicud</span> <span class='ocrx_word' id='word_1_21' title='bbox 1354 483 1501 509; x_wconf 89' lang='lat' dir='ltr'>cantore</span> <span class='ocrx_word' id='word_1_22' title='bbox 1537 476 1752 518; x_wconf 86' lang='lat' dir='ltr'>Parisiensi,</span> <span class='ocrx_word' id='word_1_23' title='bbox 1782 476 1928 509; x_wconf 89' lang='lat' dir='ltr'>domino</span> <span class='ocrx_word' id='word_1_24' title='bbox 1958 475 2121 510; x_wconf 90' lang='lat' dir='ltr'>Johanne</span> <span class='ocrx_word' id='word_1_25' title='bbox 2156 477 2294 522; x_wconf 79' lang='lat' dir='ltr'>Egidii,</span> 
     </span>
     <span class='ocr_line' id='line_1_4' title="bbox 433 541 2296 589; baseline 0 -13"><span class='ocrx_word' id='word_1_26' title='bbox 433 544 605 589; x_wconf 85' lang='lat' dir='ltr'>magistro</span> <span class='ocrx_word' id='word_1_27' title='bbox 625 543 788 577; x_wconf 90' lang='lat' dir='ltr'>Johanne</span> <span class='ocrx_word' id='word_1_28' title='bbox 810 543 988 588; x_wconf 84' lang='lat' dir='ltr'>Ruysch⁵,</span> <span class='ocrx_word' id='word_1_29' title='bbox 1011 542 1223 576; x_wconf 84' lang='lat' dir='ltr'>doctoribus</span> <span class='ocrx_word' id='word_1_30' title='bbox 1245 542 1281 574; x_wconf 93' lang='lat' dir='ltr'>in</span> <span class='ocrx_word' id='word_1_31' title='bbox 1303 541 1486 588; x_wconf 80' lang='lat' dir='ltr'>theologia</span> <span class='ocrx_word' id='word_1_32' title='bbox 1507 543 1565 576; x_wconf 91' lang='lat' dir='ltr'>vel</span> <span class='ocrx_word' id='word_1_33' title='bbox 1586 542 1745 588; x_wconf 87' lang='lat' dir='ltr'>legibus,</span> <span class='ocrx_word' id='word_1_34' title='bbox 1766 543 1810 576; x_wconf 88' lang='lat' dir='ltr'>de</span> <span class='ocrx_word' id='word_1_35' title='bbox 1831 555 1946 588; x_wconf 88' lang='lat' dir='ltr'>regno</span> <span class='ocrx_word' id='word_1_36' title='bbox 1968 543 2117 576; x_wconf 86' lang='lat' dir='ltr'>Francie</span> <span class='ocrx_word' id='word_1_37' title='bbox 2138 544 2296 577; x_wconf 87' lang='lat' dir='ltr'>existen-</span> 
     </span>
     <span class='ocr_line' id='line_1_5' title="bbox 431 609 2295 654; baseline 0 -11"><span class='ocrx_word' id='word_1_38' title='bbox 431 610 540 651; x_wconf 83' lang='lat' dir='ltr'>tibus,</span> <span class='ocrx_word' id='word_1_39' title='bbox 566 617 601 643; x_wconf 90' lang='lat' dir='ltr'>et</span> <span class='ocrx_word' id='word_1_40' title='bbox 626 610 707 643; x_wconf 86' lang='lat' dir='ltr'>aliis</span> <span class='ocrx_word' id='word_1_41' title='bbox 727 609 946 651; x_wconf 84' lang='lat' dir='ltr'>valentibus,</span> <span class='ocrx_word' id='word_1_42' title='bbox 977 609 1126 642; x_wconf 87' lang='lat' dir='ltr'>seducto</span> <span class='ocrx_word' id='word_1_43' title='bbox 1148 610 1309 642; x_wconf 79' lang='lat' dir='ltr'>rectore⁶</span> <span class='ocrx_word' id='word_1_44' title='bbox 1331 621 1396 654; x_wconf 89' lang='lat' dir='ltr'>pro</span> <span class='ocrx_word' id='word_1_45' title='bbox 1418 609 1603 654; x_wconf 85' lang='lat' dir='ltr'>prebenda</span> <span class='ocrx_word' id='word_1_46' title='bbox 1631 610 1751 643; x_wconf 88' lang='lat' dir='ltr'>Sancti</span> <span class='ocrx_word' id='word_1_47' title='bbox 1779 610 1943 653; x_wconf 84' lang='lat' dir='ltr'>Quintini</span> <span class='ocrx_word' id='word_1_48' title='bbox 1973 616 2008 643; x_wconf 89' lang='lat' dir='ltr'>et</span> <span class='ocrx_word' id='word_1_49' title='bbox 2036 610 2208 643; x_wconf 83' lang='lat' dir='ltr'>trecentis</span> <span class='ocrx_word' id='word_1_50' title='bbox 2230 610 2295 644; x_wconf 89' lang='lat' dir='ltr'>flo-</span> 
     </span>
     <span class='ocr_line' id='line_1_6' title="bbox 431 675 2296 721; baseline 0.001 -12"><span class='ocrx_word' id='word_1_51' title='bbox 431 677 541 718; x_wconf 88' lang='lat' dir='ltr'>renis,</span> <span class='ocrx_word' id='word_1_52' title='bbox 568 676 720 721; x_wconf 91' lang='lat' dir='ltr'>aliisque</span> <span class='ocrx_word' id='word_1_53' title='bbox 747 675 1032 717; x_wconf 82' lang='lat' dir='ltr'>remanentibus,</span> <span class='ocrx_word' id='word_1_54' title='bbox 1059 675 1174 720; x_wconf 82' lang='lat' dir='ltr'>primo</span> <span class='ocrx_word' id='word_1_55' title='bbox 1205 675 1249 708; x_wconf 86' lang='lat' dir='ltr'>ad</span> <span class='ocrx_word' id='word_1_56' title='bbox 1279 676 1495 721; x_wconf 87' lang='lat' dir='ltr'>antipapam,</span> <span class='ocrx_word' id='word_1_57' title='bbox 1523 676 1702 709; x_wconf 88' lang='lat' dir='ltr'>renitente</span> <span class='ocrx_word' id='word_1_58' title='bbox 1734 676 1879 710; x_wconf 88' lang='lat' dir='ltr'>natione</span> <span class='ocrx_word' id='word_1_59' title='bbox 1907 683 2042 718; x_wconf 79' lang='lat' dir='ltr'>nostra,</span> <span class='ocrx_word' id='word_1_60' title='bbox 2070 676 2212 710; x_wconf 87' lang='lat' dir='ltr'>rotulus</span> <span class='ocrx_word' id='word_1_61' title='bbox 2240 684 2296 710; x_wconf 87' lang='lat' dir='ltr'>est</span> 
     </span>
     <span class='ocr_line' id='line_1_7' title="bbox 430 741 2294 789; baseline 0.001 -13"><span class='ocrx_word' id='word_1_62' title='bbox 430 743 638 776; x_wconf 88' lang='lat' dir='ltr'>conclusus.</span> <span class='ocrx_word' id='word_1_63' title='bbox 667 745 783 788; x_wconf 82' lang='lat' dir='ltr'>Rogo,</span> <span class='ocrx_word' id='word_1_64' title='bbox 813 743 899 788; x_wconf 89' lang='lat' dir='ltr'>quid</span> <span class='ocrx_word' id='word_1_65' title='bbox 930 749 1050 775; x_wconf 85' lang='lat' dir='ltr'>movet</span> <span class='ocrx_word' id='word_1_66' title='bbox 1078 742 1145 775; x_wconf 82' lang='lat' dir='ltr'>hos</span> <span class='ocrx_word' id='word_1_67' title='bbox 1173 741 1358 787; x_wconf 88' lang='lat' dir='ltr'>sapientes</span> <span class='ocrx_word' id='word_1_68' title='bbox 1386 742 1458 776; x_wconf 91' lang='lat' dir='ltr'>nisi</span> <span class='ocrx_word' id='word_1_69' title='bbox 1484 743 1543 776; x_wconf 92' lang='lat' dir='ltr'>vel</span> <span class='ocrx_word' id='word_1_70' title='bbox 1571 743 1733 789; x_wconf 85' lang='lat' dir='ltr'>cognitio</span> <span class='ocrx_word' id='word_1_71' title='bbox 1760 743 1856 787; x_wconf 84' lang='lat' dir='ltr'>juris</span> <span class='ocrx_word' id='word_1_72' title='bbox 1887 743 2024 777; x_wconf 87' lang='lat' dir='ltr'>Urbani</span> <span class='ocrx_word' id='word_1_73' title='bbox 2053 743 2111 776; x_wconf 91' lang='lat' dir='ltr'>vel</span> <span class='ocrx_word' id='word_1_74' title='bbox 2137 743 2294 788; x_wconf 86' lang='lat' dir='ltr'>Spiritus</span> 
     </span>
    </p>
   </div>
   <div class='ocr_carea' id='block_1_3' title="bbox 430 804 2293 855">
    <p class='ocr_par' dir='ltr' id='par_1_3' title="bbox 430 804 2293 855">
     <span class='ocr_line' id='line_1_8' title="bbox 430 804 2293 855; baseline 0 -12"><span class='ocrx_word' id='word_1_75' title='bbox 430 811 594 852; x_wconf 87' lang='lat' dir='ltr'>Sanctus,</span> <span class='ocrx_word' id='word_1_76' title='bbox 625 821 770 843; x_wconf 88' lang='lat' dir='ltr'>suarum</span> <span class='ocrx_word' id='word_1_77' title='bbox 805 809 977 842; x_wconf 87' lang='lat' dir='ltr'>mentium</span> <span class='ocrx_word' id='word_1_78' title='bbox 1009 808 1239 850; x_wconf 83' lang='lat' dir='ltr'>inhabitator,</span> <span class='ocrx_word' id='word_1_79' title='bbox 1271 808 1315 841; x_wconf 92' lang='lat' dir='ltr'>ad</span> <span class='ocrx_word' id='word_1_80' title='bbox 1349 815 1559 842; x_wconf 87' lang='lat' dir='ltr'>constanter</span> <span class='ocrx_word' id='word_1_81' title='bbox 1592 809 1852 842; x_wconf 88' lang='lat' dir='ltr'>remanendum</span> <span class='ocrx_word' id='word_1_82' title='bbox 1887 822 1968 843; x_wconf 89' lang='lat' dir='ltr'>cum</span> <span class='ocrx_word' id='word_1_83' title='bbox 1995 809 2141 843; x_wconf 89' lang='lat' dir='ltr'>Urbano</span> <span class='ocrx_word' id='word_1_84' title='bbox 2177 804 2293 855; x_wconf 85' lang='lat' dir='ltr'>primo</span> 
     </span>
    </p>
   </div>
   <div class='ocr_carea' id='block_1_4' title="bbox 428 876 2292 987">
    <p class='ocr_par' dir='ltr' id='par_1_4' title="bbox 428 876 2292 987">
     <span class='ocr_line' id='line_1_9' title="bbox 428 876 569 909; baseline 0 0"><span class='ocrx_word' id='word_1_85' title='bbox 428 876 569 909; x_wconf 79' lang='lat' dir='ltr'>electo?</span> 
     </span>
     <span class='ocr_line' id='line_1_10' title="bbox 515 941 2292 987; baseline 0 -11"><span class='ocrx_word' id='word_1_86' title='bbox 515 942 689 984; x_wconf 88' lang='lat' dir='ltr'>Tertium,</span> <span class='ocrx_word' id='word_1_87' title='bbox 712 942 806 987; x_wconf 90' lang='lat' dir='ltr'>quod</span> <span class='ocrx_word' id='word_1_88' title='bbox 830 941 1032 975; x_wconf 86' lang='lat' dir='ltr'>communis</span> <span class='ocrx_word' id='word_1_89' title='bbox 1054 941 1210 986; x_wconf 87' lang='lat' dir='ltr'>populus</span> <span class='ocrx_word' id='word_1_90' title='bbox 1231 941 1381 974; x_wconf 86' lang='lat' dir='ltr'>Francie</span> <span class='ocrx_word' id='word_1_91' title='bbox 1403 949 1487 975; x_wconf 90' lang='lat' dir='ltr'>tunc</span> <span class='ocrx_word' id='word_1_92' title='bbox 1508 949 1543 975; x_wconf 89' lang='lat' dir='ltr'>et</span> <span class='ocrx_word' id='word_1_93' title='bbox 1562 942 1678 975; x_wconf 89' lang='lat' dir='ltr'>adhuc</span> <span class='ocrx_word' id='word_1_94' title='bbox 1700 942 1922 975; x_wconf 80' lang='lat' dir='ltr'>secundum⁷</span> <span class='ocrx_word' id='word_1_95' title='bbox 1944 943 2128 985; x_wconf 84' lang='lat' dir='ltr'>diffitetur,</span> <span class='ocrx_word' id='word_1_96' title='bbox 2151 950 2184 976; x_wconf 89' lang='lat' dir='ltr'>et</span> <span class='ocrx_word' id='word_1_97' title='bbox 2206 955 2292 976; x_wconf 90' lang='lat' dir='ltr'>con-</span> 
     </span>
    </p>
   </div>
   <div class='ocr_carea' id='block_1_5' title="bbox 425 1008 2291 1121">
    <p class='ocr_par' dir='ltr' id='par_1_5' title="bbox 425 1008 2291 1121">
     <span class='ocr_line' id='line_1_11' title="bbox 425 1008 2289 1055; baseline 0 -13"><span class='ocrx_word' id='word_1_98' title='bbox 425 1009 546 1042; x_wconf 83' lang='lat' dir='ltr'>fitetur</span> <span class='ocrx_word' id='word_1_99' title='bbox 571 1009 746 1054; x_wconf 85' lang='lat' dir='ltr'>primum⁸</span> <span class='ocrx_word' id='word_1_100' title='bbox 767 1015 802 1041; x_wconf 90' lang='lat' dir='ltr'>et</span> <span class='ocrx_word' id='word_1_101' title='bbox 832 1020 936 1041; x_wconf 88' lang='lat' dir='ltr'>suum</span> <span class='ocrx_word' id='word_1_102' title='bbox 959 1009 1232 1041; x_wconf 86' lang='lat' dir='ltr'>successore1n⁹</span> <span class='ocrx_word' id='word_1_103' title='bbox 1255 1008 1414 1053; x_wconf 87' lang='lat' dir='ltr'>publice,</span> <span class='ocrx_word' id='word_1_104' title='bbox 1436 1021 1543 1054; x_wconf 90' lang='lat' dir='ltr'>quem</span> <span class='ocrx_word' id='word_1_105' title='bbox 1565 1009 1780 1050; x_wconf 85' lang='lat' dir='ltr'>tenerent¹⁰,</span> <span class='ocrx_word' id='word_1_106' title='bbox 1805 1009 1836 1042; x_wconf 89' lang='lat' dir='ltr'>si</span> <span class='ocrx_word' id='word_1_107' title='bbox 1863 1021 1936 1042; x_wconf 93' lang='lat' dir='ltr'>non</span> <span class='ocrx_word' id='word_1_108' title='bbox 1963 1009 2132 1042; x_wconf 88' lang='lat' dir='ltr'>timerent</span> <span class='ocrx_word' id='word_1_109' title='bbox 2153 1021 2289 1055; x_wconf 87' lang='lat' dir='ltr'>regem.</span> 
     </span>
     <span class='ocr_line' id='line_1_12' title="bbox 425 1075 2291 1121; baseline 0.001 -13"><span class='ocrx_word' id='word_1_110' title='bbox 425 1077 468 1109; x_wconf 88' lang='lat' dir='ltr'>Et</span> <span class='ocrx_word' id='word_1_111' title='bbox 488 1076 583 1108; x_wconf 92' lang='lat' dir='ltr'>unde</span> <span class='ocrx_word' id='word_1_112' title='bbox 608 1075 675 1108; x_wconf 92' lang='lat' dir='ltr'>hoc</span> <span class='ocrx_word' id='word_1_113' title='bbox 701 1076 732 1108; x_wconf 89' lang='lat' dir='ltr'>si</span> <span class='ocrx_word' id='word_1_114' title='bbox 758 1087 830 1107; x_wconf 91' lang='lat' dir='ltr'>non</span> <span class='ocrx_word' id='word_1_115' title='bbox 853 1075 987 1120; x_wconf 86' lang='lat' dir='ltr'>Spiritu</span> <span class='ocrx_word' id='word_1_116' title='bbox 1009 1076 1137 1108; x_wconf 88' lang='lat' dir='ltr'>Sancto</span> <span class='ocrx_word' id='word_1_117' title='bbox 1159 1075 1385 1120; x_wconf 80' lang='lat' dir='ltr'>inspirante?</span> <span class='ocrx_word' id='word_1_118' title='bbox 1405 1075 1510 1109; x_wconf 87' lang='lat' dir='ltr'>Unde</span> <span class='ocrx_word' id='word_1_119' title='bbox 1536 1082 1571 1108; x_wconf 91' lang='lat' dir='ltr'>et</span> <span class='ocrx_word' id='word_1_120' title='bbox 1590 1075 1693 1109; x_wconf 92' lang='lat' dir='ltr'>multi</span> <span class='ocrx_word' id='word_1_121' title='bbox 1714 1075 1938 1121; x_wconf 87' lang='lat' dir='ltr'>Francigene</span> <span class='ocrx_word' id='word_1_122' title='bbox 1960 1088 2025 1121; x_wconf 95' lang='lat' dir='ltr'>pro</span> <span class='ocrx_word' id='word_1_123' title='bbox 2051 1076 2291 1121; x_wconf 83' lang='lat' dir='ltr'>indulgentiis</span> 
     </span>
    </p>
   </div>
   <div class='ocr_carea' id='block_1_6' title="bbox 423 1141 2289 1254">
    <p class='ocr_par' dir='ltr' id='par_1_6' title="bbox 423 1141 2289 1254">
     <span class='ocr_line' id='line_1_13' title="bbox 423 1141 1216 1188; baseline -0.001 -13"><span class='ocrx_word' id='word_1_124' title='bbox 423 1142 604 1188; x_wconf 88' lang='lat' dir='ltr'>presentis</span> <span class='ocrx_word' id='word_1_125' title='bbox 620 1141 751 1187; x_wconf 89' lang='lat' dir='ltr'>jubilei</span> <span class='ocrx_word' id='word_1_126' title='bbox 773 1143 919 1174; x_wconf 86' lang='lat' dir='ltr'>Romam</span> <span class='ocrx_word' id='word_1_127' title='bbox 941 1142 1216 1175; x_wconf 87' lang='lat' dir='ltr'>advenerunt¹¹.</span> 
     </span>
     <span class='ocr_line' id='line_1_14' title="bbox 511 1208 2289 1254; baseline 0 -12"><span class='ocrx_word' id='word_1_128' title='bbox 511 1210 697 1252; x_wconf 84' lang='lat' dir='ltr'>Quartum,</span> <span class='ocrx_word' id='word_1_129' title='bbox 720 1209 807 1253; x_wconf 91' lang='lat' dir='ltr'>quid</span> <span class='ocrx_word' id='word_1_130' title='bbox 828 1215 948 1241; x_wconf 90' lang='lat' dir='ltr'>movet</span> <span class='ocrx_word' id='word_1_131' title='bbox 968 1220 1045 1250; x_wconf 86' lang='lat' dir='ltr'>eos,</span> <span class='ocrx_word' id='word_1_132' title='bbox 1070 1208 1168 1254; x_wconf 92' lang='lat' dir='ltr'>quod</span> <span class='ocrx_word' id='word_1_133' title='bbox 1188 1220 1256 1242; x_wconf 90' lang='lat' dir='ltr'>nos</span> <span class='ocrx_word' id='word_1_134' title='bbox 1278 1209 1314 1241; x_wconf 93' lang='lat' dir='ltr'>in</span> <span class='ocrx_word' id='word_1_135' title='bbox 1335 1209 1470 1242; x_wconf 89' lang='lat' dir='ltr'>divinis</span> <span class='ocrx_word' id='word_1_136' title='bbox 1491 1209 1569 1242; x_wconf 87' lang='lat' dir='ltr'>suis</span> <span class='ocrx_word' id='word_1_137' title='bbox 1590 1221 1663 1242; x_wconf 92' lang='lat' dir='ltr'>non</span> <span class='ocrx_word' id='word_1_138' title='bbox 1690 1209 1886 1254; x_wconf 88' lang='lat' dir='ltr'>prohibent</span> <span class='ocrx_word' id='word_1_139' title='bbox 1910 1208 2014 1242; x_wconf 88' lang='lat' dir='ltr'>sicud</span> <span class='ocrx_word' id='word_1_140' title='bbox 2038 1220 2106 1242; x_wconf 86' lang='lat' dir='ltr'>nos</span> <span class='ocrx_word' id='word_1_141' title='bbox 2127 1208 2289 1250; x_wconf 89' lang='lat' dir='ltr'>eosdem,</span> 
     </span>
    </p>
   </div>
   <div class='ocr_carea' id='block_1_7' title="bbox 420 1274 2291 1520">
    <p class='ocr_par' dir='ltr' id='par_1_7' title="bbox 422 1274 1515 1320">
     <span class='ocr_line' id='line_1_15' title="bbox 422 1274 1515 1320; baseline -0.001 -12"><span class='ocrx_word' id='word_1_142' title='bbox 422 1275 492 1308; x_wconf 87' lang='lat' dir='ltr'>nisi</span> <span class='ocrx_word' id='word_1_143' title='bbox 514 1275 611 1320; x_wconf 92' lang='lat' dir='ltr'>quod</span> <span class='ocrx_word' id='word_1_144' title='bbox 632 1275 788 1307; x_wconf 83' lang='lat' dir='ltr'>dictante</span> <span class='ocrx_word' id='word_1_145' title='bbox 810 1274 879 1307; x_wconf 88' lang='lat' dir='ltr'>sibi</span> <span class='ocrx_word' id='word_1_146' title='bbox 901 1275 1124 1307; x_wconf 86' lang='lat' dir='ltr'>conscientia</span> <span class='ocrx_word' id='word_1_147' title='bbox 1138 1276 1238 1320; x_wconf 87' lang='lat' dir='ltr'>juste</span> <span class='ocrx_word' id='word_1_148' title='bbox 1260 1287 1327 1307; x_wconf 91' lang='lat' dir='ltr'>nos</span> <span class='ocrx_word' id='word_1_149' title='bbox 1348 1275 1515 1308; x_wconf 76' lang='lat' dir='ltr'>moneri?</span> 
     </span>
    </p>

    <p class='ocr_par' dir='ltr' id='par_1_8' title="bbox 420 1341 2291 1520">
     <span class='ocr_line' id='line_1_16' title="bbox 510 1341 2291 1388; baseline 0.001 -15"><span class='ocrx_word' id='word_1_150' title='bbox 510 1341 695 1384; x_wconf 88' lang='lat' dir='ltr'>Quintum,</span> <span class='ocrx_word' id='word_1_151' title='bbox 718 1341 815 1386; x_wconf 88' lang='lat' dir='ltr'>quod</span> <span class='ocrx_word' id='word_1_152' title='bbox 837 1341 1011 1386; x_wconf 87' lang='lat' dir='ltr'>sapientia</span> <span class='ocrx_word' id='word_1_153' title='bbox 1033 1341 1269 1383; x_wconf 78' lang='lat' dir='ltr'>Gallicorum,</span> <span class='ocrx_word' id='word_1_154' title='bbox 1298 1341 1457 1387; x_wconf 88' lang='lat' dir='ltr'>potentia</span> <span class='ocrx_word' id='word_1_155' title='bbox 1479 1342 1640 1375; x_wconf 86' lang='lat' dir='ltr'>defuncti</span> <span class='ocrx_word' id='word_1_156' title='bbox 1666 1342 1780 1388; x_wconf 85' lang='lat' dir='ltr'>regis,</span> <span class='ocrx_word' id='word_1_157' title='bbox 1806 1342 1861 1375; x_wconf 88' lang='lat' dir='ltr'>vis</span> <span class='ocrx_word' id='word_1_158' title='bbox 1886 1353 2066 1374; x_wconf 87' lang='lat' dir='ltr'>armorum</span> <span class='ocrx_word' id='word_1_159' title='bbox 2090 1341 2188 1387; x_wconf 88' lang='lat' dir='ltr'>regis</span> <span class='ocrx_word' id='word_1_160' title='bbox 2208 1353 2291 1387; x_wconf 89' lang='lat' dir='ltr'>pre-</span> 
     </span>
     <span class='ocr_line' id='line_1_17' title="bbox 421 1408 2284 1454; baseline 0 -13"><span class='ocrx_word' id='word_1_161' title='bbox 421 1408 547 1449; x_wconf 89' lang='lat' dir='ltr'>sentis,</span> <span class='ocrx_word' id='word_1_162' title='bbox 571 1420 718 1440; x_wconf 88' lang='lat' dir='ltr'>munera</span> <span class='ocrx_word' id='word_1_163' title='bbox 744 1414 779 1440; x_wconf 88' lang='lat' dir='ltr'>et</span> <span class='ocrx_word' id='word_1_164' title='bbox 799 1408 976 1452; x_wconf 86' lang='lat' dir='ltr'>promissa</span> <span class='ocrx_word' id='word_1_165' title='bbox 998 1408 1150 1453; x_wconf 88' lang='lat' dir='ltr'>insuper</span> <span class='ocrx_word' id='word_1_166' title='bbox 1175 1414 1210 1441; x_wconf 86' lang='lat' dir='ltr'>et</span> <span class='ocrx_word' id='word_1_167' title='bbox 1230 1408 1396 1441; x_wconf 81' lang='lat' dir='ltr'>fictiones</span> <span class='ocrx_word' id='word_1_168' title='bbox 1418 1408 1670 1441; x_wconf 77' lang='lat' dir='ltr'>nunciorum¹²</span> <span class='ocrx_word' id='word_1_169' title='bbox 1696 1408 1927 1454; x_wconf 87' lang='lat' dir='ltr'>iniquissime</span> <span class='ocrx_word' id='word_1_170' title='bbox 1957 1420 2152 1453; x_wconf 87' lang='lat' dir='ltr'>numquam</span> <span class='ocrx_word' id='word_1_171' title='bbox 2182 1414 2284 1453; x_wconf 85' lang='lat' dir='ltr'>pote-</span> 
     </span>
     <span class='ocr_line' id='line_1_18' title="bbox 420 1474 2288 1520; baseline 0 -13"><span class='ocrx_word' id='word_1_172' title='bbox 420 1481 500 1507; x_wconf 87' lang='lat' dir='ltr'>rant</span> <span class='ocrx_word' id='word_1_173' title='bbox 520 1486 678 1516; x_wconf 89' lang='lat' dir='ltr'>movere,</span> <span class='ocrx_word' id='word_1_174' title='bbox 708 1480 807 1507; x_wconf 87' lang='lat' dir='ltr'>taceo</span> <span class='ocrx_word' id='word_1_175' title='bbox 836 1474 1022 1519; x_wconf 87' lang='lat' dir='ltr'>principes</span> <span class='ocrx_word' id='word_1_176' title='bbox 1049 1474 1345 1516; x_wconf 84' lang='lat' dir='ltr'>Alamannorum,</span> <span class='ocrx_word' id='word_1_177' title='bbox 1363 1474 1421 1508; x_wconf 89' lang='lat' dir='ltr'>vel</span> <span class='ocrx_word' id='word_1_178' title='bbox 1442 1475 1660 1517; x_wconf 80' lang='lat' dir='ltr'>comitem¹³,</span> <span class='ocrx_word' id='word_1_179' title='bbox 1688 1475 1877 1520; x_wconf 89' lang='lat' dir='ltr'>populum,</span> <span class='ocrx_word' id='word_1_180' title='bbox 1903 1486 2094 1508; x_wconf 89' lang='lat' dir='ltr'>commune</span> <span class='ocrx_word' id='word_1_181' title='bbox 2120 1474 2288 1507; x_wconf 89' lang='lat' dir='ltr'>Flandrie</span> 
     </span>
    </p>
   </div>
   <div class='ocr_carea' id='block_1_8' title="bbox 415 1540 2288 1915">
    <p class='ocr_par' dir='ltr' id='par_1_9' title="bbox 419 1540 2288 1653">
     <span class='ocr_line' id='line_1_19' title="bbox 421 1540 2288 1587; baseline 0 -13"><span class='ocrx_word' id='word_1_182' title='bbox 421 1541 490 1574; x_wconf 88' lang='lat' dir='ltr'>sibi</span> <span class='ocrx_word' id='word_1_183' title='bbox 517 1541 732 1586; x_wconf 87' lang='lat' dir='ltr'>subjectum.</span> <span class='ocrx_word' id='word_1_184' title='bbox 756 1540 839 1583; x_wconf 86' lang='lat' dir='ltr'>Ubi,</span> <span class='ocrx_word' id='word_1_185' title='bbox 869 1553 997 1586; x_wconf 88' lang='lat' dir='ltr'>queso,</span> <span class='ocrx_word' id='word_1_186' title='bbox 1029 1548 1084 1574; x_wconf 89' lang='lat' dir='ltr'>est</span> <span class='ocrx_word' id='word_1_187' title='bbox 1114 1541 1302 1586; x_wconf 89' lang='lat' dir='ltr'>sapientia,</span> <span class='ocrx_word' id='word_1_188' title='bbox 1332 1553 1402 1586; x_wconf 91' lang='lat' dir='ltr'>que</span> <span class='ocrx_word' id='word_1_189' title='bbox 1433 1542 1547 1574; x_wconf 91' lang='lat' dir='ltr'>suasit</span> <span class='ocrx_word' id='word_1_190' title='bbox 1581 1553 1646 1587; x_wconf 91' lang='lat' dir='ltr'>pro</span> <span class='ocrx_word' id='word_1_191' title='bbox 1678 1541 1837 1583; x_wconf 88' lang='lat' dir='ltr'>Urbano,</span> <span class='ocrx_word' id='word_1_192' title='bbox 1870 1541 1932 1574; x_wconf 88' lang='lat' dir='ltr'>ubi</span> <span class='ocrx_word' id='word_1_193' title='bbox 1964 1541 2124 1586; x_wconf 86' lang='lat' dir='ltr'>potentia</span> <span class='ocrx_word' id='word_1_194' title='bbox 2153 1541 2288 1587; x_wconf 85' lang='lat' dir='ltr'>regalis</span> 
     </span>
     <span class='ocr_line' id='line_1_20' title="bbox 419 1607 1611 1653; baseline 0 -13"><span class='ocrx_word' id='word_1_195' title='bbox 419 1607 587 1641; x_wconf 82' lang='lat' dir='ltr'>laborans</span> <span class='ocrx_word' id='word_1_196' title='bbox 608 1620 672 1652; x_wconf 85' lang='lat' dir='ltr'>pro</span> <span class='ocrx_word' id='word_1_197' title='bbox 695 1607 836 1649; x_wconf 87' lang='lat' dir='ltr'>eodem,</span> <span class='ocrx_word' id='word_1_198' title='bbox 857 1607 919 1640; x_wconf 88' lang='lat' dir='ltr'>ubi</span> <span class='ocrx_word' id='word_1_199' title='bbox 940 1608 1205 1652; x_wconf 86' lang='lat' dir='ltr'>promissiones</span> <span class='ocrx_word' id='word_1_200' title='bbox 1227 1608 1481 1653; x_wconf 90' lang='lat' dir='ltr'>peccuniarum</span> <span class='ocrx_word' id='word_1_201' title='bbox 1493 1608 1611 1641; x_wconf 66' lang='lat' dir='ltr'>P....¹⁸.</span> 
     </span>
    </p>

    <p class='ocr_par' dir='ltr' id='par_1_10' title="bbox 415 1704 2286 1915">
     <span class='ocr_line' id='line_1_21' title="bbox 512 1704 2286 1737; baseline 0 -9"><span class='ocrx_word' id='word_1_202' title='bbox 512 1705 580 1729; x_wconf 89' lang='lat' dir='ltr'>Bibl.</span> <span class='ocrx_word' id='word_1_203' title='bbox 599 1705 794 1735; x_wconf 83' lang='lat' dir='ltr'>Wolsenbuttel,</span> <span class='ocrx_word' id='word_1_204' title='bbox 812 1706 869 1729; x_wconf 88' lang='lat' dir='ltr'>cod.</span> <span class='ocrx_word' id='word_1_205' title='bbox 890 1705 1089 1737; x_wconf 72' lang='lat' dir='ltr'>Guelferbytan.</span> <span class='ocrx_word' id='word_1_206' title='bbox 1111 1707 1149 1729; x_wconf 85' lang='lat'>76.</span> <span class='ocrx_word' id='word_1_207' title='bbox 1168 1706 1206 1735; x_wconf 77' lang='lat'>14,</span> <span class='ocrx_word' id='word_1_208' title='bbox 1223 1706 1298 1737; x_wconf 67' lang='lat' dir='ltr'>Aug„</span> <span class='ocrx_word' id='word_1_209' title='bbox 1312 1706 1357 1729; x_wconf 84' lang='lat' dir='ltr'>sol.</span> <span class='ocrx_word' id='word_1_210' title='bbox 1375 1706 1485 1734; x_wconf 82' lang='grc'><strong>180-182,</strong></span> <span class='ocrx_word' id='word_1_211' title='bbox 1499 1705 1548 1728; x_wconf 84' lang='lat' dir='ltr'>sub</span> <span class='ocrx_word' id='word_1_212' title='bbox 1564 1705 1688 1728; x_wconf 87' lang='lat' dir='ltr'>rubrica:</span> <span class='ocrx_word' id='word_1_213' title='bbox 1704 1714 1715 1728; x_wconf 85' lang='lat'>«</span> <span class='ocrx_word' id='word_1_214' title='bbox 1728 1705 1846 1733; x_wconf 83' lang='lat' dir='ltr'>Quedam</span> <span class='ocrx_word' id='word_1_215' title='bbox 1862 1705 1939 1736; x_wconf 79' lang='lat' dir='ltr'>signa</span> <span class='ocrx_word' id='word_1_216' title='bbox 1953 1713 2002 1736; x_wconf 90' lang='lat' dir='ltr'>pro</span> <span class='ocrx_word' id='word_1_217' title='bbox 2017 1704 2125 1729; x_wconf 79' lang='lat' dir='ltr'>Urbano</span> <span class='ocrx_word' id='word_1_218' title='bbox 2138 1707 2228 1729; x_wconf 82' lang='lat' dir='ltr'>notata</span> <span class='ocrx_word' id='word_1_219' title='bbox 2237 1713 2286 1737; x_wconf 83' lang='lat' dir='ltr'>per</span> 
     </span>
     <span class='ocr_line' id='line_1_22' title="bbox 418 1745 2285 1781; baseline 0 -9"><span class='ocrx_word' id='word_1_220' title='bbox 418 1750 563 1773; x_wconf 78' lang='lat' dir='ltr'>Mai-silium</span> <span class='ocrx_word' id='word_1_221' title='bbox 580 1750 610 1773; x_wconf 89' lang='lat' dir='ltr'>dc</span> <span class='ocrx_word' id='word_1_222' title='bbox 627 1750 706 1781; x_wconf 80' lang='lat' dir='ltr'>Ingcu</span> <span class='ocrx_word' id='word_1_223' title='bbox 726 1750 825 1773; x_wconf 82' lang='lat' dir='ltr'>ratione</span> <span class='ocrx_word' id='word_1_224' title='bbox 842 1750 1004 1781; x_wconf 77' lang='lat' dir='ltr'>precedentis</span> <span class='ocrx_word' id='word_1_225' title='bbox 1021 1750 1131 1781; x_wconf 79' lang='lat' dir='ltr'>epistole</span> <span class='ocrx_word' id='word_1_226' title='bbox 1147 1758 1158 1772; x_wconf 77' lang='grc' dir='ltr'><strong>υ</strong></span> <span class='ocrx_word' id='word_1_227' title='bbox 1178 1750 1205 1780; x_wconf 87' lang='lat' dir='ltr'>(i.</span> <span class='ocrx_word' id='word_1_228' title='bbox 1226 1758 1248 1774; x_wconf 90' lang='lat' dir='ltr'>e.</span> <span class='ocrx_word' id='word_1_229' title='bbox 1270 1749 1375 1773; x_wconf 80' lang='lat' dir='ltr'>uem-ici</span> <span class='ocrx_word' id='word_1_230' title='bbox 1395 1750 1426 1773; x_wconf 87' lang='lat' dir='ltr'>de</span> <span class='ocrx_word' id='word_1_231' title='bbox 1446 1749 1542 1773; x_wconf 79' lang='lat' dir='ltr'>Ilussia</span> <span class='ocrx_word' id='word_1_232' title='bbox 1561 1750 1689 1781; x_wconf 83' lang='lat' dir='ltr'>epistolae</span> <span class='ocrx_word' id='word_1_233' title='bbox 1710 1750 1743 1773; x_wconf 80' lang='lat' dir='ltr'>ad</span> <span class='ocrx_word' id='word_1_234' title='bbox 1766 1745 1930 1781; x_wconf 52' lang='lat' dir='ltr'>Rupertuml.</span> <span class='ocrx_word' id='word_1_235' title='bbox 1952 1750 2021 1772; x_wconf 79' lang='lat' dir='ltr'>Haec</span> <span class='ocrx_word' id='word_1_236' title='bbox 2041 1749 2154 1780; x_wconf 79' lang='lat' dir='ltr'>epistola</span> <span class='ocrx_word' id='word_1_237' title='bbox 2173 1749 2285 1773; x_wconf 78' lang='lat' dir='ltr'>Marsilii</span> 
     </span>
     <span class='ocr_line' id='line_1_23' title="bbox 417 1787 2285 1826; baseline 0 -9"><span class='ocrx_word' id='word_1_238' title='bbox 417 1795 516 1825; x_wconf 82' lang='lat' dir='ltr'>scripta</span> <span class='ocrx_word' id='word_1_239' title='bbox 530 1797 570 1817; x_wconf 88' lang='lat' dir='ltr'>est</span> <span class='ocrx_word' id='word_1_240' title='bbox 585 1803 627 1817; x_wconf 79' lang='lat' dir='ltr'>un.</span> <span class='ocrx_word' id='word_1_241' title='bbox 643 1795 712 1823; x_wconf 80' lang='grc'><strong>1390,</strong></span> <span class='ocrx_word' id='word_1_242' title='bbox 731 1802 789 1817; x_wconf 89' lang='lat' dir='ltr'>cum</span> <span class='ocrx_word' id='word_1_243' title='bbox 805 1798 873 1817; x_wconf 86' lang='lat' dir='ltr'>esset</span> <span class='ocrx_word' id='word_1_244' title='bbox 889 1795 1094 1826; x_wconf 80' lang='lat' dir='ltr'>Heidelbergue;</span> <span class='ocrx_word' id='word_1_245' title='bbox 1111 1795 1157 1818; x_wconf 88' lang='lat' dir='ltr'>sed</span> <span class='ocrx_word' id='word_1_246' title='bbox 1172 1797 1281 1826; x_wconf 85' lang='lat' dir='ltr'>propter</span> <span class='ocrx_word' id='word_1_247' title='bbox 1297 1802 1385 1817; x_wconf 88' lang='lat' dir='ltr'>rerum</span> <span class='ocrx_word' id='word_1_248' title='bbox 1398 1802 1543 1817; x_wconf 86' lang='lat' dir='ltr'>connexum</span> <span class='ocrx_word' id='word_1_249' title='bbox 1559 1803 1605 1817; x_wconf 81' lang='lat' dir='ltr'>nos</span> <span class='ocrx_word' id='word_1_250' title='bbox 1621 1803 1679 1818; x_wconf 81' lang='lat' dir='ltr'>eam</span> <span class='ocrx_word' id='word_1_251' title='bbox 1694 1797 1823 1826; x_wconf 83' lang='lat' dir='ltr'>quantum</span> <span class='ocrx_word' id='word_1_252' title='bbox 1834 1794 1867 1817; x_wconf 85' lang='lat' dir='ltr'>ad</span> <span class='ocrx_word' id='word_1_253' title='bbox 1881 1802 1921 1817; x_wconf 83' lang='lat' dir='ltr'>res</span> <span class='ocrx_word' id='word_1_254' title='bbox 1937 1793 2124 1817; x_wconf 75' lang='lat' dir='ltr'>universitatis</span> <span class='ocrx_word' id='word_1_255' title='bbox 2138 1793 2232 1818; x_wconf 75' lang='lat' dir='ltr'>attinet</span> <span class='ocrx_word' id='word_1_256' title='bbox 2242 1787 2285 1817; x_wconf 63' lang='lat' dir='ltr'>hi&#39;c</span> 
     </span>
     <span class='ocr_line' id='line_1_24' title="bbox 415 1838 2284 1870; baseline 0 -9"><span class='ocrx_word' id='word_1_257' title='bbox 415 1839 547 1870; x_wconf 85' lang='lat' dir='ltr'>ponimus.</span> <span class='ocrx_word' id='word_1_258' title='bbox 564 1839 697 1866; x_wconf 78' lang='lat' dir='ltr'>Quaedam</span> <span class='ocrx_word' id='word_1_259' title='bbox 709 1838 764 1868; x_wconf 88' lang='lat' dir='ltr'>jam</span> <span class='ocrx_word' id='word_1_260' title='bbox 780 1838 896 1862; x_wconf 84' lang='lat' dir='ltr'>invenies</span> <span class='ocrx_word' id='word_1_261' title='bbox 912 1839 983 1870; x_wconf 91' lang='lat' dir='ltr'>apud</span> <span class='ocrx_word' id='word_1_262' title='bbox 997 1839 1126 1870; x_wconf 80' lang='lat' dir='ltr'>Hartwig,</span> <span class='ocrx_word' id='word_1_263' title='bbox 1144 1839 1233 1863; x_wconf 74' lang='lat' dir='ltr'>Leben</span> <span class='ocrx_word' id='word_1_264' title='bbox 1252 1846 1281 1863; x_wconf 84' lang='lat' dir='ltr'>u.</span> <span class='ocrx_word' id='word_1_265' title='bbox 1302 1839 1449 1870; x_wconf 77' lang='lat' dir='ltr'>Schriften</span> <span class='ocrx_word' id='word_1_266' title='bbox 1465 1838 1618 1863; x_wconf 77' lang='lat' dir='ltr'>Heinrichs</span> <span class='ocrx_word' id='word_1_267' title='bbox 1635 1846 1659 1863; x_wconf 85' lang='lat' dir='ltr'>v.</span> <span class='ocrx_word' id='word_1_268' title='bbox 1679 1838 1879 1869; x_wconf 72' lang='lat' dir='ltr'>Lanyenstein,</span> <span class='ocrx_word' id='word_1_269' title='bbox 1895 1847 1921 1870; x_wconf 87' lang='lat' dir='ltr'>p.</span> <span class='ocrx_word' id='word_1_270' title='bbox 1938 1839 1976 1867; x_wconf 75' lang='lat'>39,</span> <span class='ocrx_word' id='word_1_271' title='bbox 1993 1841 2045 1862; x_wconf 83' lang='lat' dir='ltr'>not.</span> <span class='ocrx_word' id='word_1_272' title='bbox 2065 1839 2087 1862; x_wconf 88' lang='lat'>1.</span> <span class='ocrx_word' id='word_1_273' title='bbox 2105 1838 2132 1862; x_wconf 88' lang='lat' dir='ltr'>Si</span> <span class='ocrx_word' id='word_1_274' title='bbox 2147 1846 2284 1870; x_wconf 71' lang='lat' dir='ltr'>compares</span> 
     </span>
     <span class='ocr_line' id='line_1_25' title="bbox 416 1879 2283 1915; baseline 0 -9"><span class='ocrx_word' id='word_1_275' title='bbox 416 1883 562 1907; x_wconf 84' lang='lat' dir='ltr'>Marsilium</span> <span class='ocrx_word' id='word_1_276' title='bbox 578 1892 636 1906; x_wconf 90' lang='lat' dir='ltr'>cum</span> <span class='ocrx_word' id='word_1_277' title='bbox 657 1883 766 1906; x_wconf 85' lang='lat' dir='ltr'>Ilenrico</span> <span class='ocrx_word' id='word_1_278' title='bbox 783 1884 813 1907; x_wconf 89' lang='lat' dir='ltr'>de</span> <span class='ocrx_word' id='word_1_279' title='bbox 831 1883 934 1912; x_wconf 78' lang='lat' dir='ltr'>Hassia,</span> <span class='ocrx_word' id='word_1_280' title='bbox 951 1879 1083 1915; x_wconf 74' lang='lat' dir='ltr'>posterior</span> <span class='ocrx_word' id='word_1_281' title='bbox 1098 1884 1180 1907; x_wconf 85' lang='lat' dir='ltr'>multo</span> <span class='ocrx_word' id='word_1_282' title='bbox 1197 1883 1299 1906; x_wconf 77' lang='lat' dir='ltr'>acutior</span> <span class='ocrx_word' id='word_1_283' title='bbox 1314 1886 1434 1915; x_wconf 78' lang='lat' dir='ltr'>apparet,</span> <span class='ocrx_word' id='word_1_284' title='bbox 1452 1880 1496 1914; x_wconf 62' lang='lat' dir='ltr'>q&#39;ui</span> <span class='ocrx_word' id='word_1_285' title='bbox 1512 1892 1555 1908; x_wconf 82' lang='lat' dir='ltr'>nn.</span> <span class='ocrx_word' id='word_1_286' title='bbox 1571 1884 1632 1907; x_wconf 82' lang='lat'>1393</span> <span class='ocrx_word' id='word_1_287' title='bbox 1649 1880 1787 1915; x_wconf 62' lang='lat' dir='ltr'>jam&#39;inter</span> <span class='ocrx_word' id='word_1_288' title='bbox 1802 1879 1855 1906; x_wconf 79' lang='lat' dir='ltr'>ulia</span> <span class='ocrx_word' id='word_1_289' title='bbox 1870 1882 2016 1906; x_wconf 80' lang='lat' dir='ltr'>cessionem</span> <span class='ocrx_word' id='word_1_290' title='bbox 2033 1879 2171 1906; x_wconf 75' lang='lat' dir='ltr'>amboru&#39;m</span> <span class='ocrx_word' id='word_1_291' title='bbox 2187 1890 2283 1914; x_wconf 86' lang='lat' dir='ltr'>propo-</span> 
     </span>
    </p>
   </div>
   <div class='ocr_carea' id='block_1_9' title="bbox 416 1928 502 1951">
    <p class='ocr_par' dir='ltr' id='par_1_11' title="bbox 416 1928 502 1951">
     <span class='ocr_line' id='line_1_26' title="bbox 416 1928 502 1951; baseline 0.012 -1"><span class='ocrx_word' id='word_1_292' title='bbox 416 1928 502 1951; x_wconf 85' lang='lat' dir='ltr'>nebat.</span> 
     </span>
    </p>
   </div>
   <div class='ocr_carea' id='block_1_10' title="bbox 414 2010 2283 2711">
    <p class='ocr_par' dir='ltr' id='par_1_12' title="bbox 414 2010 2283 2711">
     <span class='ocr_line' id='line_1_27' title="bbox 509 2010 2283 2043; baseline 0 -9"><span class='ocrx_word' id='word_1_293' title='bbox 509 2012 531 2035; x_wconf 88' lang='lat'>1.</span> <span class='ocrx_word' id='word_1_294' title='bbox 550 2011 608 2035; x_wconf 88' lang='lat' dir='ltr'>Vid.</span> <span class='ocrx_word' id='word_1_295' title='bbox 624 2020 705 2043; x_wconf 83' lang='lat' dir='ltr'>supra</span> <span class='ocrx_word' id='word_1_296' title='bbox 721 2016 749 2034; x_wconf 87' lang='lat' dir='ltr'>n⁰</span> <span class='ocrx_word' id='word_1_297' title='bbox 765 2013 833 2035; x_wconf 83' lang='grc'><strong>1608.</strong></span> <span class='ocrx_word' id='word_1_298' title='bbox 850 2026 879 2030; x_wconf 96' lang='lat'>—</span> <span class='ocrx_word' id='word_1_299' title='bbox 895 2013 917 2036; x_wconf 62' lang='lat'>2.</span> <span class='ocrx_word' id='word_1_300' title='bbox 933 2012 1065 2043; x_wconf 87' lang='lat' dir='ltr'>Septemb.</span> <span class='ocrx_word' id='word_1_301' title='bbox 1080 2013 1117 2035; x_wconf 90' lang='lat'>18.</span> <span class='ocrx_word' id='word_1_302' title='bbox 1135 2026 1165 2030; x_wconf 92' lang='lat'>-—-</span> <span class='ocrx_word' id='word_1_303' title='bbox 1180 2014 1203 2036; x_wconf 86' lang='lat'>3.</span> <span class='ocrx_word' id='word_1_304' title='bbox 1222 2014 1379 2036; x_wconf 84' lang='lat' dir='ltr'>Monendum</span> <span class='ocrx_word' id='word_1_305' title='bbox 1400 2013 1547 2036; x_wconf 70' lang='lat' dir='ltr'>Mau-silium</span> <span class='ocrx_word' id='word_1_306' title='bbox 1565 2013 1664 2042; x_wconf 83' lang='lat' dir='ltr'>eorum,</span> <span class='ocrx_word' id='word_1_307' title='bbox 1686 2020 1752 2043; x_wconf 80' lang='lat' dir='ltr'>quae</span> <span class='ocrx_word' id='word_1_308' title='bbox 1772 2012 1840 2034; x_wconf 86' lang='lat' dir='ltr'>nun&#39;c</span> <span class='ocrx_word' id='word_1_309' title='bbox 1860 2011 1892 2035; x_wconf 88' lang='lat' dir='ltr'>de</span> <span class='ocrx_word' id='word_1_310' title='bbox 1914 2011 2000 2035; x_wconf 83' lang='lat' dir='ltr'>rotulo</span> <span class='ocrx_word' id='word_1_311' title='bbox 2016 2010 2119 2040; x_wconf 59' lang='lat' dir='ltr'>scribitj</span> <span class='ocrx_word' id='word_1_312' title='bbox 2134 2010 2283 2043; x_wconf 73' lang='lat' dir='ltr'>non‘l&#39;uisse</span> 
     </span>
     <span class='ocr_line' id='line_1_28' title="bbox 415 2055 2282 2088; baseline -0.001 -8"><span class='ocrx_word' id='word_1_313' title='bbox 415 2059 508 2080; x_wconf 80' lang='lat' dir='ltr'>testem</span> <span class='ocrx_word' id='word_1_314' title='bbox 525 2056 680 2087; x_wconf 73' lang='lat' dir='ltr'>ocularium,</span> <span class='ocrx_word' id='word_1_315' title='bbox 696 2065 756 2079; x_wconf 79' lang='lat' dir='ltr'>naui</span> <span class='ocrx_word' id='word_1_316' title='bbox 769 2056 824 2088; x_wconf 79' lang='lat' dir='ltr'>jani</span> <span class='ocrx_word' id='word_1_317' title='bbox 840 2060 899 2080; x_wconf 83' lang='lat' dir='ltr'>ante</span> <span class='ocrx_word' id='word_1_318' title='bbox 915 2065 956 2079; x_wconf 82' lang='lat' dir='ltr'>an.</span> <span class='ocrx_word' id='word_1_319' title='bbox 975 2057 1043 2086; x_wconf 84' lang='lat'>1379,</span> <span class='ocrx_word' id='word_1_320' title='bbox 1061 2057 1135 2080; x_wconf 86' lang='lat' dir='ltr'>Febr.</span> <span class='ocrx_word' id='word_1_321' title='bbox 1153 2058 1192 2086; x_wconf 77' lang='lat'>21,</span> <span class='ocrx_word' id='word_1_322' title='bbox 1210 2058 1337 2088; x_wconf 77' lang='lat' dir='ltr'>Parisios,</span> <span class='ocrx_word' id='word_1_323' title='bbox 1353 2061 1382 2081; x_wconf 85' lang='lat' dir='ltr'>ut</span> <span class='ocrx_word' id='word_1_324' title='bbox 1396 2058 1508 2086; x_wconf 73' lang='lat' dir='ltr'>videtur,</span> <span class='ocrx_word' id='word_1_325' title='bbox 1525 2057 1669 2088; x_wconf 75' lang='lat' dir='ltr'>reliquerat</span> <span class='ocrx_word' id='word_1_326' title='bbox 1684 2056 1746 2086; x_wconf 78' lang='lat' dir='ltr'>(vid.</span> <span class='ocrx_word' id='word_1_327' title='bbox 1762 2058 1883 2080; x_wconf 80' lang='lat' dir='ltr'>Auctar.</span> <span class='ocrx_word' id='word_1_328' title='bbox 1901 2056 2038 2084; x_wconf 77' lang='lat' dir='ltr'>Chartul.‚</span> <span class='ocrx_word' id='word_1_329' title='bbox 2056 2056 2076 2086; x_wconf 87' lang='lat' dir='ltr'>I,</span> <span class='ocrx_word' id='word_1_330' title='bbox 2092 2064 2119 2087; x_wconf 89' lang='lat' dir='ltr'>p.</span> <span class='ocrx_word' id='word_1_331' title='bbox 2136 2057 2189 2086; x_wconf 88' lang='lat'>570,</span> <span class='ocrx_word' id='word_1_332' title='bbox 2206 2055 2241 2084; x_wconf 82' lang='lat'>15,</span> <span class='ocrx_word' id='word_1_333' title='bbox 2258 2058 2282 2078; x_wconf 72' lang='lat' dir='ltr'>et</span> 
     </span>
     <span class='ocr_line' id='line_1_29' title="bbox 416 2099 2281 2134; baseline -0.001 -10"><span class='ocrx_word' id='word_1_334' title='bbox 416 2104 470 2124; x_wconf 83' lang='lat' dir='ltr'>not.</span> <span class='ocrx_word' id='word_1_335' title='bbox 485 2102 518 2130; x_wconf 70' lang='lat'>6).</span> <span class='ocrx_word' id='word_1_336' title='bbox 535 2101 583 2124; x_wconf 92' lang='lat' dir='ltr'>Per</span> <span class='ocrx_word' id='word_1_337' title='bbox 596 2101 644 2123; x_wconf 89' lang='lat' dir='ltr'>hoc</span> <span class='ocrx_word' id='word_1_338' title='bbox 656 2101 820 2132; x_wconf 73' lang='lat' dir='ltr'>explicantur</span> <span class='ocrx_word' id='word_1_339' title='bbox 836 2110 937 2124; x_wconf 84' lang='lat' dir='ltr'>errores</span> <span class='ocrx_word' id='word_1_340' title='bbox 956 2101 982 2124; x_wconf 88' lang='lat' dir='ltr'>in</span> <span class='ocrx_word' id='word_1_341' title='bbox 998 2102 1168 2133; x_wconf 87' lang='lat' dir='ltr'>sequentibus</span> <span class='ocrx_word' id='word_1_342' title='bbox 1184 2111 1231 2133; x_wconf 87' lang='lat' dir='ltr'>per</span> <span class='ocrx_word' id='word_1_343' title='bbox 1246 2102 1335 2134; x_wconf 84' lang='lat' dir='ltr'>ipsum</span> <span class='ocrx_word' id='word_1_344' title='bbox 1353 2102 1518 2126; x_wconf 87' lang='lat' dir='ltr'>commissos.</span> <span class='ocrx_word' id='word_1_345' title='bbox 1534 2115 1565 2119; x_wconf 90' lang='lat'>—</span> <span class='ocrx_word' id='word_1_346' title='bbox 1579 2103 1603 2125; x_wconf 75' lang='lat'>4.</span> <span class='ocrx_word' id='word_1_347' title='bbox 1619 2110 1630 2124; x_wconf 89' lang='lat'>«</span> <span class='ocrx_word' id='word_1_348' title='bbox 1647 2101 1695 2124; x_wconf 87' lang='lat' dir='ltr'>Per</span> <span class='ocrx_word' id='word_1_349' title='bbox 1710 2101 1822 2124; x_wconf 90' lang='lat' dir='ltr'>duorum</span> <span class='ocrx_word' id='word_1_350' title='bbox 1838 2109 1967 2123; x_wconf 83' lang='lat' dir='ltr'>annorum</span> <span class='ocrx_word' id='word_1_351' title='bbox 1982 2100 2129 2131; x_wconf 84' lang='lat' dir='ltr'>primorum</span> <span class='ocrx_word' id='word_1_352' title='bbox 2142 2099 2258 2131; x_wconf 75' lang='lat' dir='ltr'>spatium</span> <span class='ocrx_word' id='word_1_353' title='bbox 2270 2107 2281 2123; x_wconf 66' lang='lat' dir='ltr'><strong>D</strong></span> 
     </span>
     <span class='ocr_line' id='line_1_30' title="bbox 417 2144 2282 2177; baseline -0.001 -9"><span class='ocrx_word' id='word_1_354' title='bbox 417 2145 588 2168; x_wconf 87' lang='lat' dir='ltr'>Schismatis?</span> <span class='ocrx_word' id='word_1_355' title='bbox 603 2145 618 2168; x_wconf 92' lang='lat' dir='ltr'>i.</span> <span class='ocrx_word' id='word_1_356' title='bbox 637 2154 660 2169; x_wconf 88' lang='lat' dir='ltr'>e.</span> <span class='ocrx_word' id='word_1_357' title='bbox 677 2154 692 2168; x_wconf 79' lang='lat' dir='ltr'>a</span> <span class='ocrx_word' id='word_1_358' title='bbox 708 2146 758 2168; x_wconf 88' lang='lat' dir='ltr'>fine</span> <span class='ocrx_word' id='word_1_359' title='bbox 777 2154 821 2170; x_wconf 83' lang='lat' dir='ltr'>an.</span> <span class='ocrx_word' id='word_1_360' title='bbox 837 2145 897 2169; x_wconf 86' lang='lat'>1378</span> <span class='ocrx_word' id='word_1_361' title='bbox 913 2154 995 2177; x_wconf 82' lang='lat' dir='ltr'>usque</span> <span class='ocrx_word' id='word_1_362' title='bbox 1011 2146 1044 2169; x_wconf 85' lang='lat' dir='ltr'>ad</span> <span class='ocrx_word' id='word_1_363' title='bbox 1060 2147 1137 2170; x_wconf 87' lang='lat' dir='ltr'>finem</span> <span class='ocrx_word' id='word_1_364' title='bbox 1153 2155 1196 2170; x_wconf 78' lang='lat' dir='ltr'>nn.</span> <span class='ocrx_word' id='word_1_365' title='bbox 1213 2148 1281 2176; x_wconf 86' lang='grc'><strong>1380,</strong></span> <span class='ocrx_word' id='word_1_366' title='bbox 1297 2147 1333 2170; x_wconf 83' lang='lat' dir='ltr'>ita</span> <span class='ocrx_word' id='word_1_367' title='bbox 1347 2150 1375 2170; x_wconf 90' lang='lat' dir='ltr'>ut</span> <span class='ocrx_word' id='word_1_368' title='bbox 1391 2150 1452 2170; x_wconf 83' lang='lat' dir='ltr'>tunc.</span> <span class='ocrx_word' id='word_1_369' title='bbox 1467 2147 1509 2170; x_wconf 82' lang='lat' dir='ltr'>vel</span> <span class='ocrx_word' id='word_1_370' title='bbox 1524 2146 1566 2170; x_wconf 82' lang='lat' dir='ltr'>a&#39;n.</span> <span class='ocrx_word' id='word_1_371' title='bbox 1582 2146 1651 2174; x_wconf 76' lang='grc'><strong>1381,</strong></span> <span class='ocrx_word' id='word_1_372' title='bbox 1668 2146 1771 2169; x_wconf 82' lang='lat' dir='ltr'>rotulus</span> <span class='ocrx_word' id='word_1_373' title='bbox 1787 2145 1927 2168; x_wconf 77' lang='lat' dir='ltr'>conclusus</span> <span class='ocrx_word' id='word_1_374' title='bbox 1943 2145 2028 2168; x_wconf 75' lang='lat' dir='ltr'>esset?</span> <span class='ocrx_word' id='word_1_375' title='bbox 2046 2145 2096 2168; x_wconf 88' lang='lat' dir='ltr'>Sed</span> <span class='ocrx_word' id='word_1_376' title='bbox 2107 2144 2199 2168; x_wconf 88' lang='lat' dir='ltr'>eodem</span> <span class='ocrx_word' id='word_1_377' title='bbox 2213 2152 2282 2167; x_wconf 78' lang='lat' dir='ltr'>anno</span> 
     </span>
     <span class='ocr_line' id='line_1_31' title="bbox 417 2188 2281 2223; baseline -0.001 -10"><span class='ocrx_word' id='word_1_378' title='bbox 417 2190 580 2213; x_wconf 75' lang='lat' dir='ltr'>Universitus</span> <span class='ocrx_word' id='word_1_379' title='bbox 596 2190 684 2220; x_wconf 85' lang='lat' dir='ltr'>potius</span> <span class='ocrx_word' id='word_1_380' title='bbox 702 2193 792 2213; x_wconf 84' lang='lat' dir='ltr'>contra</span> <span class='ocrx_word' id='word_1_381' title='bbox 806 2190 965 2214; x_wconf 81' lang='lat' dir='ltr'>Clementem</span> <span class='ocrx_word' id='word_1_382' title='bbox 989 2191 1038 2213; x_wconf 86' lang='lat' dir='ltr'>suit</span> <span class='ocrx_word' id='word_1_383' title='bbox 1057 2194 1081 2214; x_wconf 91' lang='lat' dir='ltr'>et</span> <span class='ocrx_word' id='word_1_384' title='bbox 1100 2191 1131 2214; x_wconf 91' lang='lat' dir='ltr'>de</span> <span class='ocrx_word' id='word_1_385' title='bbox 1152 2191 1268 2215; x_wconf 86' lang='lat' dir='ltr'>Concilio</span> <span class='ocrx_word' id='word_1_386' title='bbox 1281 2192 1399 2223; x_wconf 80' lang='lat' dir='ltr'>generali</span> <span class='ocrx_word' id='word_1_387' title='bbox 1411 2191 1517 2222; x_wconf 84' lang='lat' dir='ltr'>agebat.</span> <span class='ocrx_word' id='word_1_388' title='bbox 1531 2191 1603 2214; x_wconf 86' lang='lat' dir='ltr'>«Per</span> <span class='ocrx_word' id='word_1_389' title='bbox 1616 2191 1729 2213; x_wconf 87' lang='lat' dir='ltr'>duorum</span> <span class='ocrx_word' id='word_1_390' title='bbox 1746 2198 1873 2213; x_wconf 80' lang='lat' dir='ltr'>annorum</span> <span class='ocrx_word' id='word_1_391' title='bbox 1889 2189 2037 2221; x_wconf 85' lang='lat' dir='ltr'>primorum</span> <span class='ocrx_word' id='word_1_392' title='bbox 2054 2188 2171 2220; x_wconf 81' lang='lat' dir='ltr'>spatium</span> <span class='ocrx_word' id='word_1_393' title='bbox 2184 2196 2196 2211; x_wconf 74' lang='grc' dir='ltr'><strong>υ</strong></span> <span class='ocrx_word' id='word_1_394' title='bbox 2210 2188 2281 2219; x_wconf 71' lang='lat' dir='ltr'>regis</span> 
     </span>
     <span class='ocr_line' id='line_1_32' title="bbox 418 2232 2281 2266; baseline -0.001 -9"><span class='ocrx_word' id='word_1_395' title='bbox 418 2235 505 2257; x_wconf 85' lang='lat' dir='ltr'>Karoli</span> <span class='ocrx_word' id='word_1_396' title='bbox 516 2235 548 2257; x_wconf 73' lang='lat' dir='ltr'>Vl</span> <span class='ocrx_word' id='word_1_397' title='bbox 558 2236 566 2257; x_wconf 77' lang='lat'>‚³</span> <span class='ocrx_word' id='word_1_398' title='bbox 578 2234 595 2258; x_wconf 87' lang='lat' dir='ltr'>i.</span> <span class='ocrx_word' id='word_1_399' title='bbox 607 2243 629 2257; x_wconf 85' lang='lat' dir='ltr'>e.</span> <span class='ocrx_word' id='word_1_400' title='bbox 639 2235 672 2257; x_wconf 82' lang='lat' dir='ltr'>ab</span> <span class='ocrx_word' id='word_1_401' title='bbox 688 2243 730 2258; x_wconf 87' lang='lat' dir='ltr'>an.</span> <span class='ocrx_word' id='word_1_402' title='bbox 744 2235 813 2263; x_wconf 82' lang='grc'><strong>1380,</strong></span> <span class='ocrx_word' id='word_1_403' title='bbox 825 2235 896 2266; x_wconf 91' lang='lat' dir='ltr'>Sept.</span> <span class='ocrx_word' id='word_1_404' title='bbox 906 2236 943 2263; x_wconf 86' lang='grc'><strong>16,</strong></span> <span class='ocrx_word' id='word_1_405' title='bbox 954 2243 1036 2266; x_wconf 84' lang='lat' dir='ltr'>usque</span> <span class='ocrx_word' id='word_1_406' title='bbox 1045 2235 1078 2258; x_wconf 83' lang='lat' dir='ltr'>ad</span> <span class='ocrx_word' id='word_1_407' title='bbox 1089 2244 1132 2259; x_wconf 79' lang='lat' dir='ltr'>un.</span> <span class='ocrx_word' id='word_1_408' title='bbox 1150 2236 1218 2264; x_wconf 76' lang='lat'>1382,</span> <span class='ocrx_word' id='word_1_409' title='bbox 1232 2236 1324 2260; x_wconf 86' lang='lat' dir='ltr'>Octob.</span> <span class='ocrx_word' id='word_1_410' title='bbox 1334 2237 1424 2260; x_wconf 84' lang='lat' dir='ltr'>?Tunc</span> <span class='ocrx_word' id='word_1_411' title='bbox 1433 2235 1566 2259; x_wconf 84' lang='lat' dir='ltr'>Mnrsilius</span> <span class='ocrx_word' id='word_1_412' title='bbox 1582 2235 1625 2258; x_wconf 85' lang='lat' dir='ltr'>hic</span> <span class='ocrx_word' id='word_1_413' title='bbox 1640 2234 1696 2266; x_wconf 84' lang='lat' dir='ltr'>agit</span> <span class='ocrx_word' id='word_1_414' title='bbox 1711 2235 1797 2258; x_wconf 86' lang='lat' dir='ltr'>solum</span> <span class='ocrx_word' id='word_1_415' title='bbox 1807 2235 1839 2257; x_wconf 84' lang='lat' dir='ltr'>de</span> <span class='ocrx_word' id='word_1_416' title='bbox 1854 2234 1940 2257; x_wconf 77' lang='lat' dir='ltr'>rotulo</span> <span class='ocrx_word' id='word_1_417' title='bbox 1951 2234 2073 2258; x_wconf 76' lang='lat' dir='ltr'>secundo</span> <span class='ocrx_word' id='word_1_418' title='bbox 2087 2241 2133 2257; x_wconf 79' lang='lat' dir='ltr'>seu</span> <span class='ocrx_word' id='word_1_419' title='bbox 2148 2233 2179 2256; x_wconf 89' lang='lat' dir='ltr'>de</span> <span class='ocrx_word' id='word_1_420' title='bbox 2193 2232 2281 2264; x_wconf 85' lang='lat' dir='ltr'>primo</span> 
     </span>
     <span class='ocr_line' id='line_1_33' title="bbox 417 2277 2280 2311; baseline -0.001 -10"><span class='ocrx_word' id='word_1_421' title='bbox 417 2280 502 2302; x_wconf 88' lang='lat' dir='ltr'>rotulo</span> <span class='ocrx_word' id='word_1_422' title='bbox 516 2279 564 2302; x_wconf 86' lang='lat' dir='ltr'>sub</span> <span class='ocrx_word' id='word_1_423' title='bbox 576 2278 668 2302; x_wconf 67' lang='lat' dir='ltr'>Ciu—010</span> <span class='ocrx_word' id='word_1_424' title='bbox 683 2280 715 2302; x_wconf 80' lang='lat' dir='ltr'>VI</span> <span class='ocrx_word' id='word_1_425' title='bbox 731 2278 763 2302; x_wconf 87' lang='lat' dir='ltr'>ad</span> <span class='ocrx_word' id='word_1_426' title='bbox 780 2280 938 2303; x_wconf 86' lang='lat' dir='ltr'>Clementem</span> <span class='ocrx_word' id='word_1_427' title='bbox 950 2280 1039 2307; x_wconf 82' lang='lat' dir='ltr'>misso,</span> <span class='ocrx_word' id='word_1_428' title='bbox 1053 2280 1081 2303; x_wconf 36' lang='lat' dir='ltr'>*et</span> <span class='ocrx_word' id='word_1_429' title='bbox 1096 2280 1254 2304; x_wconf 83' lang='lat' dir='ltr'>mentionem</span> <span class='ocrx_word' id='word_1_430' title='bbox 1271 2282 1355 2304; x_wconf 77' lang='lat' dir='ltr'>fucere</span> <span class='ocrx_word' id='word_1_431' title='bbox 1372 2280 1453 2304; x_wconf 81' lang='lat' dir='ltr'>rotuli</span> <span class='ocrx_word' id='word_1_432' title='bbox 1465 2280 1556 2311; x_wconf 75' lang='lat' dir='ltr'>primi</span> <span class='ocrx_word' id='word_1_433' title='bbox 1570 2280 1619 2303; x_wconf 86' lang='lat' dir='ltr'>sub</span> <span class='ocrx_word' id='word_1_434' title='bbox 1636 2279 1729 2303; x_wconf 81' lang='lat' dir='ltr'>Carolo</span> <span class='ocrx_word' id='word_1_435' title='bbox 1746 2279 1766 2302; x_wconf 89' lang='lat' dir='ltr'>V</span> <span class='ocrx_word' id='word_1_436' title='bbox 1781 2278 1887 2307; x_wconf 69' lang='lat' dir='ltr'>omittit,</span> <span class='ocrx_word' id='word_1_437' title='bbox 1903 2278 1972 2301; x_wconf 77' lang='lat' dir='ltr'>sicut</span> <span class='ocrx_word' id='word_1_438' title='bbox 1987 2277 2091 2301; x_wconf 86' lang='lat' dir='ltr'>silentio</span> <span class='ocrx_word' id='word_1_439' title='bbox 2106 2277 2203 2301; x_wconf 80' lang='lat' dir='ltr'>transit</span> <span class='ocrx_word' id='word_1_440' title='bbox 2217 2285 2280 2300; x_wconf 86' lang='lat' dir='ltr'>con-</span> 
     </span>
     <span class='ocr_line' id='line_1_34' title="bbox 419 2322 2281 2356; baseline -0.001 -10"><span class='ocrx_word' id='word_1_441' title='bbox 419 2324 478 2346; x_wconf 81' lang='lat' dir='ltr'>silia</span> <span class='ocrx_word' id='word_1_442' title='bbox 499 2323 568 2354; x_wconf 72' lang='lat' dir='ltr'>regis</span> <span class='ocrx_word' id='word_1_443' title='bbox 585 2323 671 2346; x_wconf 87' lang='lat' dir='ltr'>Caroli</span> <span class='ocrx_word' id='word_1_444' title='bbox 686 2324 706 2347; x_wconf 87' lang='lat' dir='ltr'>V</span> <span class='ocrx_word' id='word_1_445' title='bbox 724 2324 821 2352; x_wconf 79' lang='lat' dir='ltr'>habita,</span> <span class='ocrx_word' id='word_1_446' title='bbox 837 2324 1040 2349; x_wconf 85' lang='lat' dir='ltr'>declarationem</span> <span class='ocrx_word' id='word_1_447' title='bbox 1056 2325 1242 2348; x_wconf 79' lang='lat' dir='ltr'>Universitatis</span> <span class='ocrx_word' id='word_1_448' title='bbox 1264 2334 1306 2349; x_wconf 82' lang='lat' dir='ltr'>an.</span> <span class='ocrx_word' id='word_1_449' title='bbox 1323 2326 1391 2354; x_wconf 84' lang='lat'>1379,</span> <span class='ocrx_word' id='word_1_450' title='bbox 1408 2325 1477 2354; x_wconf 76' lang='lat' dir='ltr'>Maii,</span> <span class='ocrx_word' id='word_1_451' title='bbox 1493 2325 1607 2356; x_wconf 79' lang='lat' dir='ltr'>aliaque.</span> <span class='ocrx_word' id='word_1_452' title='bbox 1622 2337 1653 2342; x_wconf 90' lang='lat'>—</span> <span class='ocrx_word' id='word_1_453' title='bbox 1668 2326 1690 2347; x_wconf 87' lang='lat'>5.</span> <span class='ocrx_word' id='word_1_454' title='bbox 1707 2324 1753 2347; x_wconf 75' lang='lat' dir='ltr'>Isti</span> <span class='ocrx_word' id='word_1_455' title='bbox 1769 2323 1888 2346; x_wconf 82' lang='lat' dir='ltr'>doctores</span> <span class='ocrx_word' id='word_1_456' title='bbox 1909 2322 2016 2346; x_wconf 77' lang='lat' dir='ltr'>minime</span> <span class='ocrx_word' id='word_1_457' title='bbox 2030 2332 2043 2344; x_wconf 90' lang='lat'>«</span> <span class='ocrx_word' id='word_1_458' title='bbox 2059 2322 2205 2345; x_wconf 81' lang='lat' dir='ltr'>valentiora</span> <span class='ocrx_word' id='word_1_459' title='bbox 2220 2330 2281 2353; x_wconf 83' lang='lat' dir='ltr'>sup-</span> 
     </span>
     <span class='ocr_line' id='line_1_35' title="bbox 418 2366 2280 2401; baseline -0.001 -11"><span class='ocrx_word' id='word_1_460' title='bbox 418 2368 506 2399; x_wconf 81' lang='lat' dir='ltr'>posita</span> <span class='ocrx_word' id='word_1_461' title='bbox 520 2376 531 2390; x_wconf 84' lang='lat'>›&gt;</span> <span class='ocrx_word' id='word_1_462' title='bbox 549 2368 732 2391; x_wconf 83' lang='lat' dir='ltr'>Universitatis</span> <span class='ocrx_word' id='word_1_463' title='bbox 747 2370 860 2392; x_wconf 80' lang='lat' dir='ltr'>suerunt.</span> <span class='ocrx_word' id='word_1_464' title='bbox 871 2383 900 2386; x_wconf 97' lang='lat'><strong>—</strong></span> <span class='ocrx_word' id='word_1_465' title='bbox 911 2370 934 2392; x_wconf 82' lang='lat'>6.</span> <span class='ocrx_word' id='word_1_466' title='bbox 946 2370 965 2392; x_wconf 89' lang='lat'>1.</span> <span class='ocrx_word' id='word_1_467' title='bbox 978 2378 999 2392; x_wconf 88' lang='lat' dir='ltr'>e.</span> <span class='ocrx_word' id='word_1_468' title='bbox 1010 2369 1129 2393; x_wconf 81' lang='lat' dir='ltr'>Johanne</span> <span class='ocrx_word' id='word_1_469' title='bbox 1143 2370 1266 2401; x_wconf 82' lang='lat' dir='ltr'>Luqueti;</span> <span class='ocrx_word' id='word_1_470' title='bbox 1284 2378 1344 2393; x_wconf 83' lang='lat' dir='ltr'>nam</span> <span class='ocrx_word' id='word_1_471' title='bbox 1360 2370 1409 2393; x_wconf 86' lang='lat' dir='ltr'>sub</span> <span class='ocrx_word' id='word_1_472' title='bbox 1425 2370 1484 2401; x_wconf 86' lang='lat' dir='ltr'>ipso</span> <span class='ocrx_word' id='word_1_473' title='bbox 1500 2369 1602 2392; x_wconf 85' lang='lat' dir='ltr'>rotulus</span> <span class='ocrx_word' id='word_1_474' title='bbox 1617 2369 1757 2391; x_wconf 88' lang='lat' dir='ltr'>conclusus</span> <span class='ocrx_word' id='word_1_475' title='bbox 1769 2371 1816 2391; x_wconf 85' lang='lat' dir='ltr'>est.</span> <span class='ocrx_word' id='word_1_476' title='bbox 1830 2368 1876 2391; x_wconf 81' lang='lat' dir='ltr'>Ast</span> <span class='ocrx_word' id='word_1_477' title='bbox 1888 2375 1930 2391; x_wconf 88' lang='lat' dir='ltr'>an.</span> <span class='ocrx_word' id='word_1_478' title='bbox 1943 2367 2004 2390; x_wconf 78' lang='lat'>1403</span> <span class='ocrx_word' id='word_1_479' title='bbox 2014 2367 2040 2390; x_wconf 89' lang='lat' dir='ltr'>in</span> <span class='ocrx_word' id='word_1_480' title='bbox 2056 2367 2142 2389; x_wconf 84' lang='lat' dir='ltr'>rotulo</span> <span class='ocrx_word' id='word_1_481' title='bbox 2155 2366 2189 2389; x_wconf 80' lang='lat' dir='ltr'>ad</span> <span class='ocrx_word' id='word_1_482' title='bbox 2199 2366 2280 2389; x_wconf 85' lang='lat' dir='ltr'>Beue-</span> 
     </span>
     <span class='ocr_line' id='line_1_36' title="bbox 419 2410 2279 2446; baseline 0 -12"><span class='ocrx_word' id='word_1_483' title='bbox 419 2412 517 2435; x_wconf 86' lang='lat' dir='ltr'>dictum</span> <span class='ocrx_word' id='word_1_484' title='bbox 529 2412 585 2434; x_wconf 85' lang='lat' dir='ltr'><strong>XIII</strong></span> <span class='ocrx_word' id='word_1_485' title='bbox 598 2412 677 2435; x_wconf 66' lang='lat' dir='ltr'>misso</span> <span class='ocrx_word' id='word_1_486' title='bbox 693 2413 833 2439; x_wconf 81' lang='lat' dir='ltr'>Johanncs,</span> <span class='ocrx_word' id='word_1_487' title='bbox 849 2413 904 2444; x_wconf 86' lang='lat' dir='ltr'>jam</span> <span class='ocrx_word' id='word_1_488' title='bbox 920 2414 1046 2444; x_wconf 79' lang='lat' dir='ltr'>magister</span> <span class='ocrx_word' id='word_1_489' title='bbox 1061 2414 1150 2444; x_wconf 67' lang='lat' dir='ltr'>theol„</span> <span class='ocrx_word' id='word_1_490' title='bbox 1163 2423 1224 2437; x_wconf 84' lang='lat' dir='ltr'>suas</span> <span class='ocrx_word' id='word_1_491' title='bbox 1240 2415 1388 2446; x_wconf 81' lang='lat' dir='ltr'>prebendas</span> <span class='ocrx_word' id='word_1_492' title='bbox 1404 2412 1548 2443; x_wconf 74' lang='lat' dir='ltr'>enumerat,</span> <span class='ocrx_word' id='word_1_493' title='bbox 1565 2413 1611 2436; x_wconf 80' lang='lat' dir='ltr'>illa</span> <span class='ocrx_word' id='word_1_494' title='bbox 1623 2415 1648 2438; x_wconf 86' lang='lat' dir='ltr'>S.</span> <span class='ocrx_word' id='word_1_495' title='bbox 1664 2412 1783 2441; x_wconf 85' lang='lat' dir='ltr'>Quintini</span> <span class='ocrx_word' id='word_1_496' title='bbox 1797 2412 1905 2436; x_wconf 79' lang='lat' dir='ltr'>omissa.</span> <span class='ocrx_word' id='word_1_497' title='bbox 1922 2412 1951 2435; x_wconf 88' lang='lat' dir='ltr'>In</span> <span class='ocrx_word' id='word_1_498' title='bbox 1965 2412 2028 2443; x_wconf 82' lang='lat' dir='ltr'>Reg.</span> <span class='ocrx_word' id='word_1_499' title='bbox 2043 2410 2123 2434; x_wconf 80' lang='lat' dir='ltr'>etiam</span> <span class='ocrx_word' id='word_1_500' title='bbox 2138 2411 2220 2434; x_wconf 86' lang='lat' dir='ltr'>Clem.</span> <span class='ocrx_word' id='word_1_501' title='bbox 2233 2411 2279 2434; x_wconf 85' lang='lat' dir='ltr'>vu</span> 
     </span>
     <span class='ocr_line' id='line_1_37' title="bbox 419 2455 2280 2490; baseline -0.001 -10"><span class='ocrx_word' id='word_1_502' title='bbox 419 2464 461 2480; x_wconf 79' lang='lat' dir='ltr'>an.</span> <span class='ocrx_word' id='word_1_503' title='bbox 474 2457 533 2479; x_wconf 74' lang='lat'>1382</span> <span class='ocrx_word' id='word_1_504' title='bbox 544 2456 675 2479; x_wconf 81' lang='lat' dir='ltr'>invenitur</span> <span class='ocrx_word' id='word_1_505' title='bbox 687 2457 772 2480; x_wconf 85' lang='lat' dir='ltr'>solum</span> <span class='ocrx_word' id='word_1_506' title='bbox 786 2458 912 2481; x_wconf 85' lang='lat' dir='ltr'>Ricardus</span> <span class='ocrx_word' id='word_1_507' title='bbox 928 2459 959 2481; x_wconf 89' lang='lat' dir='ltr'>de</span> <span class='ocrx_word' id='word_1_508' title='bbox 977 2459 1034 2487; x_wconf 86' lang='lat' dir='ltr'>Los,</span> <span class='ocrx_word' id='word_1_509' title='bbox 1051 2459 1095 2490; x_wconf 87' lang='lat' dir='ltr'>qui</span> <span class='ocrx_word' id='word_1_510' title='bbox 1106 2462 1175 2487; x_wconf 84' lang='lat' dir='ltr'>tunc,</span> <span class='ocrx_word' id='word_1_511' title='bbox 1191 2460 1256 2490; x_wconf 79' lang='lat' dir='ltr'>Aug.</span> <span class='ocrx_word' id='word_1_512' title='bbox 1272 2460 1308 2488; x_wconf 93' lang='lat'>17,</span> <span class='ocrx_word' id='word_1_513' title='bbox 1323 2461 1406 2482; x_wconf 82' lang='lat' dir='ltr'>factus</span> <span class='ocrx_word' id='word_1_514' title='bbox 1423 2462 1462 2482; x_wconf 86' lang='lat' dir='ltr'>est</span> <span class='ocrx_word' id='word_1_515' title='bbox 1475 2459 1589 2482; x_wconf 86' lang='lat' dir='ltr'>decanus</span> <span class='ocrx_word' id='word_1_516' title='bbox 1606 2458 1632 2483; x_wconf 88' lang='lat' dir='ltr'>S.</span> <span class='ocrx_word' id='word_1_517' title='bbox 1645 2457 1763 2486; x_wconf 83' lang='lat' dir='ltr'>Quintini</span> <span class='ocrx_word' id='word_1_518' title='bbox 1776 2457 1840 2488; x_wconf 81' lang='lat' dir='ltr'>(vid.</span> <span class='ocrx_word' id='word_1_519' title='bbox 1852 2465 1943 2488; x_wconf 83' lang='lat' dir='ltr'>supra,</span> <span class='ocrx_word' id='word_1_520' title='bbox 1954 2464 1981 2487; x_wconf 91' lang='lat' dir='ltr'>p.</span> <span class='ocrx_word' id='word_1_521' title='bbox 1994 2457 2046 2484; x_wconf 73' lang='grc'><strong>263,</strong></span> <span class='ocrx_word' id='word_1_522' title='bbox 2061 2458 2115 2479; x_wconf 87' lang='lat' dir='ltr'>not.</span> <span class='ocrx_word' id='word_1_523' title='bbox 2127 2457 2160 2485; x_wconf 87' lang='lat'>9),</span> <span class='ocrx_word' id='word_1_524' title='bbox 2172 2455 2280 2479; x_wconf 81' lang='lat' dir='ltr'>minime</span> 
     </span>
     <span class='ocr_line' id='line_1_38' title="bbox 417 2499 2279 2535; baseline -0.001 -11"><span class='ocrx_word' id='word_1_525' title='bbox 417 2501 549 2524; x_wconf 61' lang='lat' dir='ltr'>«Iohannes</span> <span class='ocrx_word' id='word_1_526' title='bbox 566 2500 684 2531; x_wconf 85' lang='lat' dir='ltr'>Luqueti.</span> <span class='ocrx_word' id='word_1_527' title='bbox 701 2502 771 2524; x_wconf 84' lang='lat' dir='ltr'>Idem</span> <span class='ocrx_word' id='word_1_528' title='bbox 787 2502 925 2524; x_wconf 87' lang='lat' dir='ltr'>dicendum</span> <span class='ocrx_word' id='word_1_529' title='bbox 941 2503 971 2525; x_wconf 90' lang='lat' dir='ltr'>de</span> <span class='ocrx_word' id='word_1_530' title='bbox 984 2503 1078 2534; x_wconf 88' lang='lat' dir='ltr'>Egidio</span> <span class='ocrx_word' id='word_1_531' title='bbox 1094 2504 1124 2526; x_wconf 87' lang='lat' dir='ltr'>de</span> <span class='ocrx_word' id='word_1_532' title='bbox 1140 2505 1338 2534; x_wconf 81' lang='lat' dir='ltr'>Asperomonte,</span> <span class='ocrx_word' id='word_1_533' title='bbox 1351 2503 1400 2526; x_wconf 84' lang='lat' dir='ltr'>sub</span> <span class='ocrx_word' id='word_1_534' title='bbox 1413 2511 1464 2535; x_wconf 90' lang='lat' dir='ltr'>quo</span> <span class='ocrx_word' id='word_1_535' title='bbox 1481 2503 1584 2526; x_wconf 82' lang='lat' dir='ltr'>rotulus</span> <span class='ocrx_word' id='word_1_536' title='bbox 1598 2502 1695 2525; x_wconf 87' lang='lat' dir='ltr'>missus</span> <span class='ocrx_word' id='word_1_537' title='bbox 1711 2505 1759 2525; x_wconf 83' lang='lat' dir='ltr'>est.</span> <span class='ocrx_word' id='word_1_538' title='bbox 1775 2515 1806 2519; x_wconf 97' lang='lat'>—</span> <span class='ocrx_word' id='word_1_539' title='bbox 1817 2502 1841 2524; x_wconf 90' lang='lat'>7.</span> <span class='ocrx_word' id='word_1_540' title='bbox 1857 2501 1877 2524; x_wconf 87' lang='lat' dir='ltr'>I.</span> <span class='ocrx_word' id='word_1_541' title='bbox 1893 2509 1917 2524; x_wconf 82' lang='lat' dir='ltr'>e.</span> <span class='ocrx_word' id='word_1_542' title='bbox 1930 2500 2139 2523; x_wconf 85' lang='lat' dir='ltr'>Clementem.—</span> <span class='ocrx_word' id='word_1_543' title='bbox 2154 2500 2177 2523; x_wconf 86' lang='lat'>8.</span> <span class='ocrx_word' id='word_1_544' title='bbox 2191 2499 2279 2523; x_wconf 78' lang='lat' dir='ltr'>Urha-</span> 
     </span>
     <span class='ocr_line' id='line_1_39' title="bbox 418 2543 2280 2576; baseline 0 -9"><span class='ocrx_word' id='word_1_545' title='bbox 418 2553 479 2568; x_wconf 88' lang='lat' dir='ltr'>uum</span> <span class='ocrx_word' id='word_1_546' title='bbox 494 2545 535 2568; x_wconf 61' lang='lat' dir='ltr'>VI.</span> <span class='ocrx_word' id='word_1_547' title='bbox 548 2558 577 2561; x_wconf 93' lang='lat'>-—</span> <span class='ocrx_word' id='word_1_548' title='bbox 587 2546 610 2567; x_wconf 87' lang='lat'>9.</span> <span class='ocrx_word' id='word_1_549' title='bbox 625 2545 787 2567; x_wconf 80' lang='lat' dir='ltr'>Bonisarium</span> <span class='ocrx_word' id='word_1_550' title='bbox 800 2546 840 2568; x_wconf 80' lang='lat' dir='ltr'>lx.</span> <span class='ocrx_word' id='word_1_551' title='bbox 851 2560 877 2563; x_wconf 87' lang='lat'><strong>—</strong></span> <span class='ocrx_word' id='word_1_552' title='bbox 888 2547 925 2570; x_wconf 90' lang='lat'>10.</span> <span class='ocrx_word' id='word_1_553' title='bbox 935 2547 1067 2570; x_wconf 80' lang='lat' dir='ltr'>Marsilius</span> <span class='ocrx_word' id='word_1_554' title='bbox 1086 2547 1127 2570; x_wconf 77' lang='lat' dir='ltr'>hie</span> <span class='ocrx_word' id='word_1_555' title='bbox 1144 2548 1211 2571; x_wconf 88' lang='lat' dir='ltr'>sicut</span> <span class='ocrx_word' id='word_1_556' title='bbox 1225 2547 1251 2570; x_wconf 92' lang='lat' dir='ltr'>in</span> <span class='ocrx_word' id='word_1_557' title='bbox 1265 2546 1479 2571; x_wconf 80' lang='lat' dir='ltr'>antecedentibus</span> <span class='ocrx_word' id='word_1_558' title='bbox 1491 2545 1633 2570; x_wconf 79' lang='lat' dir='ltr'>admodum</span> <span class='ocrx_word' id='word_1_559' title='bbox 1648 2546 1820 2569; x_wconf 79' lang='lat' dir='ltr'>immoderate</span> <span class='ocrx_word' id='word_1_560' title='bbox 1832 2544 1958 2576; x_wconf 80' lang='lat' dir='ltr'>loquitur.</span> <span class='ocrx_word' id='word_1_561' title='bbox 1967 2558 1997 2561; x_wconf 89' lang='lat'><strong>—</strong></span> <span class='ocrx_word' id='word_1_562' title='bbox 2010 2544 2049 2568; x_wconf 86' lang='lat'>11.</span> <span class='ocrx_word' id='word_1_563' title='bbox 2061 2544 2161 2568; x_wconf 73' lang='lat' dir='ltr'>chrzm.</span> <span class='ocrx_word' id='word_1_564' title='bbox 2173 2545 2213 2568; x_wconf 75' lang='lat' dir='ltr'>du</span> <span class='ocrx_word' id='word_1_565' title='bbox 2227 2543 2280 2568; x_wconf 80' lang='lat' dir='ltr'>rel.</span> 
     </span>
     <span class='ocr_line' id='line_1_40' title="bbox 416 2587 2278 2623; baseline -0.001 -11"><span class='ocrx_word' id='word_1_566' title='bbox 416 2590 447 2612; x_wconf 81' lang='lat' dir='ltr'>de</span> <span class='ocrx_word' id='word_1_567' title='bbox 463 2588 662 2619; x_wconf 72' lang='lat' dir='ltr'>Saint—Denys,</span> <span class='ocrx_word' id='word_1_568' title='bbox 680 2590 701 2619; x_wconf 90' lang='lat' dir='ltr'>I,</span> <span class='ocrx_word' id='word_1_569' title='bbox 714 2590 767 2617; x_wconf 67' lang='grc'><strong>634,</strong></span> <span class='ocrx_word' id='word_1_570' title='bbox 784 2590 944 2613; x_wconf 83' lang='lat' dir='ltr'>contrarium</span> <span class='ocrx_word' id='word_1_571' title='bbox 963 2591 1033 2614; x_wconf 87' lang='lat' dir='ltr'>dicit.</span> <span class='ocrx_word' id='word_1_572' title='bbox 1051 2591 1170 2615; x_wconf 82' lang='lat' dir='ltr'>Clemens</span> <span class='ocrx_word' id='word_1_573' title='bbox 1187 2593 1233 2615; x_wconf 91' lang='lat' dir='ltr'>VII</span> <span class='ocrx_word' id='word_1_574' title='bbox 1248 2591 1326 2615; x_wconf 91' lang='lat' dir='ltr'>etiam</span> <span class='ocrx_word' id='word_1_575' title='bbox 1342 2592 1391 2615; x_wconf 82' lang='lat' dir='ltr'>sub</span> <span class='ocrx_word' id='word_1_576' title='bbox 1406 2591 1504 2623; x_wconf 82' lang='lat' dir='ltr'>poenis.</span> <span class='ocrx_word' id='word_1_577' title='bbox 1514 2590 1682 2622; x_wconf 71' lang='lat' dir='ltr'>gravissimis</span> <span class='ocrx_word' id='word_1_578' title='bbox 1698 2598 1740 2613; x_wconf 82' lang='lat' dir='ltr'>an.</span> <span class='ocrx_word' id='word_1_579' title='bbox 1758 2590 1827 2618; x_wconf 86' lang='lat'>1389,</span> <span class='ocrx_word' id='word_1_580' title='bbox 1843 2590 1907 2614; x_wconf 82' lang='lat' dir='ltr'>Nov.</span> <span class='ocrx_word' id='word_1_581' title='bbox 1925 2590 1962 2619; x_wconf 73' lang='lat'>⁶27,</span> <span class='ocrx_word' id='word_1_582' title='bbox 1977 2588 2124 2620; x_wconf 83' lang='lat' dir='ltr'>prohibuit,</span> <span class='ocrx_word' id='word_1_583' title='bbox 2138 2587 2278 2620; x_wconf 71' lang='lat' dir='ltr'>quominus</span> 
     </span>
     <span class='ocr_line' id='line_1_41' title="bbox 416 2632 2280 2668; baseline -0.001 -12"><span class='ocrx_word' id='word_1_584' title='bbox 416 2633 456 2656; x_wconf 81' lang='lat' dir='ltr'>sui</span> <span class='ocrx_word' id='word_1_585' title='bbox 475 2633 573 2656; x_wconf 86' lang='lat' dir='ltr'>subditi</span> <span class='ocrx_word' id='word_1_586' title='bbox 589 2634 696 2656; x_wconf 80' lang='lat' dir='ltr'>Romam</span> <span class='ocrx_word' id='word_1_587' title='bbox 717 2634 867 2657; x_wconf 76' lang='lat' dir='ltr'>accederent</span> <span class='ocrx_word' id='word_1_588' title='bbox 883 2635 953 2665; x_wconf 72' lang='lat' dir='ltr'>(fleg.</span> <span class='ocrx_word' id='word_1_589' title='bbox 971 2636 1027 2658; x_wconf 76' lang='lat' dir='ltr'>Vat.</span> <span class='ocrx_word' id='word_1_590' title='bbox 1045 2636 1125 2659; x_wconf 87' lang='lat' dir='ltr'>Clem.</span> <span class='ocrx_word' id='word_1_591' title='bbox 1147 2637 1201 2666; x_wconf 80' lang='lat' dir='ltr'>VII,</span> <span class='ocrx_word' id='word_1_592' title='bbox 1218 2640 1246 2659; x_wconf 88' lang='lat' dir='ltr'>n0</span> <span class='ocrx_word' id='word_1_593' title='bbox 1262 2637 1316 2667; x_wconf 72' lang='lat'>301,</span> <span class='ocrx_word' id='word_1_594' title='bbox 1339 2638 1354 2660; x_wconf 81' lang='lat' dir='ltr'>s.</span> <span class='ocrx_word' id='word_1_595' title='bbox 1373 2636 1420 2659; x_wconf 79' lang='lat'>18¹&gt;</span> <span class='ocrx_word' id='word_1_596' title='bbox 1444 2639 1522 2668; x_wconf 82' lang='lat' dir='ltr'>sqq.&gt;.</span> <span class='ocrx_word' id='word_1_597' title='bbox 1535 2649 1566 2653; x_wconf 98' lang='lat'><strong>—</strong></span> <span class='ocrx_word' id='word_1_598' title='bbox 1583 2636 1621 2659; x_wconf 80' lang='lat'>12.</span> <span class='ocrx_word' id='word_1_599' title='bbox 1643 2635 1691 2658; x_wconf 88' lang='lat' dir='ltr'>Ms.</span> <span class='ocrx_word' id='word_1_600' title='bbox 1706 2643 1711 2657; x_wconf 94' lang='lat'><strong>:</strong></span> <span class='ocrx_word' id='word_1_601' title='bbox 1728 2643 1741 2656; x_wconf 78' lang='grc' dir='ltr'>α</span> <span class='ocrx_word' id='word_1_602' title='bbox 1757 2633 1940 2657; x_wconf 81' lang='lat' dir='ltr'>nunciatorum</span> <span class='ocrx_word' id='word_1_603' title='bbox 1961 2643 1982 2656; x_wconf 86' lang='lat'>».</span> <span class='ocrx_word' id='word_1_604' title='bbox 1998 2633 2085 2656; x_wconf 58' lang='lat'>—&gt;13.</span> <span class='ocrx_word' id='word_1_605' title='bbox 2106 2632 2280 2656; x_wconf 80' lang='lat' dir='ltr'>Ludovicum:</span> 
     </span>
     <span class='ocr_line' id='line_1_42' title="bbox 414 2676 2279 2711; baseline -0.001 -10"><span class='ocrx_word' id='word_1_606' title='bbox 414 2677 472 2700; x_wconf 86' lang='lat' dir='ltr'>Vid.</span> <span class='ocrx_word' id='word_1_607' title='bbox 487 2678 517 2700; x_wconf 89' lang='lat' dir='ltr'>de</span> <span class='ocrx_word' id='word_1_608' title='bbox 533 2677 580 2699; x_wconf 83' lang='lat' dir='ltr'>hoe</span> <span class='ocrx_word' id='word_1_609' title='bbox 599 2677 702 2705; x_wconf 77' lang='lat' dir='ltr'>Baluzo,</span> <span class='ocrx_word' id='word_1_610' title='bbox 724 2677 774 2701; x_wconf 72' lang='lat' dir='ltr'>I&#39;it.</span> <span class='ocrx_word' id='word_1_611' title='bbox 790 2685 854 2707; x_wconf 75' lang='lat' dir='ltr'>pap.</span> <span class='ocrx_word' id='word_1_612' title='bbox 870 2680 967 2704; x_wconf 69' lang='lat' dir='ltr'>Auen..</span> <span class='ocrx_word' id='word_1_613' title='bbox 982 2680 1001 2708; x_wconf 86' lang='lat' dir='ltr'>I,</span> <span class='ocrx_word' id='word_1_614' title='bbox 1015 2680 1058 2702; x_wconf 73' lang='lat'>551</span> <span class='ocrx_word' id='word_1_615' title='bbox 1076 2688 1130 2711; x_wconf 84' lang='lat' dir='ltr'>sq.;</span> <span class='ocrx_word' id='word_1_616' title='bbox 1146 2681 1358 2711; x_wconf 73' lang='lat' dir='ltr'>Chronoymph.</span> <span class='ocrx_word' id='word_1_617' title='bbox 1370 2688 1428 2711; x_wconf 72' lang='lat' dir='ltr'>req.</span> <span class='ocrx_word' id='word_1_618' title='bbox 1443 2681 1556 2709; x_wconf 60' lang='lat' dir='ltr'>Franc„</span> <span class='ocrx_word' id='word_1_619' title='bbox 1570 2680 1613 2703; x_wconf 88' lang='lat' dir='ltr'>ed.</span> <span class='ocrx_word' id='word_1_620' title='bbox 1623 2678 1785 2708; x_wconf 74' lang='lat' dir='ltr'>MoranvilIe,</span> <span class='ocrx_word' id='word_1_621' title='bbox 1801 2678 1833 2707; x_wconf 80' lang='lat'>11,</span> <span class='ocrx_word' id='word_1_622' title='bbox 1848 2679 1893 2701; x_wconf 87' lang='grc'><strong>376</strong></span> <span class='ocrx_word' id='word_1_623' title='bbox 1906 2685 1947 2709; x_wconf 76' lang='lat' dir='ltr'>sq.</span> <span class='ocrx_word' id='word_1_624' title='bbox 1959 2691 1987 2695; x_wconf 95' lang='lat'>—</span> <span class='ocrx_word' id='word_1_625' title='bbox 2005 2677 2044 2701; x_wconf 81' lang='lat'>14.</span> <span class='ocrx_word' id='word_1_626' title='bbox 2061 2677 2212 2708; x_wconf 78' lang='lat' dir='ltr'>Sequuntur</span> <span class='ocrx_word' id='word_1_627' title='bbox 2226 2676 2279 2699; x_wconf 84' lang='lat' dir='ltr'>duo</span> 
     </span>
    </p>
   </div>
   <div class='ocr_carea' id='block_1_11' title="bbox 415 2721 1116 2754">
    <p class='ocr_par' dir='ltr' id='par_1_13' title="bbox 415 2721 1116 2754">
     <span class='ocr_line' id='line_1_43' title="bbox 415 2721 1116 2754; baseline 0.004 -10"><span class='ocrx_word' id='word_1_628' title='bbox 415 2722 466 2745; x_wconf 80' lang='lat' dir='ltr'>alin</span> <span class='ocrx_word' id='word_1_629' title='bbox 484 2721 560 2752; x_wconf 81' lang='lat' dir='ltr'>signa</span> <span class='ocrx_word' id='word_1_630' title='bbox 573 2725 602 2754; x_wconf 63' lang='lat' dir='ltr'>et&gt;</span> <span class='ocrx_word' id='word_1_631' title='bbox 610 2725 712 2745; x_wconf 86' lang='lat' dir='ltr'>caetera</span> <span class='ocrx_word' id='word_1_632' title='bbox 727 2721 752 2744; x_wconf 86' lang='lat' dir='ltr'>in</span> <span class='ocrx_word' id='word_1_633' title='bbox 769 2722 958 2746; x_wconf 85' lang='lat' dir='ltr'>introductione</span> <span class='ocrx_word' id='word_1_634' title='bbox 976 2724 1116 2754; x_wconf 78' lang='lat' dir='ltr'>promissa.</span> 
     </span>
    </p>
   </div>
  </div>
 </body>
</html>
