2488 3386
440 348 504 379 442
1031 353 1347 375 cuAnTULAan
1382 352 1572 374 nauseasv
1610 351 1739 374 PARIS.
2207 337 2307 374 [1387

442 430 534 462 duos
555 440 700 469 cursus;
725 428 822 472 quod
848 428 878 461 si
905 427 1057 460 Bibliam
1078 433 1138 459 aut
1162 421 1291 459 cilrsus
1312 437 1385 458 non
1406 425 1551 470 legerit,
1574 424 1655 458 loco
1678 436 1803 457 eorum
1830 429 1996 456 teneatur
2016 423 2240 468 respondere
2263 423 2307 456 de

441 496 508 529 alia
529 495 723 535 ordinaria,
745 500 805 527 aut
824 494 861 526 in
883 493 1058 526 Sorbona.

530 562 617 594 Item
639 560 829 593 statuimus
847 560 943 604 quod
964 559 1174 603 hujusmodi
1195 558 1457 603 responsiones
1479 557 1662 590 ordinarie
1684 556 1840 589 habeant
1860 562 1984 589 tenere
2007 556 2171 601 magistri
2193 557 2308 602 depu-

441 627 540 660 tandi
565 639 630 672 per
652 627 869 667 facultatem,
892 633 926 658 et
951 626 1048 670 quod
1070 625 1223 669 quilibet
1242 624 1417 669 magister
1431 625 1531 668 juret
1551 624 1588 656 in
1607 623 1775 656 facultate
1797 622 1955 656 fideliter
1977 623 2114 656 referre
2140 623 2185 656 de
2211 623 2308 657 suffi-

441 694 572 727 cientia
592 693 649 727 vel
669 693 923 726 insufficientia
945 691 1198 736 responsionis
1218 690 1402 724 bacallarii
1423 690 1696 735 respondentis.

531 762 618 793 Item
641 760 738 805 quod
764 759 916 804 quilibet
941 758 1114 803 magister
1136 758 1364 802 questionem
1387 769 1492 802 quam
1519 757 1704 802 disputare
1727 756 1885 790 voluerit
1904 756 2019 790 tradat
2039 756 2246 798 bacallario,
2273 763 2309 790 et

441 839 515 860 non
534 826 748 859 bacallarius
769 825 956 870 magistro.

530 894 617 925 ltem
639 893 683 925 ad
703 892 770 924 hoc
791 898 830 924 ut
850 897 944 924 recta
966 891 1025 923 fiat
1041 890 1085 923 de
1106 889 1413 935 responsionibus
1432 889 1710 923 bacallariorum
1731 889 1768 922 in
1787 889 1955 922 facultate
1976 889 2116 930 relatio,
2135 896 2305 923 statutum

440 966 496 992 est
516 959 626 1004 quod,
649 958 746 991 finita
768 957 1023 1002 disputatione,
1047 957 1164 989 statim
1185 956 1223 988 in
1244 956 1371 989 eodem
1395 956 1476 989 loco
1498 956 1672 1001 magister
1693 967 1732 989 se
1757 956 1800 989 ad
1820 962 1957 1001 partem
1981 955 2150 997 retrahat,
2172 963 2207 989 et
2226 963 2306 990 vota

439 1025 711 1058 bacallariorum
734 1025 966 1056 formatorum
994 1023 1218 1068 presentium
1241 1022 1438 1068 diligenter
1457 1022 1630 1067 inquirat,
1655 1022 1789 1067 quibus
1816 1022 1950 1055 auditis
1978 1022 2015 1055 in
2039 1022 2202 1067 proxima
2222 1034 2308 1056 con-

439 1092 651 1137 gregatione
671 1090 849 1123 facultatis
870 1090 1043 1134 magister
1068 1101 1132 1134 per
1153 1101 1257 1122 suum
1279 1090 1526 1134 juramentum
1552 1088 1710 1122 fideliter
1730 1089 1863 1122 referat
1884 1100 2075 1122 numerum
2096 1088 2308 1122 bacallario-

440 1170 517 1190 rum
546 1157 774 1202 arguentium
802 1169 868 1189 nec
895 1168 967 1189 non
993 1156 1203 1201 opinionem
1231 1156 1379 1200 majoris
1410 1162 1445 1188 et
1472 1155 1629 1188 sanioris
1659 1156 1771 1200 partis
1796 1167 1922 1188 eorum
1955 1167 2065 1200 super
2092 1155 2307 1189 sufficientia

438 1224 704 1269 responsionis,
724 1230 758 1256 et
779 1223 922 1255 demum
944 1234 1044 1255 suam
1066 1222 1195 1255 habeat
1215 1234 1393 1263 reserare,
1411 1229 1603 1267 antequam
1623 1221 1840 1255 bacallarius
1857 1222 1901 1255 ad
1921 1222 2074 1267 gradum
2095 1221 2306 1255 ulteriorem

437 1291 654 1323 admittatur.
678 1291 765 1322 Item
795 1289 993 1334 imponitur
1018 1289 1202 1334 magistris
1224 1301 1289 1334 per
1304 1290 1550 1334 juramentum
1571 1289 1734 1334 ipsorum
1760 1295 1800 1322 ut
1827 1289 2078 1334 depositiones
2100 1288 2307 1334 singulares

438 1357 712 1390 bacallariorum
734 1356 870 1389 nemini
889 1355 1044 1389 habeant
1065 1355 1239 1397 revelare,
1262 1367 1329 1388 nec
1351 1355 1457 1388 etiam
1478 1355 1663 1388 bacallarii
1685 1367 1769 1388 suas
1790 1355 2016 1389 revelabunt.

526 1425 614 1456 Item
637 1423 826 1456 statuimus
847 1423 944 1467 quod
970 1422 1124 1467 quilibet
1152 1422 1368 1455 bacallarius
1394 1429 1585 1467 antequam
1610 1422 1806 1467 recipiatur
1826 1422 1870 1455 ad
1899 1421 2073 1455 lecturam
2105 1422 2306 1455 Sententia-

437 1502 529 1525 rum,
547 1491 646 1534 juret
668 1489 765 1534 quod
786 1495 842 1522 est
861 1489 905 1522 de
926 1489 1089 1534 legitimo
1110 1488 1340 1522 matrimonio
1361 1495 1586 1533 procreatus,
1609 1495 1644 1522 et
1669 1488 1767 1534 quod
1793 1488 1830 1521 in
1853 1488 1999 1521 licentia
2018 1489 2119 1533 juret
2137 1488 2235 1533 quod
2252 1495 2308 1521 est

429 1557 475 1598 uin
492 1556 603 1589 sacris
621 1555 811 1588 ordinibus
827 1556 1060 1597 constitutus,
1078 1562 1114 1588 et
1133 1556 1163 1588 si
1185 1555 1316 1600 aliquis
1338 1555 1512 1600 magister
1528 1555 1651 1588 credat
1667 1555 1889 1600 oppositum,
1907 1561 2072 1588 teneatur
2087 1554 2179 1587 illud
2199 1554 2308 1588 facul-

439 1622 500 1655 tati
524 1622 696 1656 revelare.
719 1623 847 1655 Datum
873 1622 1032 1655 Parisius
1054 1622 1090 1655 in
1115 1622 1402 1667 congregatione
1427 1628 1552 1655 nostre
1579 1622 1674 1655 dicte
1699 1621 1879 1655 facultatis
1903 1621 1947 1655 ad
1973 1621 2203 1655 statuendum
2228 1633 2306 1667 spe-

440 1688 578 1722 cialiter
598 1688 776 1722 celebrata
803 1689 840 1721 in
861 1689 1026 1734 Collegio
1053 1689 1246 1722 scolarium
1271 1688 1315 1721 de
1344 1690 1512 1730 Navarra,
1540 1700 1634 1722 anno
1660 1688 1806 1722 Domini
1830 1688 2025 1721 millesimo
2048 1687 2306 1721 trecentesimo

440 1756 687 1800 octuagesimo
709 1756 876 1800 septimo,
899 1756 956 1788 die
978 1762 1101 1800 quarta
1123 1755 1260 1789 mensis
1280 1755 1390 1788 Junii.

533 1852 668 1883 Originale
682 1852 708 1875 in
722 1852 799 1875 Arrh.
816 1856 869 1875 nat.
887 1853 971 1876 Parin.
984 1854 1016 1876 M.
1032 1854 1087 1879 69¹».
1102 1858 1131 1876 n⁰
1144 1854 1166 1876 7.
1179 1867 1210 1870 -—-
1224 1854 1293 1878 Bibl.
1312 1857 1365 1877 nat.
1382 1854 1467 1877 Paris.
1483 1862 1533 1877 ms-
1549 1854 1595 1877 lat.
1613 1854 1697 1882 12847,
1713 1853 1759 1876 rol.
1775 1854 1829 1876 383.
1845 1867 1876 1870 —
1889 1852 1926 1876 Ad
1942 1855 2041 1876 statuta
2057 1860 2138 1883 supra
2154 1852 2238 1875 relata
2252 1851 2307 1875 vid.

442 1897 580 1929 Chartul.7
596 1897 628 1925 Π,
644 1905 671 1928 p.
683 1898 737 1928 704,
754 1900 806 1920 not.
821 1898 858 1925 24,
872 1898 910 1924 32.
929 1898 967 1921 37.
984 1911 1014 1914 —
1029 1898 1184 1928 Opinamur,
1200 1898 1347 1921 Johannem
1363 1899 1394 1922 de
1412 1899 1563 1922 Montesono
1579 1898 1744 1921 occasionem
1759 1897 1864 1921 dedisse
1878 1897 1927 1921 hoc
1945 1900 2073 1920 statutum
2087 1896 2208 1920 faciendi.

445 2071 584 2108 1535.
609 2089 623 2106 ε
638 2080 765 2106 Provisio
780 2085 807 2107 et
821 2081 966 2107 ordinatio
983 2081 1135 2116 facultatis
1151 2082 1327 2108 decretorum
1346 2092 1433 2119 super
1453 2082 1652 2109 emendatione
1668 2086 1696 2108 et
1715 2082 1889 2108 correctione
1907 2080 2094 2117 quorumdam
2114 2088 2282 2106 excessuum
2297 2090 2306 2106 .-

530 2138 604 2164 quae
623 2129 726 2155 debent
750 2129 807 2164 legi
828 2131 857 2156 in
876 2130 962 2156 scolis
985 2130 1020 2156 de
1042 2140 1125 2157 mane
1137 2140 1191 2167 per
1207 2131 1348 2157 bedellum
1364 2135 1390 2158 et
1412 2131 1620 2166 subbodellum,
1638 2131 1766 2157 secunda
1783 2130 1825 2157 vel
1844 2131 1931 2157 tertia
1951 2129 1998 2156 die
2015 2133 2084 2166 post
2102 2131 2208 2164 festum
2230 2128 2308 2155 beati

529 2178 668 2213 Dionysii,
686 2182 713 2204 et
728 2178 815 2204 etiam
832 2179 860 2204 in
875 2179 1023 2205 ordinario
1039 2179 1215 2205 dominorum
1231 2180 1377 2206 doctorum
1393 2181 1558 2207 immediate
1568 2183 1637 2216 post
1648 2181 1754 2214 festum
1772 2180 1901 2206 Omnium
1918 2178 2112 2205 Sanctorum.
2130 2187 2145 2204 »
2191 2214 2194 2216 q

1682 2270 1757 2299 1387,
1772 2269 1843 2295 duali
1855 2269 1892 2298 13,
1909 2268 2021 2295 Parisiis.

533 2355 722 2388 Universis
749 2362 939 2400 presentes
968 2356 1106 2389 litteras
1134 2357 1355 2402 inspecturis
1383 2359 1543 2391 decanus
1576 2364 1611 2391 et
1642 2357 1838 2402 collegium
1867 2355 2047 2390 facultatis
2077 2355 2306 2388 decretorum

443 2421 556 2453 Paris.
584 2421 747 2454 salutem.
776 2423 923 2455 Dierum
953 2430 1140 2456 crescente
1165 2424 1325 2466 lascivia,
1351 2425 1520 2458 videmus
1550 2424 1724 2458 mundum
1754 2424 1791 2456 in
1819 2422 2000 2456 deteriora
2025 2420 2180 2467 prolabi,
2207 2427 2242 2454 et
2270 2420 2307 2453 in

444 2493 579 2519 tantum
612 2494 750 2520 mentes
780 2488 964 2521 hominum
1000 2497 1142 2523 assueta
1172 2491 1339 2536 nequicia
1369 2491 1588 2537 depravante
1620 2490 1751 2524 diebus
1778 2490 1872 2531 istis,
1898 2489 2038 2534 abjecto
2070 2499 2135 2521 sue
2165 2487 2306 2533 profes—

444 2552 559 2585 sionis
583 2552 720 2595 habitu,
749 2554 838 2587 mala
864 2554 968 2588 malis
998 2556 1132 2600 passim
1158 2559 1397 2590 novercante²
1422 2558 1567 2591 fortuna
1596 2556 1807 2602 superaddi,
1835 2562 1875 2589 ut
1905 2555 2017 2588 eciam
2052 2555 2236 2588 ferventes
2270 2552 2307 2586 in

444 2619 579 2660 studio,
601 2620 661 2664 qui
682 2620 769 2652 alias
790 2620 946 2654 oderunt
964 2622 1108 2655 virtutis
1138 2635 1259 2656 amore
1290 2624 1518 2669 delinquere,
1541 2635 1801 2668 nonnunquam
1829 2634 1910 2655 cum
1940 2621 2125 2667 perversis
2145 2619 2307 2661 admixti,

444 2697 463 2717 a
488 2685 608 2718 studio
638 2685 915 2728 distrahantur³,
941 2687 978 2720 in
998 2687 1135 2722 illicitis
1161 2701 1308 2723 currere
1336 2703 1410 2724 non
1429 2697 1601 2724 verentes
1626 2697 1661 2723 et
1686 2690 1724 2722 in
1753 2695 1912 2734 apertam
1931 2688 2153 2733 voluptatem
2179 2698 2308 2731 corpo-

444 2763 537 2793 rum,
562 2752 743 2785 universis
765 2753 888 2797 utique
915 2754 1028 2786 Deum
1053 2755 1264 2789 timentibus
1286 2756 1560 2802 deplorandam,
1582 2756 1764 2802 prosilire.
1793 2757 1857 2789 Est
1880 2756 1994 2800 igitur
2016 2754 2141 2788 talium
2162 2759 2308 2798 compe-

444 2818 577 2851 scenda
597 2818 780 2851 temeritas
797 2825 832 2851 et
851 2819 1049 2863 prudenter
1066 2822 1345 2865 proscindenda,
1363 2830 1402 2856 ut
1422 2824 1547 2857 saltem
1570 2835 1663 2869 pene
1679 2822 1873 2856 formidine
1894 2821 2121 2855 retrahantur
2137 2832 2155 2853 a
2174 2819 2307 2860 noxiis,

445 2891 479 2917 et
508 2896 572 2929 per
597 2885 802 2917 decenciam
831 2885 975 2919 habitus
1004 2887 1197 2920 extrinseci
1228 2896 1392 2933 patenter
1417 2891 1609 2924 videantur
1630 2889 1779 2923 Ordinis
1807 2888 1984 2933 assumpti
2014 2888 2244 2933 professores
2274 2891 2310 2918 et

567 2943 606 2966 56.
