2488 3386
444 323 507 356 '472
1014 332 1334 355 CHARTULARIUM
1368 332 1560 354 uuivizns.
1593 326 1727 353 clanis.
2046 324 2048 326 ’
2209 313 2315 354 Γ[1388

437 407 609 439 >mandato
631 418 694 439 seu
723 413 894 451 precepto
916 407 1093 439 dictorum
1116 406 1303 439 doctorum
1335 400 1377 437 in*
1401 405 1511 438 scolis
1533 405 1619 437 dicti
1646 404 1691 442 de
1723 399 1847 442 Brolio
1868 405 1986 437 facere
2011 404 2313 449 preterinittendo

444 480 478 506 et
497 473 710 506 recusando.
734 474 901 506 Preterea
922 473 1057 505 bedelli
1079 473 1255 505 dictorum
1280 472 1468 504 doctorum
1491 471 1619 516 viginti
1651 478 1789 516 septem
1819 470 1931 504 libras
1953 483 1970 503 a
1995 471 2089 516 xxvij
2111 466 2312 504 licenciatis

439 552 459 572 a
481 546 643 584 tempore
665 539 750 572 dicti
773 539 892 572 debati
914 546 1137 584 receperant,
1157 546 1191 571 et
1207 538 1361 583 quilibet
1382 549 1507 570 eorum
1530 537 1759 576 bedelloruni
1781 534 1931 582 *triginta
1953 533 2093 570 solidos
2114 549 2132 570 a
2152 537 2312 582 quinque

438 606 547 639 novis
580 605 803 647 doctoribus,
833 613 869 638 et.
897 618 914 638 a
943 605 1106 650 quolibet
1137 604 1293 650 plurium
1327 604 1613 636 bachalariorum
1644 604 1726 637 loco
1753 610 1789 637 et
1816 599 1981 649 'tempore
2011 604 2310 637 declarandorum

442 672 478 716 iij
501 672 607 705 solid.
631 672 723 705 Dicti
746 672 855 704 eciam
880 672 1048 705 doctores
1070 684 1087 704 a
1109 678 1271 716 tempore
1294 671 1380 703 dicti
1403 670 1540 703 mensis
1563 670 1789 715 Septembris
1804 670 1862 703 vel
1883 671 1977 703 circa
1998 670 2245 711 inhibuerant,
2266 682 2312 703 ne

438 737 576 783 valiquid
604 739 647 771 de
675 738 781 772 dictis
809 739 974 783 pecuniis
1005 738 1150 770 bedello
1176 738 1262 770 dicti
1293 737 1337 770 de
1368 737 1491 770 Brolio
1518 737 1739 778 traderetur;
1769 737 1902 770 dictum
1933 732 2247 770 suum‘bedellu'm
2275 737 2311 770 in

437 805 548 838 dictis
570 805 645 838 suis
667 804 967 850 possessionibus
989 811 1023 837 et
1050 804 1196 837 saisinis
1224 803 1386 836 indebite
1407 810 1443 836 et
1469 803 1512 836 de
1542 799 1636 836 novo
1662 798 1997 848 perturbandosEt
2026 803 2072 837 ob
2101 803 2169 836 hoc
2193 803 2312 836 dictus

439 870 485 904 de
506 871 629 904 Brolio
651 878 779 904 certam
809 871 911 904 aliam
941 871 1111 904 novitatis
1139 873 1283 903 causam
1314 877 1437 903 contra
1468 870 1586 903 dictos
1616 882 1733 904 novos
1763 871 1946 912 doctores,
1969 882 2034 916 pro
2062 870 2196 916 quibus
2225 870 2311 903 dicti

439 938 599 971 decanus
621 945 655 970 et
675 938 869 983 collegium
891 935 1173 970 advoamentum
1189 937 1226 969 in
1248 948 1287 969 se
1308 932 1559 981 susceperant,
1582 932 1833 970 intentaverat.
2000 932 2002 935 ¹
2142 932 2145 935 ἢ

529 1006 694 1037 Preterea
716 1005 801 1037 dicti
828 1004 996 1036 doctores
1017 1010 1149 1036 certam
1173 1003 1502 1047 congregacionem
1530 998 1703 1044 fecerant,
1727 1003 1763 1036 in
1789 1016 1858 1048 qua
1880 1010 2084 1048 compotum
2108 1004 2309 1048 receptoris

437 1071 533 1103 dicte
554 1070 732 1103 facultatis
753 1071 977 1111 audiverant,
1004 1070 1048 1102 de
1075 1070 1167 1103 dicta
1194 1068 1346 1114 pecunia
1375 1070 1418 1102 ad
1445 1067 1576 1102 eorumv
1593 1065 1735 1103 libitum
1765 1070 1981 1111 ordinandO,
2007 1066 2114 1103 dictis
2135 1070 2308 1116 episcopo

437 1137 495 1170 vel
517 1138 560 1169 de
583 1137 704 1169 Brolio
727 1137 872 1169 minime
893 1137 1042 1178 vocatis,
1070 1136 1279 1181 hiidemque
1306 1133 1490 1176 dectores,
1512 1136 1597 1169 lieet
1622 1136 1744 1169 debite
1768 1132 1948 1181 requisiti,
1973 1136 2090 1169 eidem
2115 1136 2159 1170 de
2185 1132 2308 1170 Brolio

437 1204 570 1236 dictum
600 1210 803 1248 compotum
834 1203 1028 1236 ostendere
1058 1215 1097 1236 ac
1128 1203 1337 1248 porcionem
1368 1215 1468 1236 suam
1496 1203 1591 1236 dicte
1622 1210 1769 1248 recepte
1796 1215 1915 1248 usque
1944 1203 1987 1236 ad
2018 1214 2193 1236 summam
2220 1203 2310 1236 duo-

437 1271 552 1303 decim
574 1271 777 1302 srancorum
800 1269 856 1303 vel
884 1270 978 1302 circa
1005 1269 1261 1303 ascendentem
1286 1269 1356 1302 sibi
1382 1270 1525 1303 tradere
1547 1277 1804 1303 recusaverant
1826 1277 1861 1303 et
1885 1270 2190 1303 contradixerant.
2213 1270 2307 1303 Dicti
2330 1294 2334 1297 -

437 1337 546 1369 eciam
565 1336 734 1369 doctores
751 1336 1006 1369 ordinaverant
1026 1336 1123 1381 quod
1145 1336 1263 1369 dictus
1284 1336 1459 1381 magister
1476 1333 1702 1369 Guilleruius
1719 1336 1764 1369 de
1781 1331 1948 1370 Cantiers
1965 1331 2094 1369 dictam
2112 1336 2304 1369 lectionem

437 1402 679 1436 matutinalem
701 1402 852 1447 legeret,
880 1409 916 1435 et.
935 1403 1033 1448 quod
1054 1403 1219 1435 ultimum
1242 1392 1469 1448 propositum
1492 1403 1528 1435 in
1550 1403 1645 1436 dicta
1666 1399 1790 1448 vigilia
1812 1403 1907 1436 beati
1929 1403 2094 1448 Dyonisii
2115 1403 2202 1436 dicti
2223 1403 2305 1436 anni

436 1470 650 1514 octogesimi
677 1469 768 1502 sexti
798 1469 959 1511 haberet,
987 1476 1020 1502 et
1049 1469 1092 1502 ad
1122 1469 1251 1502 dictam
1283 1469 1476 1502 lectionem
1508 1467 1699 1514 legendam
1731 1470 1849 1514 ipsum
1882 1476 2106 1514 receperant.
2136 1471 2205 1502 Pro
2233 1481 2305 1514 quo

436 1537 581 1581 quidem
604 1537 791 1581 proposito
812 1536 849 1568 in
871 1536 963 1569 dicta
983 1536 1107 1581 vigilia
1128 1536 1294 1569 faciendo
1315 1536 1410 1569 idem
1433 1536 1477 1569 de
1499 1533 1667 1570 Cantiers
1689 1548 1728 1569 se
1756 1536 1970 1581 proclamari
1991 1536 2138 1577 fecerat,
2161 1536 2206 1569 de
2227 1535 2306 1581 qui-

435 1603 504 1636 bus
526 1603 812 1648 proclamacione
834 1610 869 1636 et
889 1603 1123 1636 ordinacione
1149 1603 1310 1648 prefatus
1332 1603 1376 1635 de
1402 1602 1540 1644 Brolio,
1564 1603 1697 1636 virtute
1725 1609 1904 1636 certarum
1935 1602 2134 1636 litterarum
2163 1609 2305 1636 nostra-

433 1673 529 1710 rum,
555 1677 686 1702 certam
717 1670 819 1703 aliam
841 1670 1101 1715 querimoniam
1132 1670 1168 1702 in
1194 1682 1280 1702 casu
1308 1670 1478 1712 novitatis
1505 1676 1540 1703 et
1567 1670 1701 1702 saisine
1727 1676 1851 1702 contra
1873 1670 1990 1702 dictos
2012 1669 2182 1712 doctores
2202 1676 2237 1703 et
2258 1669 2303 1702 de

436 1737 601 1770 Cantiers
628 1737 877 1778 intentaverat,
905 1743 939 1769 et
966 1743 1113 1781 propter
1134 1748 1260 1769 eorum
1282 1737 1557 1782 opposicionem
1580 1734 1676 1769 certa
1698 1736 1777 1769 dies
1804 1736 1895 1781 ipsis
1917 1735 2080 1781 partibus
2106 1736 2299 1781 assignata,

436 1810 471 1835 et
491 1814 549 1835 res
570 1803 801 1836 contenciosa
829 1803 871 1835 ad
902 1815 1044 1836 manum
1073 1810 1233 1836 nostram
1262 1803 1378 1848 posita
1407 1802 1584 1836 extiterat.
1608 1803 1685 1845 Qua
1711 1803 1770 1835 die
1795 1803 1978 1848 pendente
2005 1802 2123 1836 dictus
2145 1802 2190 1835 de
2211 1802 2304 1837 Can-

431 1869 536 1910 tiers,
560 1869 597 1901 in
622 1869 745 1914 vigilia
767 1869 927 1914 predicta
948 1869 1043 1902 beati
1065 1870 1229 1914 Dyonisii
1251 1869 1385 1902 dictum
1411 1867 1516 1902 suum
1546 1869 1775 1914 propositum
1798 1870 1944 1910 fecerat,
1966 1869 2086 1914 ipsum
2109 1868 2153 1902 de
2178 1868 2302 1902 Brolio

434 1936 471 1968 in
493 1936 598 1969 dictis
619 1936 696 1969 suis
718 1936 1017 1981 possessionibus
1038 1943 1072 1969 et
1093 1937 1240 1970 saisinis
1261 1936 1423 1969 indebite
1445 1943 1480 1969 et
1504 1936 1548 1969 de
1574 1948 1668 1969 novo
1690 1935 1951 1981 perturbando,
1971 1942 2007 1969 et
2025 1942 2150 1969 contra
2171 1935 2301 1969 dictam

433 2015 576 2035 inanum
599 2009 757 2035 nostram
778 2010 913 2036 temere
934 2003 1192 2047 attemptando.
1875 1999 1877 2001 ¹

523 2071 565 2102 Et
591 2069 742 2114 insuper
769 2070 855 2102 dicti
883 2070 1052 2103 doctores
1081 2071 1194 2115 prima
1221 2070 1279 2103 die
1308 2070 1497 2112 ordinarii,
1522 2070 1694 2103 videlicet
1722 2070 1759 2103 in
1785 2069 1981 2103 crastinum
2010 2068 2106 2102 beati
2137 2065 2302 2114 Dyonisii

433 2147 525 2168 anno
547 2136 767 2181 supradicto,
787 2136 904 2170 scolas
925 2136 1210 2170 bachalariorum
1229 2149 1308 2170 cum
1328 2137 1424 2170 dicto
1442 2137 1485 2170 de
1508 2137 1632 2170 Brolio
1655 2137 1699 2170 de
1720 2148 1824 2169 mane
1845 2136 2155 2177 concurrentium,
2173 2141 2208 2168 et
2228 2147 2301 2175 non

433 2202 550 2235 scolas
571 2203 656 2235 dicti
683 2203 726 2235 de
754 2203 893 2246 Brolio,
915 2204 1162 2246 visitaverant,
1185 2203 1282 2248 quod
1311 2210 1430 2237 tamen
1461 2204 1662 2236 secundum
1692 2200 1823 2236 statuta
1851 2209 1886 2236 et
1912 2203 2078 2247 antiquas
2105 2205 2301 2235 consuetu-

433 2269 536 2301 dines
559 2269 652 2302 dicte
672 2269 850 2302 facultatis
870 2271 987 2303 facere
1009 2270 1237 2303 tenebantur.
1260 2272 1435 2303 Fecerant
1456 2270 1567 2303 eciam
1591 2270 1677 2303 dicti
1702 2269 1885 2310 doctores,
1910 2269 2063 2302 maxime
2084 2275 2167 2313 post
2189 2264 2301 2301 dicta-

433 2346 509 2366 rum
546 2335 743 2368 litterarum
779 2336 1084 2381 publicacionem,
1122 2337 1300 2378 scolares,
1337 2337 1397 2382 qui
1433 2348 1472 2370 se
1507 2348 1627 2370 coram
1661 2333 1753 2381 ipsis
1787 2347 1853 2381 pro
1887 2331 2002 2380 gradu
2036 2331 2300 2368 bacllalariattts'

434 2400 630 2433 obtinendo
656 2409 964 2446 presentaverant,
990 2404 1127 2446 jurare,
1157 2410 1274 2436 utrum
1302 2401 1429 2436 >essent
1459 2403 1620 2436 scolares
1649 2402 1735 2435 dicti
1765 2399 1809 2435 de
1842 2401 1980 2443 Brolio,
2011 2401 2112 2446 ipsos
2140 2400 2201 2445 qui
2230 2400 2299 2434 hoc

432 2466 634 2500 fatebantur
654 2468 698 2500 ad
723 2469 854 2501 dictum
885 2470 1035 2514 gradum
1058 2470 1295 2503 obtinendum
1325 2470 1572 2515 impediendo.
1602 2469 1797 2502 Premissis
1825 2475 1943 2501 tamen
1969 2479 2041 2500 non
2068 2464 2298 2500 obstantibus

433 2533 526 2566 idem
556 2533 599 2566 de
630 2534 751 2567 Brolio
779 2535 815 2567 iu
837 2536 929 2568 dicta
958 2548 1021 2569 sua
1049 2536 1205 2577 lectione
1232 2535 1434 2570 matutinali
1464 2537 1560 2569 dicto
1589 2548 1683 2569 anno
1714 2535 1940 2580 octogesimo
1967 2541 2068 2567 sexto
2093 2530 2299 2567 trescentos

433 2599 592 2632 scolares
621 2607 655 2632 et
684 2601 837 2645 amplius
862 2601 1048 2644 habuerat,
1077 2603 1121 2635 de
1152 2615 1305 2647 quorum
1338 2602 1502 2648 quolibet
1531 2612 1596 2648 pro
1623 2600 1692 2635 ¹suo
1723 2599 1854 2634 salario
1884 2600 2074 2634 habuisset
2103 2600 2147 2633 ad
2176 2600 2298 2633 minus

433 2677 543 2698 unum
574 2665 748 2707 francum,
780 2668 850 2700 nisi
880 2669 1035 2702 fuissent
1064 2669 1322 2714 impedimenta
1352 2669 1573 2714 supradicta,
1612 2675 1648 2701 et
1672 2666 1741 2713 'per
1770 2667 1838 2708 hoc
1870 2667 1905 2700 in
1937 2664 2132 2700 trescentis
2161 2663 2299 2700 francis

431 2729 705 2777 dampnificatus
726 2734 852 2766 fuerat.
875 2735 968 2767 Dicti
990 2736 1100 2768 eciam
1124 2736 1284 2781 quinque
1313 2734 1397 2769 novi
1428 2736 1598 2769 doctores
1619 2731 1775 2768 cuilibet*
1796 2734 1943 2766 bedello
1970 2734 2147 2766 dictorum
2164 2729 2298 2766 'docto-'

432 2807 508 2838 num
531 2800 739 2844 regenciuui
767 2800 949 2833 solverant
975 2813 1037 2834 sex
1062 2802 1215 2842 solidos,
1238 2809 1387 2847 excepto
1414 2801 1559 2835 bedello
1582 2798 1672 2834 dicti
1690 2799 1735 2834 de
1761 2800 1898 2842 Brolio,
1925 2799 2123 2833 cuivnichil
2151 2799 2295 2832 solvere

431 2862 630 2906 voluerant,
655 2866 739 2899 licet
764 2866 883 2899 debite
911 2868 1077 2912 requisiti
1106 2866 1149 2901 etv
1166 2869 1333 2901 summati
1358 2869 1526 2901 fuissent.
1550 2869 1628 2911 Que
1650 2865 1768 2901 omnia
1793 2868 1883 2900 facta
1911 2864 2065 2907 fuerant,
2088 2863 2230 2899 dictum*
2249 2865 2293 2899 de
