2508 3372
476 321 556 343 XXX>
1255 315 1547 338 lN'l’Ronuc'rlo.

478 400 744 438 consequenter
761 392 866 426 stilus
886 391 1124 425 exercitatior.
1147 391 1193 423 At
1219 402 1298 423 cum
1326 389 1495 422 Nicolaus
1518 389 1596 434 ipse
1619 388 1853 422 declaraverit
1879 387 2000 421 stilum
2029 387 2151 419 suum¹
2174 387 2334 431 propriis

478 459 641 494 vestibus
657 459 821 492 indutum
838 458 941 491 facile
962 457 1005 491 ab
1026 457 1154 490 alienis
1171 456 1343 497 discerni,
1366 455 1472 488 stilus
1493 455 1529 487 in
1550 461 1700 488 tractatu
1721 454 1904 487 adhibitus
1930 453 2067 486 nullius
2090 453 2211 498 potius
2228 464 2333 498 quam

478 526 614 559 Nicolai
635 525 790 559 videtur.
810 525 964 558 Eaedem
986 523 1199 564 sententiae,
1226 522 1371 555 eaedem
1396 528 1597 555 structurae
1614 521 1807 554 verborum
1833 527 1867 554 et
1890 520 2151 553 sententiarum
2168 519 2226 565 hic
2243 518 2335 552 illics

479 604 548 638 que
569 598 776 625 occurrunt.

567 658 637 692 Sed
666 658 806 691 animus
836 658 940 690 etiam
973 669 1044 702 quo
1074 656 1231 701 scriptus
1266 662 1321 689 est
1354 662 1525 688 tractatus
1554 654 1598 688 ab
1630 655 1748 688 animo
1778 654 1916 687 Nicolai
1946 654 1990 686 de
2023 653 2232 698 Clamengis
2261 664 2335 685 non

477 724 662 766 abhorret3
688 725 821 769 quippe
845 724 905 769 qui
926 724 962 756 in
984 723 1129 768 scriptis
1153 723 1230 756 suis
1256 721 1441 767 prioribus
1463 722 1571 755 etiam
1597 722 1633 754 in
1656 721 1789 754 litteris
1811 721 1848 753 in
1869 720 2097 754 Chartulario
2117 719 2229 753 editis
2252 719 2335 764 plus

477 792 596 824 minus
622 792 818 836 malignum
840 802 879 824 se
905 790 1082 823 ostendat.
1107 791 1156 822 Eo
1173 796 1289 822 autem
1312 789 1425 833 major
1445 788 1482 821 in
1503 795 1652 821 tractatu
1677 787 1810 821 malitia
1833 794 1993 833 apparet,
2011 799 2082 832 quo
2104 786 2336 819 ridiculosio⁴

477 869 551 890 rem
576 857 774 891 Johannem
797 857 841 890 de
867 859 1084 890 Montesono
1113 856 1255 888 efficere
1281 862 1405 888 auctor
1425 856 1573 899 juventa
1599 854 1762 887 fervidus
1788 861 1950 887 conatur.
1976 874 2020 878 —
2043 853 2157 886 Etiam
2186 852 2334 887 Nicolao

475 925 644 958 convenit
663 924 798 957 locutio
823 923 880 956 hie
905 923 1008 956 obvia
1033 934 1039 955 :
1069 937 1085 953 «
1112 922 1385 967 occupationem
1411 921 1560 954 alterius
1587 921 1801 966 disciplinae
1826 921 2066 953 intermittere
2090 933 2122 961 »,
2147 932 2227 953 cum
2249 926 2334 953 tunc

475 991 553 1035 ipse
569 991 741 1036 magister
757 997 836 1023 actu
853 1001 986 1035 regens
1003 990 1039 1021 in
1060 988 1211 1028 artibus,
1232 988 1395 1033 quamvis
1412 987 1589 1020 scholaris
1606 988 1643 1020 in
1659 987 1843 1032 theologia
1864 999 1881 1020 a
1904 994 2041 1032 septem
2063 986 2200 1028 annis',
2222 993 2332 1020 esset.

560 1057 663 1090 Adde
684 1057 781 1102 quod
807 1063 931 1089 auctor
956 1062 1081 1088 noster
1102 1056 1212 1088 refert
1233 1066 1271 1087 se
1300 1054 1484 1087 orationes
1506 1054 1697 1087 occasione
1721 1053 1795 1087 litis
1822 1054 2073 1099 pronuntiatas
2096 1053 2181 1086 suis
2195 1053 2335 1086 edisse-

474 1124 592 1157 ruisse
619 1123 759 1163 verbis3
790 1123 885 1155 unde
910 1128 1005 1167 patet
1027 1133 1090 1154 cur
1113 1121 1227 1154 oratio
1256 1120 1435 1165 Radulphi
1463 1120 1676 1153 Glachardi³
1713 1120 1839 1153 decani
1865 1119 2119 1165 theologorum
2151 1119 2235 1157 stilo
2263 1126 2333 1153 tam

472 1190 628 1235 eleganti
645 1190 775 1234 scripta
793 1189 851 1222 sit.
875 1188 1086 1233 Radulphus
1108 1188 1232 1232 utique
1250 1198 1308 1220 res
1334 1187 1370 1219 in
1392 1199 1431 1220 ea
1455 1187 1618 1220 oratione
1635 1187 1773 1232 positas
1789 1187 1890 1228 dixit,
1914 1186 1978 1220 sed
1995 1187 2075 1231 ejus
2091 1186 2186 1219 dicta
2208 1193 2335 1220 noster

472 1256 619 1288 meliore
640 1262 740 1289 veste
762 1255 890 1288 induit.
914 1256 1041 1287 Nonne
1059 1266 1147 1299 ergo
1165 1253 1335 1286 Nicolaus
1357 1253 1402 1286 de
1428 1253 1637 1299 Clamengis
1658 1254 1710 1286 sic
1737 1253 1954 1295 ostenditur,
1981 1254 2084 1298 cujus
2108 1253 2271 1298 peritiam
2296 1252 2333 1286 in

471 1322 681 1367 redigendis
698 1321 880 1355 similibus
898 1321 1123 1354 Universitas
1137 1320 1202 1353 hac
1217 1320 1409 1353 occasione
1423 1320 1684 1365 comprobavit,
1698 1320 1755 1353 cui
1772 1327 1896 1365 postea
1914 1332 2004 1365 quae
2021 1320 2167 1353 nomine
2183 1320 2334 1353 Univer-

470 1389 584 1421 sitatis
606 1388 798 1422 scribenda
820 1394 933 1429 erant,
955 1386 1318 1420 committebanturt?
1333 1388 1460 1420 Nonne
1482 1387 1633 1432 insuper
1653 1387 1748 1420 inter
1768 1394 1951 1420 auctorem
1973 1386 2081 1432 hujus
2104 1393 2276 1420 tractatus
2297 1393 2332 1419 et

471 1456 613 1487 Petrum
638 1455 681 1487 de
702 1455 874 1487 Ailliaco⁵
893 1454 1017 1487 eadem
1041 1454 1132 1486 ratio
1159 1460 1264 1498 atque
1289 1453 1383 1486 inter
1400 1453 1586 1487 Nicolaum
1606 1453 1649 1486 de
1666 1453 1877 1499 Clamengis
1896 1460 1930 1487 et
1953 1455 2096 1487 Petrum
2116 1453 2160 1486 de
2176 1453 2331 1486 Ailliaco

470 1521 686 1554 intercedit?

559 1588 657 1630 Quae
686 1587 830 1632 quidem
866 1587 1042 1620 sentimus
1074 1586 1131 1619 hic
1157 1587 1356 1629 attulimus,
1389 1587 1421 1620 ei
1448 1587 1509 1632 qui
1543 1586 1717 1620 validiora
1748 1587 1927 1620 invenerit
1952 1594 2176 1633 argumenta,
2214 1587 2332 1620 fasces

470 1653 700 1687 submissuri.

557 1721 636 1753 Non
653 1720 776 1753 finitur
791 1720 828 1752 in
846 1721 923 1752 ms¹⁰
945 1726 1126 1762 tractatus,
1142 1732 1260 1765 neque
1276 1727 1311 1753 ut
1330 1721 1520 1765 opinamur
1535 1720 1579 1754 ab
1596 1728 1742 1754 auctore
1761 1721 1841 1766 ipso
1859 1720 1982 1754 finitus
1999 1727 2066 1762 est,
2085 1732 2165 1753 cum
2182 1719 2331 1754 libellus

470 1787 735 1831 manuscriptus
757 1786 831 1828 ille,
854 1787 924 1819 nisi
945 1786 1102 1819 fallimur
1122 1787 1158 1819 in
1175 1788 1396 1832 conjectura,
1414 1802 1430 1819 «
1452 1787 1623 1821 minuta»
1641 1788 1799 1821 auctoris
1823 1788 1869 1821 sit
1892 1788 2021 1833 ipsius.
2045 1787 2150 1829 Quod
2176 1786 2331 1832 probant

470 1853 728 1894 correctiones,
751 1864 909 1894 rasurae,
936 1853 1048 1898 spatia
1069 1866 1190 1895 vacua,
1221 1866 1311 1899 quae
1336 1854 1423 1887 alias
1445 1854 1664 1900 quicumque
1686 1854 1816 1896 scriba,
1840 1855 1876 1887 in
1903 1866 1945 1887 eo
1967 1866 2051 1887 casu
2075 1853 2176 1887 solus
2205 1860 2331 1887 auctor

470 1932 605 1965 ponere
618 1920 766 1964 potuit⁶,
785 1926 822 1952 ut
837 1919 974 1964 legenti
987 1926 1173 1953 tractatum
1187 1927 1364 1965 notasque
1377 1921 1736 1966 appositasliquebit.
1750 1922 1839 1955 Cum
1858 1928 1983 1954 auctor
1995 1927 2164 1954 currente
2177 1920 2328 1963 calamo,

470 1993 504 2019 et
529 1998 571 2019 ex
601 1986 771 2018 memoria
798 1985 986 2027 scriberet,
1017 1987 1093 2020 sive
1125 1988 1159 2020 S.
1190 1988 1409 2032 Scripturam
1437 1988 1513 2021 sive
1548 1988 1723 2021 classicos
1751 1988 1969 2033 quandoque
1999 2000 2073 2020 non
2102 1987 2145 2020 ad
2177 1987 2328 2021 verbum

470 2053 579 2086 citare
600 2052 737 2094 valens,
757 2053 970 2086 sententiam
989 2065 1092 2098 quam
1110 2053 1147 2086 in
1166 2061 1285 2086 mente
1307 2054 1446 2096 habuit,
1464 2055 1581 2100 spatio
1599 2055 1744 2100 quidem
1758 2066 1871 2088 vacuo
1889 2054 2029 2095 relicto,
2047 2055 2242 2088 restituere
2259 2053 2330 2087 sibi

471 2119 706 2164 proponebat.
725 2119 830 2162 Quod
856 2119 886 2152 si
906 2119 1076 2153 Nicolaus
1099 2132 1164 2165 pro
1187 2127 1333 2154 auctore
1360 2121 1579 2161 admittatur,
1596 2122 1648 2155 sic
1672 2121 1928 2167 idiographum
1952 2121 2052 2154 illius
2073 2121 2141 2155 viri
2163 2120 2328 2154 libellum

470 2185 699 2218 haberemus.

565 2283 586 2305 1.
606 2282 634 2305 In
654 2282 765 2313 epistola
784 2284 829 2306 Ad
843 2283 990 2314 colleqium
1008 2283 1096 2307 studii
1110 2284 1263 2309 Parisiens.
1285 2285 1399 2309 s=ribitz
1419 2294 1428 2309 ι
1447 2289 1524 2309 notus
1545 2286 1622 2309 stilus
1647 2286 1687 2309 vel
1710 2286 1823 2309 dictutus
1839 2286 1910 2317 apud
1934 2293 1981 2308 vos
2001 2285 2105 2316 quidem
2127 2284 2262 2316 precipue,
2283 2284 2329 2307 ubi

469 2329 523 2349 tam
537 2326 645 2357 vulgata
661 2329 721 2349 sunt
736 2326 819 2357 ipsius
836 2327 890 2350 stili
905 2327 1026 2358 vestigia,
1042 2331 1071 2350 ut
1086 2336 1136 2350 non
1154 2328 1229 2352 facile
1241 2329 1299 2360 quis
1316 2329 1372 2352 illic
1386 2329 1437 2353 nisi
1452 2338 1563 2361 prorsus
1576 2330 1686 2361 ignarus
1702 2330 1787 2361 possit
1800 2330 1826 2353 in
1842 2329 1888 2353 illo
1901 2337 1989 2353 errare
2004 2330 2046 2353 vel
2060 2329 2156 2352 snlli....
2173 2328 2246 2352 Sicut
2260 2328 2330 2352 enim

469 2370 583 2393 alienum
598 2378 705 2399 morem,
720 2370 834 2393 alienum
845 2371 969 2400 animum,
984 2372 1099 2395 alienum
1114 2372 1249 2404 ingenium
1267 2373 1344 2396 homo
1358 2374 1466 2397 induere
1481 2383 1533 2397 non
1549 2377 1645 2406 potest,
1659 2374 1695 2397 ita
1710 2383 1757 2397 nec
1770 2375 1888 2405 profecto
1903 2374 2017 2397 alienum
2036 2373 2166 2397 stilum....
2185 2373 2235 2401 Qui
2250 2373 2330 2404 longo

470 2422 518 2437 usu
536 2417 613 2446 atque
628 2414 749 2437 exercitio
767 2418 867 2438 certum
883 2415 933 2438 sibi
955 2416 1069 2447 aliquem
1085 2416 1175 2439 stilum
1193 2418 1366 2448 comparavit,
1385 2427 1470 2442 nonne
1485 2422 1585 2442 certum
1601 2422 1626 2442 et
1640 2422 1802 2442 constantem
1818 2422 1844 2442 et
1861 2418 1936 2450 quasi
1957 2418 2124 2441 indelebilem
2139 2417 2258 2441 habitum
2279 2417 2330 2441 sibi

470 2458 616 2490 acquisivit,
637 2458 662 2481 in
687 2467 736 2490 quo
761 2467 807 2482 nec
826 2459 893 2482 alter
912 2460 999 2491 ipsum
1019 2461 1105 2491 possit.
1126 2461 1252 2485 imitando
1272 2462 1387 2493 assequi,
1404 2471 1450 2486 nec
1474 2463 1532 2494 ipsc
1552 2463 1680 2486 atterum?
1694 2463 1787 2486 Vultus
1807 2466 1854 2492 est,
1876 2466 1904 2486 ut.
1923 2463 1959 2486 ita
1981 2462 2100 2490 dixerim,
2117 2462 2198 2485 animi
2218 2461 2295 2485 stilus
2316 2469 2328 2484 n

470 2503 567 2534 (Epist.
583 2503 611 2526 51
634 2503 660 2525 in
675 2503 743 2526 Bibl.
760 2507 812 2526 nat.
835 2504 928 2532 Paris.,
945 2513 993 2527 ms.
1009 2505 1055 2528 lat.
1074 2505 1142 2534 3128,
1162 2506 1207 2529 sol.
1225 2507 1270 2535 82;
1289 2507 1351 2531 edit.
1367 2507 1444 2538 epist.
1461 2508 1500 2536 42,
1516 2516 1542 2539 p.
1560 2508 1612 2536 128,
1637 2516 1695 2531 cum
1715 2510 1786 2531 textu
1802 2507 1938 2539 pessimo).
1960 2516 1971 2530 «
1987 2507 2115 2538 Equidem
2135 2506 2226 2530 stilum
2243 2514 2330 2529 meum

470 2547 590 2578 quamvis
605 2547 730 2570 humilem
744 2550 768 2570 ct
782 2548 960 2578 pedestrem...
976 2557 1022 2571 nec
1039 2557 1135 2580 negare
1151 2550 1218 2578 volo,
1236 2559 1282 2573 nec
1298 2559 1394 2582 negare
1411 2551 1494 2580 valeo,
1512 2552 1556 2583 qui
1569 2555 1607 2575 tot
1621 2552 1675 2583 jum
1688 2552 1753 2575 locis
1769 2560 1799 2575 uc
1812 2552 1934 2583 personis
1950 2551 2071 2581 innotuit,
2088 2554 2113 2574 et
2127 2550 2172 2582 qui
2187 2559 2235 2574 suo
2250 2558 2330 2573 cursu

470 2591 634 2622 quadamque
650 2594 678 2614 ut
692 2591 728 2614 itu
744 2591 829 2614 dicam
846 2592 910 2615 sarie
926 2593 989 2615 satis
1004 2602 1040 2622 se,
1057 2593 1107 2616 nisi
1123 2595 1208 2622 fallor,
1224 2595 1348 2625 aperit....
1369 2596 1428 2627 Ipse
1439 2599 1479 2619 est
1491 2596 1560 2619 enim
1572 2596 1650 2620 stitus
1664 2604 1746 2625 meus,
1763 2596 1807 2627 qui
1822 2596 1855 2619 ab
1871 2596 1941 2619 omni
1958 2595 2037 2619 alieni
2053 2595 2107 2618 stili
2123 2594 2274 2626 suspicione
2289 2602 2330 2618 me

469 2635 564 2658 liberat
577 2644 590 2657 ι»
606 2635 701 2665 (Epist.
717 2636 754 2663 54,
767 2636 799 2658 ad
812 2636 939 2659 Jacohum
954 2637 985 2659 de
995 2637 1117 2666 Noviaco,
1135 2638 1160 2660 in
1179 2640 1247 2668 msm,
1266 2639 1310 2663 sol.
1327 2639 1382 2669 87³³,
1401 2641 1445 2672 883
1461 2640 1502 2664 ed.
1520 2649 1561 2672 ep.
1574 2641 1613 2670 45,
1625 2649 1651 2671 p.
1670 2641 1733 2670 137).

562 2680 584 2702 2.
603 2679 662 2703 Vid.
675 2679 744 2702 infra
759 2688 785 2710 p.
799 2681 853 2703 452.
866 2681 938 2703 Tunc
952 2681 1030 2713 (1387)
1048 2690 1062 2704 a
1080 2690 1124 2705 sex
1139 2683 1214 2705 antiis
1224 2681 1378 2715 'theologiae
1392 2684 1502 2708 studuit.

562 2724 584 2747 3.
604 2724 675 2746 Infra
691 2728 719 2746 n0
734 2725 805 2748 1557.

559 2769 582 2791 4.
600 2767 658 2791 Vid.
674 2776 755 2799 supra
770 2776 796 2799 p.
811 2776 870 2791 vm.

562 2814 584 2835 5.
603 2812 661 2835 vid.
678 2815 752 2835 notus
770 2813 803 2835 ad
820 2815 969 2836 tractatum.

561 2857 584 2879 6.
603 2856 668 2879 Hinc
686 2856 817 2888 scripturn
831 2857 929 2880 inculta
944 2861 969 2881 et
984 2859 1137 2890 compendia
1156 2860 1265 2889 insueta,
1282 2870 1332 2884 non
1349 2870 1408 2886 raro
1427 2862 1543 2886 difficilia
1558 2863 1636 2886 lectu.

591 2901 618 2924 d.
