2508 3372
994 316 1288 338 INTRODUCTIO.
2035 320 2070 341 IX

205 392 323 439 regiae
355 391 390 427 in
413 390 562 426 Francia
581 390 797 426 auctoritatis
818 390 1079 426 deminutione.
1109 392 1247 432 Quanto
1272 390 1425 426 debilior
1447 391 1482 425 111
1505 391 1581 426 (lies
1606 391 1714 426 fiebat
1735 392 1961 438 pontificatus
1981 395 2071 428 Ave-

206 463 397 506 nionensis,
426 461 485 509 qui
511 461 650 497 nullum
678 461 875 497 remedium
900 461 1024 497 unioni
1053 461 1087 496 in
1104 461 1264 497 Ecclesia
1286 461 1476 496 universali
1501 462 1739 497 restituendae
1769 463 1944 507 adhibuit,
1972 467 2070 499 tanto

206 532 320 581 major
334 532 503 568 evadebat
518 535 673 580 potestas
692 532 934 567 Universitatis
950 533 1078 576 Paris,
1097 533 1196 579 cujus
1213 532 1346 567 alumni
1362 532 1592 568 solemniores
1607 533 1768 579 graviter,
1785 537 1818 568 et
1834 533 1957 568 saltem
1973 534 2070 581 prin-

204 604 297 651 cipio
307 603 362 638 vix
377 603 530 651 politicis
546 603 641 639 ducti
658 604 789 647 causis,
803 603 955 639 rationes
972 615 1012 639 ae
1024 603 1096 638 vias
1112 603 1153 638 ad
1172 603 1337 639 Schisma
1352 603 1551 639 tollendum
1566 603 1824 650 proponebant,
1840 604 2070 640 Universitate

205 678 397 719 annuente,
415 678 449 710 et
464 674 572 710 finem
595 674 709 709 semel
728 675 951 721 propositum
967 674 1095 710 acriter
1109 674 1429 721 prosequebantur,
1449 674 1542 721 apud
1558 678 1747 721 utrumque
1763 676 1984 722 pontificem,
2003 676 2071 710 iin-

203 746 326 793 primis
337 746 635 789 Avenionensem,
650 745 848 781 insistendo
864 749 902 780 ut
916 745 961 780 ad
977 745 1145 781 eumdem
1161 746 1269 780 tinem
1286 745 1500 792 adspiraret3
1515 749 1549 780 et
1565 745 1642 793 ipso
1658 746 1822 792 pontifice
1840 758 1909 781 non
1923 747 2070 781 cedente

202 816 281 863 ipsa
299 816 512 852 Universitas
536 816 634 852 nullo
656 816 763 852 modo
785 816 949 852 cedebat.
969 818 1008 851 In
1035 816 1266 852 Universitate
1293 816 1439 863 quidam
1466 816 1526 851 viri
1551 816 1670 851 idonei
1691 817 1919 852 occasionem
1941 817 2070 852 bonam

202 891 382 923 momento
403 887 538 935 optimo
562 887 785 934 arripuerunt
806 890 1037 934 caeterosque
1062 899 1098 922 se
1120 888 1220 934 sequi
1238 891 1441 935 coegerunt.
1460 887 1684 922 Universitati
1701 888 1750 923 sic
1765 887 1957 923 connitenti
1973 888 2072 935 plau—

204 961 324 993 serunt
348 958 600 993 Universitates
625 961 766 993 exterae
787 957 925 1005 (paucis
944 957 1125 1005 exceptis),
1150 958 1346 1005 principes,
1364 958 1427 992 viri
1445 958 1603 994 celebres
1619 962 1652 993 et
1673 958 1801 1005 egregii
1823 970 1963 993 sensus.
1983 959 2071 994 Cum

203 1029 373 1065 Franciae
392 1029 472 1077 jure
491 1029 741 1076 imputaretur,
761 1041 840 1064 eam
867 1029 1064 1064 maximum
1091 1028 1280 1064 Schismati
1307 1029 1516 1064 alimentum
1542 1029 1775 1076 praestitisse,
1794 1029 1945 1064 libenter
1960 1030 2072 1064 exteri

203 1112 304 1148 spem
325 1103 577 1147 conceperunt,
595 1101 690 1135 unde
712 1099 860 1135 morbus
882 1099 1160 1147 ingravescebat,
1179 1100 1260 1135 inde
1282 1100 1482 1135 remedium
1503 1112 1742 1147 egressurum.
1761 1102 1839 1135 ‚Iam
1856 1101 2071 1135 Universitas

203 1171 312 1207 Paris.
329 1174 485 1218 potestas
500 1171 730 1218 gubernatrix
746 1171 789 1206 ab
806 1171 932 1206 ultimo
949 1183 1042 1206 auno
1058 1171 1252 1206 Clementis
1263 1173 1328 1207 VII
1346 1171 1439 1206 facta
1455 1175 1519 1215 est,
1535 1171 1600 1206 sub
1616 1171 1808 1206 Benedicto
1819 1173 1900 1206 XIII
1920 1175 2070 1218 potestas

201 1242 359 1290 politica.
375 1242 486 1278 Valde
499 1242 584 1277 huic
602 1242 740 1277 favebat
753 1243 848 1289 quod
865 1242 961 1289 regia
977 1242 1167 1278 auctoritas
1180 1246 1264 1277 tunc
1279 1243 1314 1277 111
1331 1243 1482 1278 Francia
1495 1242 1576 1289 plus
1588 1254 1695 1289 quam
1709 1254 1865 1289 unquam
1878 1242 2066 1278 ceciderat.

298 1313 448 1355 Quando
464 1324 587 1360 regem
602 1313 658 1348 vel
671 1314 748 1360 ejus
771 1313 949 1360 principes
970 1313 1159 1360 propositis
1183 1313 1256 1348 suis
1272 1313 1431 1348 infensos
1456 1313 1669 1360 reperiebat,
1694 1313 1891 1349 abstinebat
1908 1325 1928 1349 a
1945 1313 2070 1349 lectio-

152 1406 155 1412 r
200 1384 320 1429 nibus,
339 1395 459 1431 neque
480 1383 639 1419 cedebat.
658 1386 842 1431 Tanquam
861 1396 922 1419 rex
947 1384 1080 1431 legatos
1101 1384 1311 1419 Universitas
1332 1384 1493 1420 mittebat
1516 1385 1560 1419 ad
1584 1388 1773 1431 utrumque
1790 1384 2008 1431 pontificem,
2026 1385 2071 1420 ad

197 1458 355 1491 caeteras
369 1454 634 1498 Universitates,
648 1455 692 1490 ad
704 1455 854 1490 consilia
865 1455 1067 1502 principum
1081 1455 1392 1490 Francofurteusia
1405 1458 1437 1490 et
1450 1455 1782 1502 Nurembergensia,
1796 1455 1839 1490 ad
1851 1456 2071 1502 colloquium

199 1525 413 1569 Remense⁴;
437 1526 571 1561 litteras
585 1526 629 1561 ad
646 1526 826 1573 principes
843 1526 984 1569 scribit;
1006 1526 1162 1573 denique
1178 1526 1249 1561 vias
1272 1526 1315 1561 ad
1332 1526 1599 1561 reformandum
1620 1538 1767 1573 regnum
1782 1527 1960 1574 proponit.

296 1599 341 1633 At
366 1597 451 1645 quid
478 1597 706 1645 profecerunt
731 1597 901 1633 scientiae
933 1598 969 1632 in
993 1598 1241 1640 Universitatc,
1270 1597 1297 1632 si
1328 1597 1535 1644 praesertim
1567 1609 1660 1632 saec.
1687 1610 1755 1632 xm
1786 1598 2070 1645 respexerimus?

199 1670 291 1704 Num
309 1668 543 1704 scientiarum
563 1680 775 1716 progressus
790 1681 870 1704 cum
887 1669 1097 1704 auctoritate
1112 1668 1400 1716 atquejactantia
1418 1668 1661 1703 Universitatis
1679 1668 1934 1704 conveniebat?

298 1739 499 1786 Theoloqiae
510 1739 755 1788 studiumjam
772 1740 808 1774 in
825 1739 933 1787 priori
950 1743 1065 1775 aetate
1079 1739 1259 1787 fastigium
1274 1739 1473 1786 reliquisse,
1489 1740 1524 1774 111
1538 1742 1633 1774 101110
1653 1739 1765 1775 altero
1781 1739 2063 1775 annotavimus-U

197 1810 339 1846 Jamdiu
356 1811 531 1858 theologi,
553 1811 675 1858 paucis
692 1811 866 1858 exceptis,
886 1810 1021 1846 fontem
1038 1811 1220 1858 egregium
1246 1811 1447 1858 theologiae
1472 1810 1711 1857 neglexerant,
1735 1812 1876 1846 Patrum
1898 1810 2068 1846 ecelesiae

198 1881 368 1917 studium.
388 1884 519 1917 Revera
530 1882 682 1930 catalogi
698 1883 1026 1929 manuscriptorum
1047 1882 1144 1917 illius
1162 1881 1379 1929 tempestatis
1402 1893 1472 1917 non
1497 1881 1681 1917 continent
1697 1882 1902 1929 apographa
1917 1893 2067 1929 operum

199 1957 400 1988 sanctorum
424 1954 582 1997 Patrum,
607 1952 674 1988 nisi
699 1953 859 1989 brevium
879 1956 1108 1996 tractatuum,
1130 1953 1324 2000 generatim
1353 1952 1396 1987 de
1425 1952 1492 1987 vita
1512 1952 1686 1999 spirituali
1712 1952 1910 2000 agentium3
1934 1953 1959 1987 si
1983 1951 2067 1999 quid

198 2024 316 2060 adhuc
330 2024 372 2059 de
389 2024 552 2060 Patribus
567 2028 750 2068 noverant,
767 2025 802 2060 id
819 2036 861 2060 ex
877 2024 1115 2060 anterioribus
1135 2023 1346 2071 theologicis
1370 2023 1537 2071 operibus
1558 2023 1749 2059 hauserant
1765 2023 1875 2059 velex
1892 2023 2068 2058 Collecta-

197 2095 272 2130 neis
291 2106 357 2142 per
373 2095 603 2142 alphabetum
618 2095 775 2143 digestis,
795 2095 856 2131 ubi
873 2095 1065 2131 sententiae
1086 2097 1227 2130 Patrum
1246 2095 1417 2131 collectae
1438 2098 1550 2130 eraut.
1569 2096 1647 2129 Una
1662 2106 1704 2129 ex
1720 2095 1874 2141 antiquis
1896 2094 2065 2129 institutis

199 2166 375 2213 superfuit
388 2166 476 2201 ratio
495 2166 717 2202 scholastica.
736 2166 792 2202 Sic
808 2166 990 2214 theologia
1006 2166 1134 2202 sterilis
1149 2167 1257 2201 evasit
1270 2178 1309 2201 ac
1322 2166 1473 2201 sterilior
1489 2177 1595 2213 quam
1613 2177 1787 2212 unquam,
1806 2165 2064 2200 Nominalismo

198 2238 236 2272 in
262 2237 490 2285 philosophia
514 2237 736 2273 dominante.
759 2239 801 2273 Et
825 2238 852 2273 si
873 2238 1089 2285 theologiam
1118 2238 1212 2285 apud
1237 2237 1376 2284 aliquos
1396 2237 1505 2284 hujus
1528 2237 1650 2272 aetatis
1676 2237 1780 2279 viros,
1806 2240 1843 2271 ut
1866 2236 1956 2284 apud
1981 2236 2060 2272 Joh.

199 2310 407 2352 Gersonem,
433 2308 555 2356 minus
574 2309 734 2356 jejunam
759 2309 963 2356 reperieris,
991 2309 1061 2344 hoc
1085 2308 1257 2344 evincitur
1279 2309 1375 2355 quod
1400 2308 1513 2343 multa
1535 2319 1658 2343 eorum
1683 2307 1813 2354 scripta
1839 2307 1883 2342 ad
1907 2318 2063 2353 compes-

198 2381 333 2416 cendos
346 2392 462 2415 mores
478 2380 761 2416 destinabantur.
777 2382 964 2416 Caeterum
984 2385 1142 2427 tempore
1158 2380 1368 2415 Schismatis
1379 2379 1537 2426 theologi
1552 2390 1658 2414 curae
1669 2378 1869 2414 habueruut
1886 2379 1929 2414 de
1945 2378 2064 2413 Schis—

186 2455 292 2490 ,mate
308 2454 341 2487 et
362 2451 468 2487 rebus
493 2464 575 2487 cum
602 2452 801 2487 Schismate
818 2452 988 2487 connexis
1011 2455 1180 2487 tractatus
1204 2451 1322 2498 potius
1343 2462 1449 2497 quam
1479 2461 1587 2497 opera
1606 2449 1809 2497 theologica
1831 2460 2059 2496 componere.

200 2522 464 2570 Disputationes
494 2523 599 2559 etiam
630 2523 878 2570 magistrorum
905 2523 1025 2558 minus
1049 2523 1252 2569 frequentes
1277 2525 1310 2557 et
1337 2522 1441 2568 quasi
1466 2521 1631 2556 insolitae
1662 2521 1805 2561 fiebant,
1836 2524 1874 2555 ut
1903 2520 2062 2567 deplorat

198 2597 322 2629 auctor
336 2597 504 2629 tractatus
520 2594 555 2629 in
572 2595 642 2629 fine
660 2594 937 2630 Introductionis
958 2594 1056 2629 editi.

295 2665 388 2701 Vitia
408 2677 499 2712 quae
513 2666 548 2700 in
567 2665 832 2701 introductione
849 2665 1040 2701 voluminis
1057 2666 1086 2700 II
1112 2664 1325 2708 notavimus,
1355 2663 1636 2711 dispensationes
1652 2661 1814 2697 videlicet
1832 2662 1875 2697 ad
1898 2661 2060 2708 legendas

294 2829 315 2852 1.
334 2829 370 2852 De
386 2828 426 2852 his
441 2829 558 2853 omuibus
575 2828 628 2852 vid.
643 2829 825 2857 Auctarium,
840 2829 864 2858 Ι,
879 2828 911 2852 ab
926 2835 969 2851 an.
986 2827 1058 2851 1395.

292 2873 316 2897 2.
335 2874 364 2897 Ρ.
383 2880 412 2897 VI
428 2881 485 2905 sqq.

2178 1752 2326 1784 Theologia.
