2488 3386
454 341 518 372 380
1022 346 1340 369 cnxn'rurxanum
1377 345 1564 366 UNIVERS.
1602 344 1730 366 PARIS.
2215 331 2314 367 [1385

452 424 531 457 quod
547 424 634 449 siebat.
649 424 682 448 ad
701 424 789 448 [inem
806 422 930 448 habendi
950 421 1100 455 peccunias
1112 421 1154 446 vel
1170 421 1205 446 ad
1219 420 1375 445 fovendum
1393 421 1486 452 partes
1501 419 1531 444 in
1547 418 1744 451 religionibus,
1761 420 1789 443 ct
1804 418 1839 443 ad
1859 418 2079 444 substinendam
2093 425 2185 444 unam
2200 420 2313 452 partem

452 474 476 498 et
492 473 527 497 ad
540 472 761 505 deprimendam
779 471 876 500 aliam,
891 471 932 496 vel
950 472 1066 503 propter
1083 471 1255 502 utrumque.
1276 469 1472 500 Interrogatus
1487 467 1508 492 si
1526 467 1620 492 dictus
1639 466 1826 492 cancellarius
1844 467 1988 500 expedivit
2002 467 2115 500 aliquos
2137 466 2314 492 bachalarios

451 521 485 546 ad
502 521 660 549 licenciam,
679 521 714 546 de
734 520 842 553 quibus
861 519 991 552 magistri
1007 526 1065 544 non
1082 518 1278 550 deposuerim,
1295 517 1364 541 dixit
1391 516 1470 548 quod
1492 515 1583 548 aliqui
1608 516 1727 541 suerunt
1749 515 1874 548 expediti
1896 515 2003 540 ultimo
2024 523 2103 541 anno
2123 515 2314 548 expeditionis

453 570 586 601 rigorose,
601 569 636 594 de
650 569 757 602 quibus
772 569 831 602 ipse
845 568 923 594 testis
938 569 971 593 ut
986 567 1122 599 magister
1137 574 1196 591 non
1212 565 1345 598 deposuit
1365 565 1443 597 quod
1467 564 1683 597 expedirentur,
1700 564 1748 589 sed
1762 564 1835 589 dixit
1854 564 1935 597 quod
1954 564 2051 590 adhuc
2065 565 2249 597 expectarent
2262 564 2312 590 illo

451 626 528 644 anno
543 620 571 644 et
585 626 677 651 usque
692 618 727 643 ad
740 618 826 643 aliam
839 617 1067 650 expeditionemz
1084 617 1109 641 et
1127 617 1225 640 tamen
1242 614 1353 639 illomct
1366 620 1442 638 auno
1450 612 1469 630 '2¹
1487 613 1540 638 hoc
1554 620 1613 638 non
1629 612 1762 638 obstante
1776 613 1896 638 suerunt
1909 613 2033 646 expediti
2050 620 2100 646 per
2112 613 2225 638 dictum
2241 620 2311 638 can—

450 667 599 692 cellarium
612 666 712 699 aliqui.
729 667 925 698 Interrogatus
937 665 987 698 qui
1005 665 1134 691 fuerunt.
1152 663 1298 696 respondit
1319 661 1397 695 quod
1414 661 1528 701 videtur
1543 661 1595 686 sibi
1610 661 1690 694 quod
1710 662 1831 687 suerunt
1846 661 1969 694 quidam
1989 662 2076 687 frater
2091 661 2184 687 Minor
2199 663 2227 687 et
2242 661 2311 694 qui-

449 716 517 741 dam
532 715 762 748 Augustinensis,
779 714 814 740 de
829 722 957 747 quorum
974 713 1142 739 nominibus
1157 720 1216 737 non
1230 711 1406 737 recordatur.
1425 711 1623 742 Interrogatus
1638 710 1659 735 si
1674 710 1715 735 illi
1734 710 1879 736 dederunt
1892 711 2044 743 peccunias
2059 718 2112 743 pro
2127 710 2312 743 expedicione

450 772 509 792 sua.
526 764 597 790 dixit
611 764 690 797 quod
706 763 902 789 communiter
919 762 1077 790 dicebatur,
1092 763 1117 786 et
1141 761 1200 793 ipse
1222 760 1300 786 testis
1315 759 1403 785 credit
1420 759 1500 792 quod
1516 759 1568 787 sic:
1585 759 1633 784 sed
1656 758 1852 792 quantitatem
1868 759 1993 791 ignorat.
2010 760 2207 792 Interrogatus
2222 759 2244 784 si
2259 759 2312 785 scit

449 813 528 846 quod
550 812 695 838 induxerit
719 812 846 844 aliquem
871 811 905 836 ad
930 810 1129 843 recipiendum
1154 809 1279 842 gradum
1302 808 1513 833 bachalariatus
1527 807 1571 833 vel
1593 807 1780 840 magistratus
1795 807 1849 833 sub
1864 807 1935 840 ipso,
1952 807 2025 833 dixit
2048 808 2129 841 quod
2153 807 2200 837 sic,
2222 808 2311 840 prout

448 862 558 887 audivit
570 861 625 887 dici
640 861 675 886 de
690 860 828 893 magistro
843 860 943 892 Egidio
955 859 990 885 de
1007 858 1169 890 Campis....

534 910 584 944 xij.
606 910 737 942 Magister
752 909 895 934 JOHANNES
909 908 1011 933 Tuom:
1026 907 1141 932 Ordinis
1156 906 1384 934 Predicatorum,
1401 905 1502 931 doctor
1521 905 1551 930 in
1572 905 1728 938 theologia.
1744 905 1827 931 etatis
1850 905 1880 938 lij
1898 913 2047 931 annorum
2066 905 2110 931 vel
2133 905 2216 935 circa,
2233 904 2307 931 dioc.

447 959 626 987 Senonensis.
643 960 709 983 actu
731 965 830 990 regens
852 956 974 982 Parisius
995 956 1025 981 in
1047 955 1201 987 theologia,
1219 954 1401 980 examinatus
1421 961 1507 987 super
1522 959 1589 979 xxv⁰
1608 954 1741 983 articulo,
1762 954 1834 979 dixit
1856 954 1937 987 quod
1953 954 2140 980 cancellarius
2154 953 2186 979 in
2201 953 2309 980 ultimo

442 1007 553 1040 jubileo
567 1007 679 1039 aliquos
694 1006 723 1031 in
739 1006 872 1031 facultate
886 1005 1029 1037 theologie
1045 1011 1104 1029 non
1118 1003 1262 1036 requisitis
1276 1003 1415 1028 omnibus
1430 1003 1575 1036 magistris
1590 1002 1703 1036 aliquos
1715 1002 1751 1028 ad
1766 1002 1917 1028 licenciam
1929 1002 2056 1032 admisit,
2068 1002 2200 1028 videlicet
2212 1002 2308 1036 magi-

445 1058 539 1081 strum
553 1056 717 1080 Johannem
730 1054 765 1079 de
776 1054 938 1086 Attigniaco
949 1053 1064 1078 Ordinis
1077 1052 1224 1078 Minorum
1236 1053 1264 1077 et
1275 1060 1371 1077 unum
1383 1051 1629 1084 Augustinensem
1639 1051 1675 1077 de
1690 1052 1836 1077 conventu
1850 1051 2088 1084 Rothomagensi,
2100 1051 2184 1084 cujus
2198 1058 2308 1077 nomen

444 1104 567 1137 ignorat.
582 1103 746 1136 Requisitns
759 1102 883 1135 qualiter
897 1101 947 1127 scit
961 1101 1040 1134 quod
1056 1108 1156 1126 omnes
1170 1108 1229 1125 non
1246 1100 1365 1125 suerunt
1382 1099 1522 1133 requisiti,
1536 1099 1609 1125 dixit
1621 1099 1702 1133 quod
1716 1107 1769 1132 pro
1781 1107 1815 1125 eo
1828 1099 1908 1132 quod
1923 1099 1983 1132 ipse
1995 1107 2055 1125 non
2070 1099 2126 1125 fuit
2140 1099 2307 1132 requisitus,

443 1154 471 1177 et
486 1152 572 1178 etiam
585 1159 600 1176 a
616 1151 749 1184 pluribus
762 1151 823 1176 aliis
838 1150 981 1183 magistris
996 1150 1105 1175 audivit
1121 1149 1201 1182 quod
1216 1149 1268 1182 ipsi
1283 1148 1405 1174 minime
1422 1149 1537 1174 fuerant
1552 1148 1693 1181 requisiti.
1711 1148 1877 1181 Requisitus
1892 1148 1943 1181 qui
1959 1149 2028 1173 sunt
2042 1148 2095 1178 illi,
2109 1147 2182 1174 dixit
2196 1148 2277 1182 quod
2291 1155 2308 1174 a

443 1201 580 1234 magistro
595 1200 699 1225 Jacobo
713 1200 749 1225 de
764 1200 859 1231 Morey
874 1200 902 1224 et
917 1207 931 1224 a
945 1198 1078 1231 pluribus
1093 1198 1164 1227 aliis,
1180 1197 1215 1223 de
1228 1205 1358 1230 quorum
1371 1197 1542 1222 nominibus
1557 1204 1617 1222 non
1633 1197 1811 1222 recordatur.
1829 1197 1906 1222 Dixit
1921 1197 2009 1222 etiam
2023 1196 2119 1222 dictus
2133 1196 2212 1222 testis
2226 1196 2307 1230 quod

442 1250 499 1283 ipse
514 1249 624 1274 audivit
641 1249 696 1274 dici
711 1256 726 1273 a
741 1248 883 1281 pluribus.
899 1247 978 1281 quod
993 1247 1088 1272 dictus
1103 1246 1288 1272 cancellarius
1304 1246 1414 1271 dixerat
1438 1246 1534 1279 palam
1557 1247 1585 1271 ct
1609 1246 1723 1279 publice
1745 1246 1826 1279 quod
1849 1245 1908 1279 ipse
1930 1246 2093 1272 licenciaret
2111 1253 2159 1272 eos
2177 1247 2205 1272 et
2225 1245 2305 1276 alios,

442 1306 514 1331 quos
526 1298 620 1326 vellet,
635 1297 779 1329 magistris
793 1297 867 1322 dicte
880 1296 1023 1321 facultatis
1038 1295 1161 1321 minime
1174 1295 1328 1328 requisitis.
1345 1295 1379 1320 Et
1391 1295 1427 1320 de
1442 1295 1501 1320 istis
1513 1294 1606 1320 verbis
1621 1302 1672 1328 per
1684 1294 1782 1328 ipsum
1798 1294 1916 1328 prolatis
1928 1296 1970 1320 est
1984 1294 2101 1327 publica
2111 1302 2165 1319 vox
2176 1295 2206 1320 et
2218 1294 2305 1322 fama,

441 1348 637 1379 Interrogatus
652 1346 673 1371 si
688 1346 739 1371 scit
753 1345 833 1379 quod
848 1345 969 1378 predicti
984 1346 1012 1370 et
1027 1344 1074 1370 alii
1089 1344 1231 1370 licenciati
1246 1351 1296 1377 per
1311 1343 1424 1369 dictum
1438 1343 1643 1369 cancellarium
1659 1343 1793 1369 dederint
1814 1343 1945 1376 aliquam
1966 1343 2139 1376 peccuniam
2160 1350 2213 1376 pro
2230 1342 2306 1370 dicta

440 1395 566 1424 licencia,
583 1395 655 1420 dixit
671 1394 750 1428 qnod
766 1394 813 1423 sic,
828 1395 917 1427 prout
936 1401 951 1418 a
970 1393 1052 1419 dictis
1067 1393 1222 1418 licenciatis
1243 1392 1353 1418 audivit
1368 1392 1434 1421 dici,
1448 1394 1477 1418 et
1491 1392 1527 1418 de
1542 1392 1597 1418 hoc
1609 1392 1697 1418 etiam
1711 1393 1753 1418 est
1768 1392 1884 1425 publica
1895 1400 1949 1418 vox
1961 1393 1990 1417 et
2004 1392 2091 1417 fama.
2108 1392 2306 1425 Interrogatus

439 1445 473 1470 de
489 1444 651 1478 quantitate
669 1443 815 1476 peccunie,
833 1443 904 1468 dixit
919 1450 946 1468 se
961 1442 1050 1467 nichil
1065 1442 1144 1467 scire.
1155 1442 1359 1474 ‘Interrogatus
1374 1441 1395 1466 si
1411 1441 1462 1466 scit
1476 1441 1589 1474 aliquos
1603 1440 1673 1467 alios
1685 1441 1825 1467 admissos
1838 1449 1890 1474 per
1904 1441 2018 1466 dictum
2033 1440 2239 1467 cancellarium
2254 1448 2306 1474 per

441 1493 600 1527 peccunias,
617 1492 689 1517 dixit
703 1492 782 1525 quod
798 1492 836 1517 sic
851 1491 1025 1524 magistrum
1041 1491 1206 1516 Johannem
1221 1490 1256 1515 de
1271 1491 1398 1523 Quercu,
1415 1490 1467 1523 qui
1489 1490 1541 1515 sibi
1564 1490 1697 1523 promisit
1719 1491 1840 1516 centum
1863 1490 1985 1519 francos,
2004 1489 2040 1515 de
2061 1489 2169 1523 quibus
2190 1490 2305 1523 partem

441 1542 571 1570 tradidit:
588 1543 616 1566 et
630 1541 699 1574 quia
715 1548 774 1565 non
789 1540 920 1566 tradebat
944 1541 1051 1569 totum,
1073 1539 1165 1564 voluit
1190 1539 1308 1564 tandem
1330 1539 1427 1572 ipsum
1450 1538 1592 1572 impedire
1613 1539 1650 1564 ad
1672 1539 1884 1572 magisterium.
1905 1540 1994 1572 prout
2015 1538 2115 1564 omnia
2138 1538 2191 1564 ista
2210 1538 2305 1564 dictus

440 1590 575 1623 magister
587 1590 733 1616 Johannes
747 1589 782 1614 de
797 1590 911 1622 Quercu
927 1589 1004 1614 dicto
1020 1588 1083 1613 testi
1099 1588 1181 1617 dixit,
1196 1589 1223 1614 et
1238 1587 1274 1613 de
1290 1588 1343 1613 hoc
1356 1588 1444 1613 etiarn
1457 1589 1499 1613 est
1514 1588 1588 1613 sama
1606 1587 1732 1621 publica.
1747 1587 1825 1613 Dixit
1839 1587 1928 1613 etiam
1941 1587 2021 1621 quod
2036 1587 2173 1620 magister
2185 1586 2305 1620 Egidius

438 1639 473 1664 de
488 1638 602 1672 Campis
618 1638 673 1663 suit
694 1638 831 1663 inductus
850 1645 901 1670 per
915 1637 1028 1663 dictum
1043 1637 1249 1662 cancellarium
1272 1636 1406 1669 precibus
1427 1638 1455 1662 et
1477 1636 1565 1662 minis
1585 1636 1622 1662 ad
1644 1636 1845 1670 recipiendum
1868 1636 1994 1669 gradum
2016 1635 2134 1662 licencie
2156 1635 2211 1661 sub
2229 1635 2302 1669 ipso.

439 1688 634 1720 Interrogatus
649 1686 798 1720 quomodo
811 1686 871 1715 scit,
886 1686 958 1711 dixit
973 1694 1026 1719 pro
1041 1693 1074 1711 eo
1090 1686 1170 1719 quod
1185 1687 1226 1711 est
1241 1686 1339 1710 totum
1354 1685 1509 1718 publicum
1523 1685 1554 1711 in
1570 1685 1805 1711 Universitate....

525 1735 586 1769 xlij.
609 1736 740 1768 Magister
755 1735 889 1760 neuwen-s
905 1734 1024 1763 Sunvssx,
1039 1734 1176 1767 magister
1194 1734 1225 1759 in
1246 1734 1357 1759 artibus
1372 1736 1397 1760 et
1422 1734 1451 1759 in
1472 1734 1618 1767 theologia
1637 1736 1666 1760 et
1689 1735 1756 1760 actu
1778 1741 1879 1767 regens
1899 1733 2021 1759 Parisius
2040 1733 2072 1759 in
2087 1733 2244 1766 theologia,
2266 1732 2303 1759 de

438 1785 574 1814 Britania,
590 1785 672 1810 etatis
689 1784 734 1809 xlv
748 1791 896 1809 annorum
912 1784 955 1809 vel
974 1784 1056 1812 circa,
1073 1784 1255 1809 examinatus
1279 1791 1365 1816 super
1386 1789 1453 1808 xxv⁰
1469 1783 1602 1811 articulo.
1618 1783 1753 1816 deposuit
1768 1783 1909 1808 audivisse
1922 1782 1979 1808 dici
1994 1782 2030 1808 ab
2044 1782 2191 1816 aliquibus
2202 1781 2301 1808 fratri-

438 1833 500 1861 bus.
515 1833 595 1866 quod
609 1833 703 1858 dictus
715 1832 901 1858 cancellarius
914 1832 950 1857 ab
965 1832 1031 1865 ipsis
1046 1832 1188 1857 habuerat
1203 1832 1313 1865 aliquas
1329 1840 1458 1858 summas
1474 1832 1694 1865 peccuniarum,
1711 1839 1783 1865 quas
1798 1832 1823 1858 ei
1837 1831 1979 1858 dederant
2000 1839 2037 1857 ne
2057 1831 2134 1864 ipsos
2147 1830 2302 1864 impediret

437 1882 472 1907 ad
487 1882 628 1907 lecturam
645 1881 874 1907 Sentenciarum.
898 1881 1063 1914 Requisitus
1077 1888 1092 1906 a
1107 1881 1214 1914 quihus
1234 1881 1354 1909 audivit,
1371 1881 1443 1906 dixit
1465 1881 1544 1914 quod
1566 1881 1677 1908 audivit
1698 1888 1713 1906 a
1736 1881 1824 1906 fratre
1846 1880 2004 1906 Guillelmo
2026 1880 2061 1906 de
2082 1879 2213 1909 Roseriis,
2230 1879 2300 1906 Ord.

437 1931 586 1959 Predicat..
603 1930 654 1963 qui
669 1930 781 1956 dicebat
801 1930 852 1955 sibi
867 1929 975 1955 dedisse
990 1937 1081 1955 unam
1097 1930 1219 1955 caudam
1235 1929 1293 1955 vini
1309 1929 1344 1955 de
1362 1930 1448 1955 Belna
1466 1931 1494 1956 et
1514 1931 1604 1955 certas
1623 1930 1785 1963 peccunias,
1802 1931 1836 1955 ut
1850 1929 1903 1955 sibi
1919 1929 1983 1955 testi
1998 1929 2123 1957 videtur,
2139 1930 2168 1954 et
2182 1928 2270 1955 etiam
2284 1935 2301 1954 a

437 1980 523 2005 fratre
538 1979 669 2004 Johaune
682 1979 802 2007 Viviani.
820 1978 982 2004 bachalario
1006 1978 1041 2004 de
1063 1978 1170 2003 Ordine
1193 1978 1333 2011 predicto,
1357 1979 1436 2011 quod
1460 1979 1578 2004 dederat
1602 1967 1692 2004 certas
1715 1978 1879 2011 peccunias,
1896 1978 1944 2004 sed
1958 1978 2075 2011 ignorat
2091 1977 2298 2011 quantitatem.

436 2028 632 2060 Interrogatus
644 2028 665 2053 si
681 2028 764 2052 citius
780 2028 900 2053 fuerunt
914 2026 1030 2052 admissi
1052 2027 1088 2052 ad
1107 2027 1249 2052 lecturam
1271 2029 1336 2059 post
1351 2027 1458 2053 dictam
1481 2027 1643 2057 dacionem,
1661 2027 1733 2053 dixit
1755 2027 1835 2061 quod
1850 2027 1942 2053 credit
1962 2026 2043 2060 quod
2063 2026 2110 2052 sic.
2133 2027 2207 2052 Item
2227 2025 2300 2052 dixit

435 2077 528 2102 dictus
542 2077 630 2105 testis,
644 2076 724 2109 quod
739 2076 829 2109 aliqui
842 2076 962 2101 suerunt
975 2075 1090 2101 admissi
1108 2075 1143 2101 dc
1158 2076 1265 2108 quihus
1281 2083 1340 2101 non
1356 2076 1450 2101 suerat
1464 2076 1568 2101 datum
1582 2076 1704 2102 verbum
1720 2076 1751 2101 in
1766 2075 1994 2109 congregacione
2008 2075 2135 2108 generali
2156 2074 2301 2102 facultatis

436 2125 589 2157 theologie,
602 2125 673 2150 facta
689 2132 739 2158 per
752 2124 966 2154 cancellarium,
979 2124 1029 2150 uhi
1044 2124 1215 2150 licenciandi
1228 2125 1320 2150 solent
1335 2125 1568 2151 recommendari
1583 2125 1613 2150 in
1626 2125 1754 2158 publico.
1772 2125 1937 2158 Requisitus
1949 2124 2001 2157 qui
2017 2125 2086 2149 sunt
2101 2123 2142 2149 illi
2154 2123 2207 2157 qui
2220 2123 2299 2150 dicto

437 2174 523 2199 niodo
544 2174 664 2199 fueruntv
685 2173 810 2202 admissi,
833 2173 905 2198 dixit
928 2173 1008 2206 quod
1027 2173 1087 2198 duo
1104 2173 1237 2202 Minores,
1262 2181 1340 2199 unus
1361 2174 1592 2207 Augustinensis.
1609 2174 1740 2200 videlicet
1762 2173 1899 2206 magister
1914 2173 2007 2198 Adam
2026 2172 2097 2206 d'Ay
2112 2174 2141 2198 et
2161 2171 2298 2206 magister

435 2223 581 2248 Johannes
595 2222 629 2247 de
645 2222 807 2255 Attiguiaco
827 2222 958 2250 Minores,
976 2229 1085 2247 nomen
1102 2230 1168 2248 vero
1183 2222 1250 2247 dicti
1266 2222 1487 2255 Augustinensis
1502 2222 1631 2255 ig=1orat2
1649 2224 1748 2248 tamen
1762 2230 1864 2248 verum
1880 2223 1922 2248 est
1935 2222 2016 2255 quod
2033 2229 2086 2255 pro
2100 2221 2178 2247 dicto
2192 2221 2296 2254 Augu—-

435 2271 552 2296 stinensi
567 2279 626 2296 non
641 2271 773 2303 deposuit
789 2271 847 2303 ipse
863 2271 940 2296 testis
953 2270 1097 2303 magister.
1115 2271 1147 2296 Et
1164 2271 1251 2296 etiam
1266 2271 1377 2296 audivit
1392 2271 1428 2296 ab
1440 2272 1501 2297 aliis
1516 2272 1661 2304 magistris
1673 2271 1753 2305 quod
1770 2279 1831 2297 non
1843 2271 2038 2304 deposuerant
2051 2278 2104 2303 pro
2117 2270 2188 2303 ipso,
2203 2269 2298 2296 immo

436 2319 553 2352 quamdo
569 2319 620 2344 fuit
639 2321 754 2344 vocatus
773 2319 803 2344 in
818 2319 883 2345 aula
897 2319 1049 2352 episcopali
1064 2319 1222 2347 Parisiensi,
1240 2320 1327 2345 multi
1348 2320 1478 2353 magistri
1498 2320 1619 2345 suerunt
1633 2320 1756 2353 proinde
1778 2319 1923 2345 admirati.
1947 2320 2146 2351 Interrogatus
2167 2318 2189 2344 si
2203 2318 2297 2344 dictus

435 2368 618 2393 cancellarius
634 2368 735 2392 habuit
750 2368 901 2400 peccunias
916 2375 930 2393 a
947 2368 1089 2401 predictis.
1106 2368 1177 2393 dixit
1193 2376 1221 2393 se
1237 2368 1326 2394 nichil
1342 2369 1421 2397 scire,
1438 2369 1491 2394 nisi
1506 2369 1541 2394 de
1554 2369 1656 2394 auditu
1672 2376 1687 2394 a
1703 2369 1846 2402 pluribus,
1858 2369 1893 2394 de
1908 2376 2037 2401 quorum
2051 2367 2221 2393 nominibus
2236 2374 2297 2393 non

434 2416 608 2443 recordatur.
627 2417 822 2448 Interrogatus
837 2424 926 2449 quare
944 2417 1063 2442 fuerunt
1079 2417 1116 2442 sic
1132 2417 1221 2442 vocati
1237 2419 1264 2442 et
1280 2417 1395 2442 admissi
1416 2418 1476 2443 sine
1491 2418 1723 2451 deposicionibus
1745 2418 1964 2450 magistrorum,
1980 2416 2053 2442 dixit
2067 2424 2095 2442 se
2110 2415 2200 2441 nichil
2213 2423 2296 2442 vera-

433 2465 501 2490 citer
516 2464 594 2493 scire,
612 2466 709 2490 tamen
725 2465 814 2490 credit
829 2465 908 2498 quod
924 2467 1041 2498 propter
1055 2465 1215 2497 peccunias.
1234 2466 1430 2498 Interrogatus
1450 2466 1471 2491 si
1493 2466 1604 2491 audivit
1627 2466 1683 2492 dici
1705 2466 1903 2499 quantitatem
1927 2465 2136 2499 peccuniarum
2158 2464 2295 2490 (latarum

432 2513 508 2538 dicto
523 2513 701 2542 cancellario,
717 2512 789 2538 dixit
804 2513 883 2546 quod
899 2513 970 2538 bene
984 2513 1093 2538 audivit
1107 2514 1173 2542 dici,
1190 2514 1238 2539 sed
1253 2514 1288 2539 de
1303 2514 1428 2547 presenti
1445 2522 1505 2540 non
1520 2515 1735 2540 recordatur....

520 2561 592 2586 Item
608 2568 692 2593 super
707 2561 739 2594 lj0
754 2561 835 2590 dixit,
852 2569 952 2586 xerum
968 2569 1024 2587 esse
1039 2562 1119 2594 quod
1134 2562 1227 2587 dictus
1240 2563 1347 2588 electus
1362 2562 1391 2587 in
1408 2563 1572 2595 receptione
1588 2563 1692 2596 signeti
1708 2563 1751 2588 sui
1767 2562 1846 2589 misit
1861 2562 2031 2588 cancellario
2046 2564 2166 2588 centum
2181 2562 2295 2588 francos

432 2618 482 2642 per
497 2609 633 2635 clericum
646 2609 713 2634 dicti
728 2610 897 2639 cancellarii,
914 2610 996 2643 cujus
1012 2618 1119 2635 nomen
1136 2611 1259 2643 ignorat,
1273 2613 1299 2637 et
1315 2613 1375 2636 erat
1387 2619 1503 2644 presens
1518 2612 1548 2637 in
1562 2612 1717 2637 traditione
1732 2612 1807 2638 dicte
1820 2611 1968 2645 peccunie,
1983 2613 2012 2637 et
2026 2611 2116 2637 credit
2128 2610 2209 2644 quod
2221 2617 2292 2636 can-

431 2658 561 2683 cellarius
575 2658 690 2686 liabuit;
708 2659 806 2683 tamen
822 2666 881 2683 non
897 2659 1048 2684 intervenit
1067 2661 1194 2692 pactum,
1212 2660 1304 2685 immo
1320 2660 1476 2685 liberaliter
1489 2661 1540 2685 sibi
1556 2661 1644 2690 misit,
1660 2663 1693 2686 ut
1708 2661 1767 2694 ipse
1782 2661 1860 2687 testis
1874 2660 1974 2686 credit.
1991 2660 2026 2686 Et
2042 2660 2097 2685 suit
2109 2660 2186 2685 solus
2200 2659 2292 2685 licen—

431 2707 530 2735 ciatus,
547 2708 575 2732 et
597 2707 651 2731 fuit
675 2706 840 2732 licenciatus
854 2707 889 2732 de
906 2709 970 2732 voto
986 2708 1101 2740 majoris
1116 2709 1204 2740 partis
1220 2709 1426 2740 magistrorum
1447 2709 1521 2734 dicte
1543 2710 1696 2738 facultatis,
1721 2710 1787 2735 licet
1806 2709 1896 2743 aliqui
1920 2711 2020 2735 tamen
2040 2708 2290 2737 contradixerunt,

430 2755 498 2788 quia
514 2755 649 2780 nolebant
666 2755 745 2788 quod
768 2756 845 2780 fieret
869 2756 1013 2788 expedicio
1036 2764 1087 2788 pro
1110 2764 1170 2782 uno
1186 2757 1254 2782 solo.
1273 2757 1306 2782 Et
1330 2757 1420 2783 credit
1445 2758 1525 2791 quod
1546 2765 1606 2783 non
1626 2758 1769 2792 expedivit
1784 2766 1853 2784 eum
1878 2760 1949 2784 tunc
1970 2758 2077 2786 solum,
2098 2757 2151 2782 nisi
2173 2757 2290 2790 propter

430 2812 509 2836 spem
525 2804 662 2836 peccunie
676 2803 853 2829 habende...

515 2851 590 2885 xliij.
612 2852 743 2885 Magister
758 2852 901 2877 Jouxxxsss
916 2860 951 2877 m:
969 2852 1176 2883 Grmxmounr,
1193 2854 1329 2886 magister
1350 2854 1379 2879 in
1400 2855 1510 2880 artibus
1525 2857 1552 2880 et
1572 2856 1752 2881 hachalarius
1766 2856 1797 2881 in
1813 2855 1969 2888 theologia,
1985 2855 2103 2880 studens
2117 2854 2240 2880 Parisius
2254 2853 2290 2880 de

428 2900 546 2926 nacione
562 2901 688 2930 Francic,
702 2901 783 2926 etatis
799 2901 826 2925 xl
840 2908 988 2926 annorum
1002 2902 1045 2927 vel
1060 2902 1143 2931 circa,
1158 2902 1339 2928 examinatus
1361 2911 1447 2936 super
1462 2909 1491 2928 x'>
1504 2904 1637 2932 articulo.
1661 2904 1733 2930 dixit
1747 2912 1849 2930 verum
1872 2912 1930 2930 esse
1954 2904 2034 2937 quod
2057 2903 2243 2929 cancellarius
2262 2903 2292 2927 et
