2488 3386
419 350 488 382 454
1001 355 1317 378 οΗΑῃτυιΑῐιιυΜ
1354 354 1543 376 UNivsns.
1581 354 1709 376 lunis.
2190 344 2287 381 [1387

422 436 450 461 et
465 442 527 460 can.
546 433 722 467 prebendato
738 433 767 458 in
790 433 857 458 cccl.
882 431 1031 459 Lconcnsi,
1048 430 1094 456 cui
1120 430 1215 463 plures
1235 429 1300 455 fecit
1325 429 1430 462 gratias
1449 428 1583 462 speciales
1605 428 1659 454 sub
1673 429 1740 455 data
1764 439 1777 453 (ι
1794 429 1902 455 Fundis
1922 438 1956 456 xv
1974 430 2030 456 kal.
2049 431 2183 458 Decemb.
2206 434 2288 465 pont.

423 482 507 509 vestri
522 490 569 507 an.
585 481 681 515 primo
695 492 719 510 ν),
736 488 795 507 non
810 481 943 506 obstante
956 479 1035 514 quod
1052 481 1182 512 tempore
1196 478 1342 504 dictarum
1357 477 1519 510 gratiarum
1533 477 1563 502 in
1579 477 1700 503 decretis
1716 479 1787 504 tune
1802 478 1917 504 scolaris
1931 477 2031 504 eras-¹³.

512 531 585 556 Item
601 529 691 555 Yvoni
704 529 739 555 de
755 529 900 562 Langalla,
917 529 1011 562 presb.
1030 528 1166 553 Leonens.
1182 526 1267 553 dioc..
1284 534 1361 559 mag.
1377 526 1407 551 in
1422 527 1476 551 art.
1493 526 1522 551 et
1537 525 1684 551 licentiato
1699 526 1731 552 in
1745 526 1822 552 decr.
1837 526 1968 552 Parisius.

513 579 585 605 Item
602 578 692 604 Yvoni
707 578 742 604 de
758 576 944 607 Lena-eoum,
961 577 1028 603 alias
1040 577 1075 602 de
1091 576 1247 605 Villanova,
1264 575 1329 601 cler.
1348 575 1486 600 Leonens.
1504 574 1590 604 dioc.,
1607 582 1684 607 mag.
1701 575 1732 600 in
1745 576 1799 602 art.
1815 582 1831 601 a
1844 583 1891 601 sex
1905 576 1989 601 annis
2004 576 2083 602 citra.

514 628 586 653 Item
602 626 727 652 Johanni
744 626 859 655 Mathie,
873 626 939 652 cler.
956 626 1093 652 Leonens.
1110 624 1195 653 dioc..
1213 631 1290 656 mag.
1307 623 1337 648 in
1350 624 1403 648 art.
1421 630 1453 649 ac
1468 623 1534 649 scol.
1551 623 1582 648 in
1597 623 1686 650 theol.
1705 623 1734 649 in
1750 625 1857 656 quarto
1871 632 1950 650 anno
1965 632 2016 651 sue
2028 625 2225 652 auditionis&

1184 725 1329 752 Provincia
1344 724 1530 751 Bituricensz's.

516 818 599 843 Petro
615 816 722 842 Forteti
734 815 854 850 juniori,
872 815 937 842 cler.
955 814 1050 841 Sancti
1065 814 1140 840 Flori
1156 814 1242 843 dloc.‚
1257 821 1334 847 mag.
1350 814 1380 839 in
1395 815 1451 840 art.
1467 822 1499 841 ac
1514 814 1662 841 licentiato
1677 815 1708 841 in
1723 815 1799 841 decr.

515 865 675 891 Goutherio
691 864 834 890 Fernandi
849 864 884 890 de
898 863 1095 896 Sontepudioo
1110 862 1180 897 (sic),
1198 862 1291 896 presb.
1308 862 1501 889 Palentincns.
1518 863 1604 893 dioc..
1621 871 1698 898 mag.
1714 864 1744 889 in
1757 865 1811 889 art.
1829 865 1857 890 ct
1870 864 1922 898 qui
1936 872 1988 898 per
2001 872 2047 891 sex
2062 872 2211 892 annorum
2226 874 2292 900 spa-

426 914 502 940 tium
518 913 671 946 diligenter
685 915 712 939 ct
727 913 867 939 ferventer
882 912 994 937 studuit
1009 911 1039 937 in
1053 911 1140 937 theol.
1159 911 1210 936 sae.
1228 912 1256 937 et
1271 911 1410 937 continue
1426 913 1586 945 perseverat
1601 911 1645 947 [de
1659 919 1723 939 can.
1739 913 1807 939 eccl.
1821 912 1999 948 TholetaneJ.

515 963 599 988 Petro
613 962 648 988 de
665 962 803 994 Paynaco.
818 961 884 987 cler.
903 960 1071 986 Bituricens.
1087 959 1173 988 dioc.,
1190 967 1267 992 mag.
1286 959 1315 985 in
1331 961 1385 985 art.

514 1011 663 1044 Stephano
678 1010 819 1039 Manserii,
834 1010 899 1036 cler.
916 1009 1109 1035 Lemovicens.
1126 1009 1212 1038 dioc..
1227 1016 1304 1041 mag.
1322 1009 1352 1034 in
1369 1010 1423 1034 art.

517 1060 598 1085 Petro
613 1059 647 1085 de
661 1059 798 1088 Vallibus‚
815 1058 881 1084 cler.
899 1058 1067 1084 Bituricens.
1085 1057 1172 1086 dioc..
1189 1065 1266 1090 mag.
1282 1057 1312 1083 in
1325 1059 1379 1083 art.
1397 1059 1424 1083 et
1438 1058 1504 1083 scol.
1521 1058 1550 1083 in
1567 1058 1644 1084 med.

514 1107 679 1133 Theobaldo
695 1107 814 1136 Severio,
830 1107 895 1132 cler.
915 1106 1090 1132 Malleacens.
1105 1106 1191 1135 dioc..
1208 1113 1285 1139 mag.
1303 1106 1334 1132 In
1349 1108 1403 1132 art.
1420 1108 1449 1132 et
1462 1106 1528 1132 scol.
1543 1107 1574 1132 in
1590 1107 1678 1134 theol.

517 1156 663 1188 Stephano
679 1155 803 1184 Martini,
818 1155 884 1181 cler.
900 1155 1130 1181 Claromontcns.
1148 1154 1233 1183 dioc.,
1249 1162 1326 1188 mag.
1343 1155 1373 1180 in
1389 1156 1455 1184 art..
1472 1155 1550 1181 stud.
1567 1155 1690 1182 ParisIus
1703 1155 1734 1181 in
1749 1156 1801 1181 sac.
1818 1155 1924 1182 decret.

515 1204 642 1229 Johanni
658 1204 803 1233 Dorbello.
821 1204 887 1229 cler.
905 1203 1081 1229 Mallcacens.
1096 1203 1182 1232 dioc..
1198 1211 1275 1236 mag.
1292 1203 1322 1228 in
1338 1205 1392 1229 art.

516 1252 642 1278 Johanni
658 1253 774 1278 Danton
787 1252 907 1285 juniori,
926 1252 992 1278 cler.
1011 1252 1170 1282 Parisiensi‚
1187 1252 1356 1278 subbedello
1372 1252 1429 1278 filie
1445 1254 1536 1278 vestre
1552 1253 1677 1280 nationis
1693 1253 1819 1280 FrancIe.

518 1302 590 1328 Item
605 1301 717 1327 Nicolao
729 1301 765 1327 de
780 1301 1004 1331 Bourdainvill÷1‚
1021 1301 1087 1328 cler.
1106 1301 1330 1334 Rothomagcns.
1348 1301 1434 1331 dioc..
1451 1301 1482 1327 in
1497 1303 1550 1327 art.
1567 1303 1595 1328 et
1610 1302 1688 1329 med.
1706 1310 1782 1335 mag.
1807 1310 1839 1329 ac
1860 1303 1960 1329 scolari
1980 1303 2011 1330 in
2029 1303 2118 1330 theol.
2141 1303 2172 1330 In
2190 1305 2296 1338 quarto

427 1358 506 1377 anno
522 1358 571 1376 sue
583 1350 749 1376 auditionis.
2009 1350 2080 1387 [132]

520 1447 542 1470 1.
558 1447 648 1470 Plures
664 1446 828 1477 sequentium
842 1446 868 1468 in
885 1446 978 1469 rotulis
996 1454 1038 1469 an.
1054 1446 1114 1469 1379
1127 1447 1285 1470 reseruntur.
1302 1446 1360 1470 Vid.
1373 1446 1507 1471 Iudicem.
1524 1447 1559 1470 De
1571 1447 1691 1471 Johanne
1706 1447 1823 1470 Filiastri
1840 1450 1864 1470 et
1876 1447 1995 1471 Johanne
2011 1448 2167 1472 Breviscoxe
2181 1448 2296 1478 (Courte-

426 1492 523 1521 cuisse)
541 1491 594 1515 vid.
611 1499 692 1522 supra
710 1499 736 1522 p.
755 1491 810 1514 252.
824 1503 855 1508 —
871 1491 892 1514 2.
910 1490 969 1514 Fuit
984 1490 1089 1521 collegii
1110 1491 1242 1514 Navarrae
1261 1499 1306 1514 seu
1327 1491 1495 1522 Campaniae,
1512 1491 1575 1515 olim
1591 1491 1718 1522 magister
1734 1492 1976 1523 grammaticorum,
1994 1495 2019 1516 et
2036 1492 2063 1516 in
2083 1493 2177 1525 lingua
2191 1493 2296 1525 vulgari

428 1536 572 1560 vocabatur
588 1544 593 1559 ε
610 1535 697 1559 Pierre
713 1535 748 1558 du
764 1535 870 1566 Parroy.
886 1535 944 1558 Vid.
964 1535 994 1559 H.
1010 1535 1106 1558 Mnrtin
1116 1535 1142 1558 in
1157 1535 1245 1560 Catal.
1256 1537 1289 1559 de
1303 1536 1330 1559 la
1343 1536 1413 1560 Bibl.
1426 1537 1460 1560 de
1469 1536 1619 1565 l'Arsenal‚
1633 1537 1652 1565 I,
1669 1537 1707 1565 76,
1724 1540 1752 1559 n⁰
1767 1536 1821 1560 145.
1837 1537 1872 1560 De
1884 1537 1941 1568 ipso
1953 1537 2032 1560 etiam
2045 1537 2098 1562 vid.
2112 1537 2217 1566 Delisle,
2232 1538 2295 1562 Cab-

427 1582 474 1605 des
493 1587 567 1609 mss..
586 1581 617 1608 11,
633 1581 676 1603 ‘253
696 1582 716 1609 (α
734 1579 821 1603 Pierre
837 1580 868 1603 de
885 1580 910 1602 la
926 1579 1046 1603 Paroisse
1065 1581 1086 1609 »)
1100 1588 1105 1608 ;
1122 1580 1276 1609 Launoium,
1297 1579 1365 1604 Nat).
1381 1587 1477 1611 yynm.
1494 1580 1568 1610 hist,
1586 1589 1614 1612 p.
1631 1581 1686 1605 462.
1704 1581 1795 1604 Plures
1811 1581 1894 1604 libros
1912 1581 2024 1612 collegio
2039 1582 2173 1605 Navarrae
2187 1582 2295 1614 legavit,

427 1633 540 1656 quorum
555 1625 636 1656 aliqui
650 1624 725 1647 hodie
739 1624 764 1647 in
778 1624 847 1648 Bibl.
858 1624 927 1654 Nat.,
942 1624 1072 1648 Maznrine
1086 1627 1111 1648 et
1126 1625 1216 1648 Arsen.
1233 1624 1317 1648 Paris.
1333 1625 1511 1649 inveniuntur.
1525 1638 1553 1643 -
1568 1626 1590 1649 3.
1605 1625 1663 1649 Vid.
1682 1625 1713 1649 de
1729 1625 1787 1657 ipso
1805 1628 1830 1649 et
1845 1626 1876 1649 de
1894 1626 2039 1657 Reginaldo
2055 1634 2137 1658 supra
2151 1635 2179 1658 p.
2195 1627 2250 1650 253.
2270 1640 2292 1644 —-

427 1671 450 1692 4.
468 1669 526 1693 Fuit
541 1669 646 1701 collegii
665 1669 807 1692 Navarrae.
833 1669 890 1693 vid.
907 1669 1062 1698 Launoium,
1078 1669 1096 1692 l.
1110 1678 1142 1697 c.,
1166 1677 1193 1700 p.
1208 1669 1262 1692 901.
1280 1669 1319 1693 Cf.
1336 1669 1415 1692 etiam
1432 1669 1535 1698 D'elisle,
1554 1671 1617 1695 Cab.
1632 1671 1679 1695 des
1693 1677 1769 1699 mss..
1793 1670 1825 1699 ΙΙ,
1843 1671 1896 1694 253.
1920 1671 2014 1694 Postea
2033 1671 2113 1694 theol.
2135 1671 2245 1695 studuit.
2265 1685 2295 1688 —

427 1717 451 1738 5.
468 1714 525 1737 Vid.
546 1722 627 1745 supra
648 1713 681 1736 115¹
706 1714 772 1742 1419,
790 1714 859 1737 1437.
879 1727 909 1731 -
927 1715 950 1737 6.
969 1714 1037 1738 Ibid.
1054 1713 1131 1737 etiam
1152 1713 1286 1742 scribitur,
1308 1714 1450 1737 Robertum
1471 1722 1529 1738 esse
1551 1714 1645 1738 aetatis
1667 1715 1697 1738 30
1719 1723 1858 1739 annorum.
1881 1715 1928 1738 Ms.
1952 1723 1957 1738 :
1975 1724 1987 1738 «
2008 1715 2127 1747 Maniger
2147 1723 2170 1739 ι).
2191 1716 2219 1739 In
2243 1719 2293 1739 rot.

427 1767 469 1781 an.
491 1759 560 1787 1379,
582 1767 608 1789 p.
630 1759 684 1790 256,
709 1761 816 1781 vocatur
836 1766 847 1781 <‹
866 1758 984 1789 Maugier
1006 1766 1029 1781 »-
1048 1771 1080 1775 —-
1100 1759 1122 1782 7.
1143 1758 1189 1781 Ms.
1210 1766 1215 1781 :
1234 1767 1245 1781 (t
1263 1758 1406 1781 Wuinvilla
1425 1768 1437 1779 ι)
1458 1767 1529 1782 seu«
1547 1758 1687 1782 Wumvilla
1701 1767 1722 1782 υ.
1742 1759 1799 1782 Vid.
1819 1767 1862 1783 an.
1882 1759 1951 1788 1379,
1973 1768 2000 1791 p.
2021 1760 2076 1789 256,
2094 1763 2119 1783 et
2133 1763 2187 1784 not.
2203 1761 2242 1783 47.
2267 1773 2295 1778 -

426 1804 449 1827 8.
466 1804 501 1826 De
520 1811 570 1834 quo
590 1802 676 1826 rotulo
699 1810 780 1833 supra
801 1803 914 1831 1201'1‘26,
930 1806 983 1826 not.
1003 1803 1025 1826 2.
1040 1816 1071 1820 —
1090 1804 1112 1826 9.
1130 1802 1305 1826 Celeberrimo
1330 1803 1447 1827 omnium
1468 1803 1600 1826 sodalium
1621 1803 1743 1827 Univers.
1771 1803 1856 1827 Paris.
1872 1803 1949 1827 istius
1966 1804 2070 1828 aetatis.
2089 1804 2118 1827 In
2136 1807 2185 1828 nrt.
2205 1804 2294 1828 licent.

425 1847 498 1878 apud
515 1848 637 1871 Nostram
652 1847 788 1870 Dominam
812 1847 860 1870 sub
876 1855 945 1878 mag.
962 1847 1081 1870 Johanne
1103 1847 1234 1871 Loutrarii
1255 1855 1298 1871 un.
1317 1848 1375 1871 1381
1395 1848 1472 1877 (Bu1.,
1490 1848 1530 1877 IV,
1547 1849 1612 1878 998);
1631 1848 1657 1871 in
1673 1848 1753 1872 theol.
1772 1856 1813 1871 an.
1831 1849 1900 1877 1392,
1917 1848 1956 1871 sic
1972 1848 2042 1872 enim
2062 1848 2160 1880 legitur
2175 1848 2208 1872 ad
2224 1848 2294 1872 bunc

426 1900 470 1915 an.
499 1891 524 1914 in
551 1891 638 1916 Catal.
660 1891 753 1916 licent.
777 1891 855 1920 (Bibl.
880 1895 934 1915 nat.
955 1891 1039 1915 Poris.
1062 1900 1111 1915 ms.
1130 1892 1175 1915 lat.
1192 1893 1278 1922 56572)
1298 1899 1304 1915 t
1327 1901 1338 1915 «
1354 1892 1420 1916 Nota
1438 1893 1507 1924 quod
1531 1900 1602 1924 mag.
1625 1892 1759 1916 Johannes
1778 1892 1809 1916 de
1833 1893 1933 1916 Yarson
1961 1892 2022 1917 fecit
2044 1892 2161 1924 primum
2187 1900 2295 1917 cursum

426 1936 454 1965 (i.
475 1944 498 1959 e.
515 1935 625 1965 Bibliae)
647 1936 715 1964 1388,
741 1936 883 1959 secundum
903 1936 972 1965 1389,
995 1936 1061 1967 legit
1079 1936 1226 1960 Sententias
1243 1937 1313 1965 1390,
1329 1939 1355 1959 et
1375 1936 1424 1960 suit
1441 1937 1577 1968 expeditus
1594 1937 1654 1960 1392
1673 1945 1695 1961 υ.
1711 1937 1776 1961 Cum
1798 1945 1841 1961 an.
1863 1937 1923 1961 1387
1942 1946 1953 1960 a
1973 1937 2000 1960 in
2018 1937 2130 1968 septimo
2152 1937 2294 1961 auditionis

426 1988 494 2003 anno
513 1988 524 2003 »
547 1980 627 2004 theol.
649 1980 706 2010 suit,
722 1989 772 2003 non
795 1989 836 2004 an.
850 1981 918 2009 1382,
937 1984 966 2004 ut
980 1988 1084 2012 semper
1106 1980 1240 2009 scribitur,
1262 1981 1307 2004 sed
1322 1980 1377 2012 jam
1398 1989 1440 2004 an.
1458 1981 1516 2004 1381
1542 1981 1575 2005 ad
1598 1981 1716 2004 studium
1736 1981 1884 2013 theologiae
1905 1990 1932 2020 se
1952 1981 2112 2006 conserebat.
2133 1982 2240 2005 Petrum
2263 1981 2294 2005 de
2344 1991 2349 1995 “

427 2024 535 2048 Ailliaco
550 2032 597 2056 per
617 2027 717 2056 septem
739 2033 830 2054 annos,
850 2025 982 2057 Egydium
996 2025 1028 2049 de
1044 2025 1151 2056 Campis
1166 2033 1214 2056 per
1228 2028 1281 2048 tres
1303 2025 1330 2048 in
1350 2025 1429 2049 theol.
1447 2025 1549 2049 audivit
1568 2029 1594 2049 et
1614 2026 1663 2049 sub
1687 2026 1754 2057 ipsis
1770 2034 1797 2050 se
1813 2025 1928 2050 exercuit
1943 2026 2095 2056 (LaunoiuS,
2110 2025 2179 2050 Nav.
2196 2033 2294 2057 yymn.

427 2069 500 2097 hist..
516 2077 542 2100 p.
561 2069 624 2100 481).
640 2070 686 2092 An.
701 2069 768 2098 1395,
786 2069 870 2100 April.
888 2070 926 2098 13,
952 2071 1036 2093 sactus
1059 2073 1099 2093 est
1114 2069 1286 2093 cancellarius
1303 2069 1387 2094 Puris.
1404 2069 1467 2099 (vid.
1487 2070 1626 2100 Chartul.,
1643 2070 1676 2100 II,
1696 2079 1722 2101 p.
1745 2072 1797 2099 xv).
1815 2070 1924 2094 Caetera
1939 2070 1973 2093 ad
1992 2070 2130 2099 Chartul„
2150 2070 2192 2100 lv,
2210 2069 2295 2102 perti-

427 2116 496 2137 nent.
510 2126 541 2131 —
561 2114 599 2137 10.
617 2114 676 2137 Jam
699 2122 789 2145 supra,
805 2122 832 2145 p.
851 2114 904 2142 282,
929 2114 1046 2145 ejusdem
1062 2114 1111 2137 sub
1132 2114 1236 2137 nomine
1251 2114 1399 2137 Collessoni
1417 2114 1513 2138 mentio
1529 2114 1608 2138 fiebat
1630 2115 1662 2137 ad
1678 2123 1720 2138 an.
1735 2115 1806 2144 1379,
1824 2118 1884 2138 tune
1900 2114 2030 2138 scholaris
2046 2114 2072 2138 in
2088 2118 2139 2138 art.
2154 2114 2181 2138 in
2200 2117 2294 2146 quarto

426 2165 494 2180 anno
512 2157 664 2181 auditionis.
682 2159 718 2181 Ex
738 2167 820 2189 supra
841 2158 918 2181 editis
937 2158 1079 2182 ediscimus
1099 2167 1244 2189 cognomen
1268 2158 1383 2182 familiae
1398 2158 1476 2190 hujus
1496 2158 1607 2182 celebris
1623 2158 1683 2182 viri.
1700 2159 1735 2182 De
1751 2158 1834 2182 Jehnn
1850 2158 2026 2182 Poillevillain
2045 2159 2080 2182 nd
2101 2167 2144 2182 an.
2163 2159 2224 2182 1360
2239 2158 2293 2182 vid.

427 2202 477 2226 Les
491 2202 594 2226 Grand.
612 2203 707 2226 chron.
722 2204 755 2227 de
767 2203 884 2235 France,
897 2203 938 2226 ed.
953 2203 980 2226 P.
997 2203 1080 2231 Paris,
1099 2203 1139 2231 VI,
1157 2203 1210 2226 223.
1227 2204 1273 2227 An.
1290 2203 1354 2231 1380,
1372 2203 1467 2234 April„
1484 2203 1606 2227 Nicolaus
1616 2203 1766 2227 licentiatus
1782 2206 1822 2226 est
1839 2203 1865 2226 in
1881 2206 1930 2227 art.
1944 2203 2015 2234 apud
2029 2203 2054 2226 S.
2071 2203 2231 2228 Genovel'am
2244 2203 2294 2226 sub

428 2253 496 2276 mag.
513 2246 631 2269 Johanne
647 2247 677 2270 de
691 2247 829 2275 Roneuria,
846 2255 887 2270 an.
906 2247 975 2276 1381,
996 2247 1066 2275 Maii,
1081 2247 1179 2278 incepit
1195 2247 1272 2277 (But,
1289 2247 1330 2275 IV,
1347 2248 1412 2277 976).
1426 2247 1552 2275 Quamvis
1566 2247 1592 2271 in
1605 2247 1737 2279 theologia
1753 2247 1862 2276 studuit,
1877 2247 2048 2270 nihilominus
2059 2255 2193 2279 nunquam
2204 2255 2294 2271 omnes

427 2293 499 2312 actus
516 2290 625 2320 perfecit
640 2293 664 2313 et
679 2290 712 2314 ad
727 2291 909 2322 magisterium
921 2291 1000 2315 theol.
1019 2291 1149 2322 pervenit.
1165 2291 1239 2323 Legit
1251 2295 1338 2315 tamen
1354 2292 1447 2315 saltem
1465 2300 1568 2321 cursus,
1584 2300 1643 2315 cum
1659 2300 1763 2324 semper
1778 2295 1807 2315 ut
1819 2291 1984 2315 bnecalarius
1998 2291 2025 2315 in
2037 2291 2116 2315 theol.
2131 2291 2292 2323 designetur.

427 2334 474 2356 An.
497 2334 566 2363 1395,
591 2334 655 2357 Julii
673 2335 712 2363 10,
733 2343 791 2359 can.
806 2339 831 2359 et
852 2336 966 2359 decanus
983 2336 1008 2359 S.
1026 2336 1163 2360 Clodoaldi
1182 2336 1266 2359 Paris.
1286 2336 1368 2360 dioec.
1387 2337 1460 2368 (Reg.
1477 2337 1522 2360 Av.
1541 2337 1603 2360 Ben.
1621 2337 1690 2366 XIII,
1708 2337 1760 2360 vol.
1776 2337 1819 2366 VI,
1841 2337 1859 2360 f.
1877 2336 1945 2366 196);
1961 2344 2003 2359 an.
2023 2336 2092 2364 1397,
2113 2336 2240 2359 Novemb.
2255 2336 2292 2363 16,

427 2386 486 2400 eum
504 2387 513 2400 (ι
527 2386 596 2409 mag.
612 2378 637 2401 in
652 2382 711 2407 art..
728 2379 858 2404 baecalar.
875 2380 901 2403 in
915 2380 994 2404 theol.
1007 2390 1019 2401 n
1033 2380 1189 2404 Benedictus
1205 2381 1264 2404 xlll
1277 2380 1389 2404 litterar.
1403 2384 1489 2412 apost.
1503 2381 1659 2412 scriptorem
1675 2389 1721 2404 seu
1737 2380 1910 2404 secretarium
1922 2379 2045 2404 enunciat
2057 2381 2129 2411 (Reg.
2145 2380 2203 2404 Vat.
2220 2380 2291 2407 Ben„

428 2426 456 2444 n⁰
472 2422 525 2450 322,
543 2423 559 2445 s.
576 2423 617 2449 31;
632 2423 684 2447 vid.
698 2427 834 2454 praeterea
849 2424 953 2454 Delisle,
966 2425 1027 2449 Cab.
1045 2426 1090 2449 des
1102 2432 1178 2454 mss.‚
1192 2426 1211 2453 I,
1227 2426 1291 2454 486),
1306 2425 1450 2457 eodemque
1464 2434 1532 2449 anno
1549 2434 1607 2450 cun.
1623 2425 1734 2457 Lingon.
1749 2425 1832 2455 (ibid.,
1851 2425 1896 2448 sol.
1911 2425 1939 2448 91
1947 2424 1978 2454 b),
1994 2432 2038 2447 an.
2051 2424 2120 2453 1398,
2137 2424 2198 2448 Jun.
2215 2425 2254 2455 22,
2269 2424 2293 2448 ei

428 2468 578 2490 reservatur
596 2467 759 2490 thesauraria
775 2469 884 2500 Lingon.
899 2470 969 2500 (Reg.
985 2471 1030 2493 Av.
1046 2470 1142 2493 Bened.
1156 2470 1223 2497 XIII,
1240 2470 1290 2493 vol.
1309 2470 1407 2499 XXVII,
1426 2471 1442 2495 s.
1459 2470 1523 2501 191).
1540 2471 1575 2494 Ut
1589 2470 1690 2494 baccal.
1707 2470 1732 2493 in
1748 2470 1838 2498 theoL,
1858 2472 1950 2493 cantor
1964 2469 2027 2492 eccl.
2043 2469 2190 2500 Bajocens.,
2207 2477 2293 2493 secre-

428 2510 511 2533 tarius
531 2514 555 2533 et
573 2511 709 2534 familiaris
725 2512 869 2535 sanctitatis
888 2513 1041 2544 designatur
1061 2513 1087 2536 in
1107 2522 1149 2545 ep.
1166 2514 1270 2537 Martini
1287 2514 1315 2542 V,
1332 2522 1375 2537 an.
1394 2514 1462 2542 1418,
1486 2514 1573 2538 Martii
1592 2514 1621 2537 18
1639 2515 1712 2546 (Reg.
1729 2514 1823 2545 Suppl.
1841 2514 1916 2537 Mart.
1933 2514 1962 2541 V,
1980 2514 2000 2542 1,
2013 2514 2037 2543 4,
2060 2513 2104 2537 sol.
2125 2512 2194 2543 53b).
2212 2513 2248 2537 De
2263 2521 2293 2537 eo

428 2554 506 2585 plura
522 2554 590 2577 infra
607 2558 632 2578 et
649 2555 674 2578 in
690 2558 751 2579 tom.
769 2557 811 2581 lv.
830 2557 869 2580 Cf.
888 2558 942 2580 Yon
957 2558 1002 2580 der
1019 2558 1111 2586 lim-dt,
1127 2558 1226 2588 Maqn.
1242 2565 1347 2582 oecum.
1366 2559 1511 2583 Constant.
1529 2559 1644 2587 concil„
1668 2561 1687 2582 t.
1702 2558 1720 2586 1,
1737 2561 1806 2589 part.
1823 2558 1846 2587 2,
1861 2566 1888 2589 p.
1905 2558 1943 2581 71.
1959 2558 1987 2581 Α.
2006 2557 2102 2586 Mantz,
2117 2557 2250 2582 Nicolaus
2261 2558 2295 2581 de

429 2598 609 2629 Clemanyes;
629 2599 798 2631 Strasbourg,
821 2601 890 2625 1846.
905 2615 935 2619 —
951 2602 988 2625 11.
1007 2602 1089 2630 Quem
1111 2603 1227 2625 savorem
1248 2610 1291 2627 nn.
1312 2602 1373 2626 1379
1388 2604 1480 2634 (supra
1494 2611 1520 2634 p.
1543 2603 1596 2631 282,
1613 2602 1639 2625 in
1659 2605 1709 2626 rot.
1730 2602 1847 2633 ejusdem
1866 2603 1920 2632 an.)
1943 2610 2002 2625 cum
2023 2610 2034 2625 t(
2051 2601 2112 2625 data
2130 2609 2141 2625 υ
2162 2610 2223 2626 non.
2239 2601 2292 2625 kat.

429 2642 550 2666 Decemb.
565 2650 606 2665 an.
623 2643 708 2673 primo
724 2644 846 2668 obtinuit.
857 2645 930 2668 Nunc
940 2645 1014 2676 petit,
1028 2648 1057 2669 ut
1071 2645 1136 2669 haec
1148 2654 1159 2669 t<
1171 2646 1232 2669 data
1246 2654 1258 2669 »
1274 2646 1300 2669 in
1315 2654 1326 2669 t(
1341 2646 1430 2669 datam
1443 2654 1454 2670 »
1465 2649 1589 2676 mutetur,
1602 2654 1681 2678 quam
1694 2654 1765 2678 papa
1776 2646 1802 2669 in
1817 2646 1910 2669 ultimo
1926 2646 2012 2669 rotulo
2028 2654 2070 2670 an.
2083 2646 2143 2669 1383
2156 2644 2293 2677 magistris

428 2686 504 2709 novis
514 2687 679 2716 concedebat,
691 2687 747 2711 scil.
758 2696 790 2711 xv
799 2689 850 2712 kal.
859 2689 1029 2713 Decemb.an.
1038 2690 1134 2721 primo.
1143 2703 1171 2708 —
1185 2690 1222 2714 12.
1233 2691 1253 2714 I.
1262 2699 1285 2714 e.
1297 2693 1358 2714 tunc
1370 2690 1425 2722 jam
1440 2691 1568 2722 magister
1582 2691 1639 2714 ruit.
1654 2704 1685 2709 —-
1700 2691 1738 2715 13.
1750 2690 1808 2714 Vid.
1819 2698 1901 2722 supra
1915 2699 1942 2722 p.
1956 2690 2011 2714 282.
2024 2704 2055 2708 —
2069 2690 2108 2713 14.
2127 2690 2183 2713 Vid.
2196 2698 2223 2722 p.
2237 2690 2291 2713 281.

429 2743 456 2748 —-·
473 2730 510 2754 15.
527 2731 611 2762 Supra
621 2739 647 2762 p.
662 2732 715 2755 257.
730 2746 757 2750 —
770 2733 806 2755 16.
824 2733 875 2756 Seu
890 2734 977 2764 potius
991 2734 1166 2758 conclusionis
1178 2735 1267 2763 rotuli,
1279 2743 1331 2758 non
1344 2735 1575 2766 praesentationis.
1593 2735 1649 2758 Vid.
1667 2743 1749 2766 supra
1760 2738 1814 2759 not.
1830 2735 1863 2758 ad
1876 2739 1926 2758 num
1941 2735 2011 2758 1474.
2025 2748 2057 2752 -
2071 2735 2108 2758 17.
2123 2734 2182 2758 Vid.
2192 2742 2219 2766 p.
2236 2734 2291 2758 257.

428 2787 456 2791 -
471 2774 507 2798 18.
523 2774 572 2802 Qui
590 2778 697 2798 vocatur
713 2784 725 2799 «
740 2777 811 2800 card.
828 2777 1004 2801 Lemovicens.
1021 2786 1044 2802 ».
1059 2779 1106 2802 An.
1122 2778 1192 2808 1378,
1205 2779 1326 2803 Decemb.
1341 2780 1378 2809 18,
1395 2787 1410 2802 a
1423 2779 1554 2803 Clemente
1564 2780 1610 2803 VII
1627 2779 1654 2802 in
1665 2779 1803 2803 Franciam
1818 2779 1916 2803 missus
1927 2783 1967 2803 est
1982 2780 2056 2810 (Reg.
2070 2779 2128 2802 Vat-
2140 2779 2223 2802 Clem.
2235 2778 2292 2807 VII,

426 2823 456 2841 n⁰
476 2818 529 2847 291,
551 2820 568 2843 1“.
583 2820 678 2852 26-40),
697 2823 722 2843 et
736 2820 856 2845 Decemb.
873 2823 900 2845 31
917 2822 967 2845 iter
984 2823 1097 2854 arripuit
1113 2823 1199 2853 (Arch.
1218 2824 1275 2847 Vnt.
1294 2824 1336 2853 XI,
1353 2824 1402 2854 36).
1423 2824 1485 2847 Post
1499 2823 1636 2847 Februarii
1656 2824 1725 2853 1379,
1742 2824 1858 2847 Parisios
1877 2832 1930 2847 non
1949 2823 2064 2855 reliquit.
2080 2837 2112 2841 -
2126 2823 2164 2846 19.
2181 2822 2292 2854 Collegii

426 2862 568 2886 Navarrae.
591 2863 687 2888 Licent.
709 2864 735 2887 in
757 2865 834 2888 theol.
859 2874 900 2889 an.
920 2866 979 2889 1403
999 2875 1012 2890 e
1032 2868 1122 2892 Catal.
1145 2868 1246 2896 licent„
1264 2867 1309 2891 ubi
1325 2876 1336 2891 α
1353 2868 1450 2892 Roedet
1465 2875 1487 2892 ι).
1504 2881 1535 2886 —-
1553 2869 1591 2891 20.
1611 2868 1698 2899 Supra
1712 2877 1740 2899 p.
1760 2869 1813 2891 273.
1830 2881 1856 2886 -
1875 2868 1913 2894 21,
1930 2868 2017 2899 Supra
2035 2876 2062 2899 p.
2079 2868 2133 2896 258,
2149 2867 2176 2890 in
2197 2867 2291 2897 primo

425 2907 520 2931 rotulo.
533 2920 560 2925 -
572 2908 610 2931 22.
622 2908 641 2931 Ι.
654 2916 676 2932 e.
689 2911 806 2940 tempore
819 2910 908 2940 primi
922 2911 1001 2934 rotuli
1019 2912 1067 2935 fuit
1082 2913 1167 2936 solum
1183 2912 1292 2936 scolaris
1308 2912 1333 2935 in
1346 2912 1405 2943 jure
1416 2920 1483 2941 can..
1496 2915 1614 2944 tempore
1628 2914 1746 2938 secundi
1758 2916 1807 2937 rot.
1829 2921 1892 2936 vero
1903 2913 2003 2937 baccal.
2014 2926 2045 2930 —
2055 2913 2094 2936 23.
2111 2912 2197 2943 Supra
2206 2919 2233 2942 p.
2245 2912 2290 2934 ‘258
