2488 3386
405 317 469 349 398
982 324 1298 347 CHARTULARIUM
1334 324 1524 345 UNIVERS.
1562 324 1691 346 Pilius.
2172 314 2271 350 [1385

471 415 474 420 ν
502 401 642 426 Hem-icus
656 400 778 430 Chicoti,
1364 432 1397 442 Α
1461 399 1608 425 Johannes
1622 399 1657 425 de
1674 399 1782 428 Londa,

502 449 673 475 Lambertus
687 449 722 475 de
736 449 926 484 Chalandffli,
1371 446 1397 487 20}-
1420 412 1432 523 s
1461 448 1608 473 Johannes
1622 448 1658 474 do
1674 448 1835 481 Hoquelen.

503 497 675 523 Laurentius
687 498 806 530 Quillet,
1362 489 1397 513 ὅ
1460 496 1602 522 Robcrtus
1617 497 1772 526 Candonis.

502 546 646 572 Gerardus
660 546 696 572 de
709 546 898 579 Versynyaco.
1363 539 1388 590 Ξ
1460 545 1608 571 Johannes
1622 545 1741 574 Reverii,

402 611 437 630 A
502 595 631 620 Nicolaus
645 595 681 620 de
694 595 885 620 Wademonte
902 593 1027 629 [seniorj,
1462 593 1603 620 Henricus
1617 593 1748 620 Gorrem.

403 632 428 669 ’ἓ
501 643 647 669 Johannes
659 643 694 669 de
710 643 806 669 Maises
819 643 862 677 (Ρ),

411 672 428 722 Ξ
501 691 647 718 Johannes
662 692 697 718 de
714 692 893 720 Monasterio.
1420 694 1485 719 Item
1500 694 1564 719 dicti
1578 694 1688 720 Ordinis
1701 694 1941 728 Auyustinensium
1951 694 2060 728 fratres
2075 696 2211 722 studentes

402 726 437 784 Ξ
459 732 473 760 s
501 740 648 766 Johannes
662 740 792 770 Comitis,
1701 744 1791 776 utpote
1800 743 1911 777 fratres
1924 751 1933 769 .-

404 798 428 826 33
502 789 665 814 Honoratus
680 789 715 815 de
732 789 825 815 Porta.

402 828 428 863 ’Ξ
503 838 652 871 Philippus
669 837 763 870 Ogcri.
1361 833 1509 859 Johannes
1523 832 1641 862 Juralie,
1658 833 1805 866 provincie
1819 833 1989 863 Tholosane,

402 865 428 903 ἓ
502 886 652 919 Philippus
667 886 803 913 Parentis.
1362 883 1459 908 Frater
1474 881 1631 907 Gauri-idus
1646 882 1803 915 Radulphi.

501 935 669 967 Flamingus
682 935 723 960 du
739 935 874 967 Martr0y‚
1362 931 1463 957 Petrus
1475 930 1511 956 dc
1526 930 1616 959 Metis,

500 983 673 1009 Guillelmus
688 983 820 1012 Gorrem,
1362 981 1463 1006 Petrus
1477 979 1513 1005 de
1527 979 1657 1005 Terracio
1672 979 1708 1005 de
1724 979 1902 1013 Burdegalis.

500 1032 646 1057 lohannes
659 1032 809 1065 Vaquelot,
1361 1029 1504 1055 Robertus
1518 1028 1554 1054 de
1570 1028 1702 1056 Parisius.

499 1081 628 1106 Nicolaus
645 1081 774 1109 Pichom,
1361 1079 1389 1103 et
1405 1077 1546 1103 Martinus
1561 1077 1596 1103 de
1611 1076 1835 1111 Rothomag0³⁸.

2053 1112 2124 1148 [¹87]

491 1186 615 1218 Datum
648 1186 807 1218 Parisius
838 1185 905 1219 sub
937 1185 1060 1231 sigillo
1091 1191 1216 1218 nostro
1247 1184 1290 1217 ad
1318 1195 1445 1216 causas
1474 1183 1532 1216 die
1562 1184 1617 1228 xvj
1641 1183 1779 1215 mensis
1802 1183 1972 1228 Augusti,
1999 1195 2093 1216 anno
2122 1183 2269 1216 Domini

402 1251 593 1285 millesimo
616 1253 870 1285 trecentesimo
891 1253 1139 1297 octuagesimo
1161 1252 1301 1297 quinto.

493 1336 568 1359 Arch.
588 1337 644 1359 Vnt.
661 1337 768 1360 Collect.
785 1341 813 1359 n⁰
827 1338 881 1365 440,
900 1338 944 1360 fol.
962 1337 1074 1360 70b-72b.
1093 1351 1123 1354 —
1140 1336 1309 1360 Abstinemus
1325 1336 1357 1359 ad
1378 1335 1438 1358 illos
1457 1335 1610 1366 magistros,
1628 1343 1740 1366 quorum
1754 1335 1809 1366 jam
1824 1334 1850 1358 in
1866 1335 2050 1366 superioribus
2067 1335 2163 1358 mentio
2179 1335 2268 1364 fiebat,

400 1384 475 1403 notas
491 1380 594 1404 afferre.
613 1382 682 1404 Inter
699 1390 778 1405 uncos
795 1385 884 1405 notata
900 1385 961 1405 sunt
976 1382 1081 1405 nomina
1097 1390 1127 1404 ex
1143 1381 1202 1404 aliis
1216 1381 1280 1404 locis
1298 1380 1352 1404 msss
1369 1380 1518 1411 desumpta.

493 1452 514 1474 1.
534 1452 700 1476 Guillelmus.
722 1466 749 1470 —
764 1453 785 1475 2.
801 1453 878 1476 Deest
893 1453 919 1476 in
937 1453 1026 1478 Catal.
1045 1453 1136 1477 licem.
1154 1466 1183 1470 —
1201 1454 1223 1475 3.
1242 1452 1292 1475 Seu
1309 1460 1320 1474 «
1337 1451 1497 1482 Cbavengiis
1514 1460 1536 1479 η,
1552 1451 1722 1479 Navarricus,
1738 1450 1888 1474 licentiatus
1904 1459 1946 1473 an.
1964 1451 2024 1474 1379
2039 1459 2052 1474 e
2070 1451 2158 1475 Catal.
2175 1451 2268 1476 licent.

399 1509 430 1513 —-
441 1497 463 1519 4.
479 1496 529 1519 Seu
546 1505 557 1519 «
572 1496 645 1519 Coles
662 1505 683 1524 »,
702 1497 733 1520 de
753 1505 803 1528 quo
822 1505 913 1528 supi-n.
932 1506 958 1528 p.
977 1498 1030 1520 384.
1050 1510 1080 1514 -·
1095 1499 1117 1520 5.
1138 1497 1172 1520 De
1190 1496 1338 1528 Cugneriis.
1356 1496 1413 1519 Vid.
1427 1504 1518 1527 supra.
1534 1509 1564 1512 —
1577 1496 1599 1520 6.
1616 1496 1695 1518 Juxta
1714 1495 1802 1520 Catal.
1819 1495 1909 1519 licent.
1926 1495 2030 1526 aliaque
2051 1495 2207 1519 documenta
2221 1495 2272 1519 ruit

400 1540 655 1569 Vallisscholarium,
673 1545 698 1564 et
711 1541 859 1564 licentiatus
878 1550 921 1565 an.
940 1542 1008 1564 1381.
1023 1555 1053 1559 —
1069 1543 1090 1565 7.
1107 1541 1240 1564 Johanncs
1256 1551 1268 1562 (ι
1285 1541 1311 1564 la
1328 1541 1402 1571 Maye
1421 1549 1431 1562 »
1449 1548 1490 1563 an.
1507 1540 1565 1563 1381
1583 1539 1672 1563 licent.
1688 1543 1728 1563 est
1743 1548 1756 1563 e
1771 1539 1861 1564 Catal.
1877 1539 1968 1564 licent.
1985 1553 2016 1557 —
2029 1540 2052 1562 8.
2068 1540 2160 1563 Petrus
2176 1540 2268 1567 Olet-ii,

401 1584 507 1608 Cisterc.
525 1585 599 1613 Ord.,
613 1585 754 1616 religiosus
771 1589 882 1609 monast.
899 1586 1107 1615 Grnndissilvne,
1119 1589 1211 1617 postea
1226 1586 1275 1608 suit
1288 1585 1412 1616 provisor
1428 1585 1453 1608 S.
1469 1584 1596 1607 Bernardi
1612 1584 1706 1613 Paris„
1721 1587 1746 1607 et
1758 1584 1827 1608 circa
1841 1584 1902 1607 1399
1917 1584 1958 1607 vel
1974 1584 2035 1607 1400
2050 1584 2133 1607 abbas
2144 1584 2270 1608 Grandis-

401 1629 482 1651 silvae
499 1629 579 1658 (Gall.
593 1630 700 1658 christ..
714 1630 780 1658 Xlll,
798 1630 860 1659 138).
875 1630 946 1653 Idem
962 1638 1019 1653 esse
1033 1630 1137 1653 videtur
1152 1639 1181 1653 ac
1198 1639 1208 1652 <‹
1226 1631 1318 1653 Petrus
1334 1630 1368 1652 du
1385 1630 1441 1660 Myr
1455 1638 1465 1651 n
1482 1629 1507 1652 in
1522 1629 1610 1653 catal.
1623 1629 1728 1656 licent„
1744 1628 1832 1652 licent.
1849 1636 1890 1652 an.
1906 1628 1966 1651 1383
1982 1628 2073 1661 (1384);
2089 1628 2114 1652 in
2129 1637 2178 1652 ms.
2190 1629 2269 1652 5657·

400 1673 467 1696 Bibl.
485 1677 538 1697 nat.
554 1674 661 1705 insuper
675 1682 815 1705 perperam
830 1675 936 1697 additur
953 1684 964 1697 a
981 1675 1063 1698 abbas
1076 1675 1264 1698 Clarevnllens.
1277 1685 1298 1697 ι).
1312 1688 1337 1692 -
1353 1676 1376 1697 9.
1393 1674 1491 1697 Licent.
1506 1682 1547 1696 an.
1561 1674 1622 1696 1383
1638 1674 1717 1703 (1384)
1734 1682 1747 1696 e
1763 1673 1853 1697 Catal.
1866 1673 1959 1698 licent.
1970 1686 2002 1691 —
2015 1674 2053 1697 10.
2065 1674 2084 1696 1.
2101 1681 2123 1697 e.
2138 1674 2268 1697 Arnoldue

400 1717 485 1745 Grilli,
502 1717 564 1741 Ord.
583 1718 654 1743 Min..
679 1718 709 1741 de
729 1727 779 1749 quo
804 1723 832 1741 n0
854 1719 922 1742 1405.
944 1720 972 1742 ln
995 1723 1047 1742 ms⁰
1062 1719 1169 1742 additur
1190 1727 1194 1741 z
1214 1729 1226 1740 a
1250 1719 1373 1742 Doctores
1392 1719 1417 1741 in
1434 1727 1454 1741 s.
1473 1718 1552 1741 theol.
1570 1726 1580 1739 υ
1602 1731 1633 1735 -
1652 1718 1689 1740 11.
1712 1717 1859 1741 Richardus
1881 1717 1974 1748 Papin,
1995 1717 2069 1749 prior
2085 1717 2219 1749 prioratus
2237 1718 2269 1741 de

400 1762 520 1790 Nomaco,
538 1762 599 1785 Ord.
619 1763 645 1786 S.
665 1763 740 1793 Aug„
758 1763 854 1787 decret.
873 1764 973 1791 doctor,
989 1764 1018 1786 fit
1032 1771 1080 1794 per
1094 1764 1194 1786 obitum
1217 1763 1287 1786 Petri
1311 1763 1393 1786 abbas
1410 1763 1436 1786 S.
1454 1762 1559 1786 Martini
1580 1762 1612 1785 de
1627 1762 1700 1785 Arcis
1721 1762 1845 1786 Trecens.
1861 1770 1906 1785 an.
1923 1762 1993 1790 1373,
2009 1763 2076 1793 Aug.
2093 1763 2107 1785 8
2125 1763 2199 1794 (neg.
2221 1763 2268 1786 Av.

400 1806 518 1837 Gregorii
535 1807 577 1835 XI,
598 1807 648 1829 vol.
673 1807 762 1835 XVIII,
789 1808 833 1830 sol.
854 1809 892 1834 61.
917 1821 947 1825 —-·
964 1808 1095 1831 omittitur
1112 1808 1137 1830 in
1155 1808 1228 1832 Gall.
1253 1808 1361 1836 christ„
1379 1808 1432 1835 xli,
1461 1808 1530 1837 582);
1552 1815 1595 1830 an.
1612 1807 1682 1835 1391,
1699 1807 1761 1830 Jun.
1777 1807 1816 1835 16,
1837 1806 1919 1830 abbas
1939 1807 1966 1830 S.
1983 1806 2112 1830 Jobannis
2127 1806 2153 1830 in
2170 1807 2269 1830 Velleio

401 1851 472 1881 (Reg.
495 1851 540 1874 Av.
563 1851 642 1874 Clem.
660 1851 715 1880 VH,
734 1852 784 1874 vol.
810 1852 874 1880 LXI,
892 1852 936 1875 sol.
960 1853 1024 1882 219).
1041 1866 1071 1870 —
1090 1853 1128 1875 12.
1150 1852 1254 1875 Yterius
1273 1852 1304 1875 de
1319 1851 1455 1875 Martreuil
1480 1853 1564 1874 sactus
1580 1855 1619 1875 est
1636 1859 1679 1875 an.
1696 1852 1765 1879 1392,
1781 1852 1849 1883 Aug.
1868 1851 1905 1879 19,
1927 1859 1987 1874 cum
2006 1854 2075 1874 esset
2098 1851 2269 1883 praepositus

400 1894 426 1917 S.
443 1895 583 1917 Audomari
599 1895 631 1918 de
649 1895 676 1918 S.
698 1896 858 1924 Audomaro,
875 1896 1016 1927 episcopus
1039 1896 1169 1920 Aniciens.
1192 1898 1265 1927 (Reg.
1286 1897 1340 1919 Vnt.
1358 1897 1441 1919 Clem.
1457 1897 1513 1926 Vll,
1533 1900 1561 1919 n⁰
1581 1897 1634 1924 303,
1653 1897 1668 1919 f.
1691 1896 1742 1927 21).
1758 1909 1788 1913 -
1803 1896 1841 1919 13.
1859 1896 1907 1919 Ms.
1924 1903 1929 1918 ε
1945 1906 1957 1917 α
1974 1895 2074 1920 Octono
2094 1904 2117 1919 ».
2134 1895 2245 1920 Additur
2261 1904 2267 1919 2

400 1947 411 1961 (ι
429 1939 592 1962 decretorum
609 1939 728 1962 doctores
745 1948 767 1964 υ.
783 1954 813 1957 -
824 1941 861 1963 14.
879 1949 891 1963 «
907 1941 1034 1964 Antonius
1050 1941 1154 1965 Gratias
1172 1951 1184 1962 υ
1200 1941 1255 1970 (des
1271 1941 1378 1972 Graces)
1394 1941 1482 1964 licent.
1498 1941 1524 1963 in
1539 1940 1619 1964 theol.
1634 1948 1676 1963 an.
1697 1941 1757 1963 1388
1772 1948 1785 1963 e
1803 1940 1888 1965 Calal.
1901 1940 1996 1965 licent.
2011 1954 2041 1958 —
2054 1941 2092 1964 15.
2106 1941 2125 1964 I.
2141 1948 2164 1964 e.
2180 1940 2269 1964 Victor

399 1983 430 2006 de
445 1983 590 2013 Camerino,
607 1983 638 2006 de
649 1992 700 2014 quo
713 1988 741 2006 n⁰
756 1985 823 2007 1513,
838 1998 868 2002 -
884 1985 922 2008 16.
941 1993 952 2007 «
968 1985 1100 2008 Johannes
1118 1985 1220 2012 blesus,
1237 1985 1303 2008 alias
1319 1986 1344 2008 le
1359 1985 1462 2016 Besgue
1476 1994 1487 2007 »
1503 1985 1592 2009 licent.
1608 1993 1650 2007 an.
1668 1985 1729 2008 1386
1745 1985 1837 2014 (1387).
1850 1998 1880 2002 —
1895 1985 1933 2008 17.
1948 1994 1961 2006 «
1980 1984 2050 2008 Alias
2066 1985 2098 2008 de
2113 1984 2231 2008 Franciis
2245 1994 2269 2014 ιι,

366 2029 376 2035 ·
398 2027 485 2050 licent.
502 2035 544 2050 nn.
563 2028 623 2050 1389
638 2036 650 2051 e
668 2029 755 2052 Catal.
772 2029 862 2053 licent.
876 2043 906 2046 —
920 2030 958 2052 18.
972 2029 1007 2052 De
1024 2030 1160 2053 Tornaco?
1177 2030 1221 2061 qui
1238 2030 1387 2053 licentiatus
1406 2033 1446 2053 est
1460 2038 1473 2053 e
1491 2030 1578 2054 Catal.
1597 2029 1688 2054 licent.
1706 2037 1748 2052 en.
1766 2029 1836 2053 1400.
1851 2043 1878 2047 -
1896 2030 1934 2052 19.
1951 2038 1964 2051 α
1980 2029 2015 2052 De
2031 2028 2140 2059 Calmis,
2156 2029 2222 2052 alias
2238 2029 2270 2053 de

399 2071 531 2094 Chaumur
548 2080 558 2095 ι
575 2072 600 2095 in
622 2073 709 2096 Catal.
735 2073 837 2102 licent„
854 2073 941 2097 licent.
957 2082 999 2098 an.
1016 2074 1085 2097 1395.
1101 2088 1132 2091 —
1147 2075 1186 2097 20.
1202 2074 1348 2103 Nescimus,
1371 2075 1403 2097 ad
1425 2083 1502 2106 quem
1518 2074 1643 2098 Ordinem
1661 2075 1782 2105 (August.
1802 2074 1843 2097 vel
1858 2073 1930 2103 Min.)
1946 2073 1995 2097 iste
2017 2076 2042 2097 et
2061 2076 2115 2097 tres
2131 2077 2269 2106 sequentes

398 2116 554 2146 pertineant.
567 2116 713 2148 Opinnmur
729 2121 781 2140 tres
796 2121 934 2149 sequentes
949 2118 982 2141 ad
997 2118 1062 2142 Ord.
1078 2118 1140 2142 Min.
1151 2118 1293 2150 pertinere,
1305 2122 1330 2142 et
1346 2119 1446 2142 bin-eal.
1458 2119 1490 2142 de
1503 2118 1635 2142 Salucbiis
1651 2118 1685 2141 ad
1701 2118 1839 2149 Augustin.
1850 2131 1882 2136 —
1894 2118 1933 2141 21.
1945 2118 1965 2142 Ι.
1977 2126 1999 2141 e.
2016 2118 2166 2148 Foulecbat,
2177 2118 2208 2142 de
2218 2127 2270 2150 quo

399 2167 479 2190 supra
497 2160 604 2191 pluries.
619 2175 646 2178 —
663 2161 700 2184 22.
723 2162 751 2184 ln
767 2165 896 2185 conventu
914 2162 998 2186 Poris.
1017 2163 1109 2186 Minor.
1126 2163 1177 2185 duo
1193 2166 1353 2186 correctores
1373 2164 1478 2186 suerunt
1493 2166 1525 2190 et,
1543 2166 1572 2186 ut
1586 2162 1699 2192 videtur,
1712 2162 1813 2185 biblici.
1825 2162 1883 2186 Vid.
1896 2170 1978 2194 supra
1991 2162 2025 2185 nl·
2040 2163 2101 2185 1383
2113 2166 2139 2186 et
2154 2162 2214 2186 1448
2229 2171 2269 2194 sq.

398 2217 429 2222 —
441 2205 478 2227 23.
494 2205 552 2227 Jam
569 2213 610 2228 an.
627 2206 687 2228 1260
701 2206 727 2229 S.
746 2206 931 2229 Bonaventura
947 2215 996 2238 pro
1011 2207 1179 2230 studentibus
1194 2207 1221 2230 in
1237 2211 1367 2230 conventu
1383 2207 1476 2231 Minor.
1495 2207 1580 2231 Paris.
1594 2210 1707 2238 quatuor
1720 2207 1876 2230 assistentes
1890 2207 2005 2230 instituit
2016 2207 2080 2236 (vid.
2097 2207 2237 2235 Char-tul„
2249 2208 2269 2237 1,

399 2252 427 2270 n⁰
445 2249 497 2276 364,
519 2251 592 2279 not.);
615 2258 645 2272 cx
669 2258 719 2281 quo
737 2253 854 2281 tempore
870 2251 895 2273 in
914 2251 979 2274 actis
1000 2251 1187 2275 Universitntis
1208 2252 1250 2275 hic
1271 2252 1397 2283 primum,
1418 2252 1450 2275 ud
1473 2260 1515 2275 un.
1533 2253 1602 2281 1385,
1627 2252 1721 2275 borum
1742 2255 1855 2283 quatuor
1876 2251 2058 2275 assistentium
2074 2251 2171 2275 mentio
2187 2251 2225 2275 fit.
2241 2265 2267 2269 —

400 2293 437 2315 24.
453 2301 464 2315 <t
479 2293 567 2316 Simon
583 2293 614 2316 de
630 2294 731 2325 Coursy
742 2303 752 2317 i)
765 2295 914 2318 licentiatus
928 2299 968 2319 est
979 2304 1021 2319 an.
1038 2296 1096 2319 1401
1109 2304 1122 2319 e
1135 2297 1222 2321 Catal.
1241 2297 1417 2321 licent.—25.
1430 2297 1563 2319 Johnnnes
1581 2305 1592 2319 «
1611 2296 1720 2319 Brixeus
1736 2304 1746 2319 »
1763 2296 1913 2319 licentiatus
1930 2299 1970 2319 est
1983 2304 2024 2320 an.
2037 2296 2105 2319 1395.
2118 2309 2149 2314 —-
2159 2297 2199 2319 26.
2213 2295 2270 2319 Cle-

399 2344 471 2359 mens
485 2337 529 2359 VII
548 2346 588 2360 an.
607 2338 675 2367 1386,
692 2339 779 2362 Martii
795 2339 832 2367 17,
854 2340 1011 2363 cancellario
1030 2340 1114 2364 Paris.
1131 2340 1254 2372 injungit,
1271 2344 1299 2363 ut
1313 2341 1459 2364 ,Iohannem
1476 2349 1487 2363 «
1507 2341 1587 2364 Gurdi
1607 2349 1618 2363 »
1635 2341 1661 2363 in
1676 2341 1762 2372 primo
1778 2349 1857 2363 cursu
1873 2340 1980 2363 hiemali
1997 2340 2115 2371 proxime
2131 2341 2218 2363 futuro
2236 2340 2269 2364 ad

398 2380 524 2411 legendas
549 2382 695 2405 Sententias
716 2383 823 2414 deputet
846 2384 921 2415 eique
942 2384 1052 2408 durante
1072 2385 1172 2408 lectura
1188 2393 1203 2408 a
1222 2385 1348 2408 fratribus
1373 2386 1466 2408 domus
1482 2385 1544 2409 Min.
1565 2385 1648 2408 Paris,
1669 2385 1695 2408 in
1720 2385 1790 2408 victu
1815 2385 1927 2416 aliisque
1945 2384 2013 2408 sicut
2029 2384 2181 2407 bacaliariis
2204 2384 2269 2411 Ord.

399 2425 532 2455 provideri
550 2426 628 2448 saciat
642 2430 666 2449 et
680 2430 771 2457 postea
792 2427 924 2451 licentiam
941 2429 1019 2451 donet
1039 2429 1111 2460 (fleg.
1127 2431 1173 2453 ΑΥ.
1191 2429 1272 2452 Clem.
1289 2430 1344 2458 Vll,
1366 2430 1417 2453 vol.
1442 2430 1492 2458 XL,
1515 2430 1557 2453 sol.
1576 2430 1623 2459 72).
1647 2430 1696 2452 Sed
1715 2437 1727 2452 e
1750 2429 1838 2454 Catal.
1856 2429 1947 2453 licent.
1964 2429 2129 2452 solummodo
2146 2437 2189 2452 an.
2207 2429 2268 2452 1395

399 2468 548 2492 licentiatus
563 2473 602 2492 est
617 2472 637 2499 (α
652 2471 783 2494 ,lohannes
801 2472 912 2495 Achardi
925 2474 958 2502 »).
969 2486 999 2490 —
1012 2473 1050 2496 27.
1067 2482 1077 2496 (ι
1092 2473 1249 2497 Guillelmus
1266 2474 1388 2505 Ferreoly
1400 2483 1410 2495 η
1428 2474 1515 2497 licent.
1532 2477 1571 2497 est
1586 2482 1599 2497 e
1616 2474 1702 2498 Catal.
1719 2474 1812 2498 licem.
1827 2481 1870 2497 an.
1886 2474 1956 2497 1395.
1970 2487 1998 2491 —
2014 2473 2052 2496 28.
2069 2473 2088 2497 I.
2100 2481 2122 2496 e.
2136 2473 2268 2497 Oliverius

400 2513 473 2535 Went
493 2521 538 2536 seu
554 2514 683 2539 Maillnrd.
700 2515 763 2538 Ord.
779 2516 882 2541 Praed..
899 2517 929 2539 de
945 2525 995 2547 quo
1010 2521 1038 2539 n⁰
1054 2517 1123 2540 1416.
1139 2531 1169 2535 -—
1184 2519 1223 2540 29.
1242 2517 1305 2541 Ord.
1322 2518 1424 2545 Praed.‚
1441 2518 1471 2541 de
1487 2527 1538 2549 quo
1555 2526 1645 2549 supra.
1664 2531 1695 2535 —-
1710 2518 1749 2541 30.
1764 2517 1897 2541 Johannes
1916 2517 2062 2544 Corduarii,
2082 2517 2148 2540 alias
2163 2517 2267 2543 Vitatis,

401 2556 462 2580 Ord.
480 2557 550 2585 Min.,
568 2558 716 2581 licentiatus
737 2567 777 2582 an.
801 2560 870 2588 1389,
886 2561 929 2591 qui
946 2561 1037 2584 eodem
1052 2570 1119 2584 anno
1136 2562 1243 2593 scripsit
1259 2565 1349 2585 contra
1365 2562 1424 2585 Joh.
1446 2563 1477 2585 de
1502 2563 1653 2585 Montesono
1668 2562 1864 2592 Defensorium
1885 2563 1908 2586 b.
1929 2562 2063 2592 Virqinis.
2083 2561 2137 2585 Vid.
2158 2562 2189 2584 de
2209 2562 2267 2593 ipso

400 2601 534 2629 Sbnraleu,
553 2602 660 2632 SuppL,
677 2611 704 2633 p.
719 2604 775 2626 406.
790 2617 820 2621 -—
836 2604 874 2628 31.
895 2605 914 2627 l.
930 2613 951 2628 c.
969 2605 1109 2629 Bancheio.
1126 2606 1183 2628 Vid.
1201 2614 1281 2637 supra
1299 2610 1327 2628 no
1345 2606 1415 2629 1482.
1431 2620 1462 2624 —
1474 2607 1512 2629 32.
1529 2607 1576 2630 Ms.
1593 2614 1598 2629 2
1616 2615 1627 2629 (ι
1642 2607 1772 2630 Grevesac
1790 2615 1812 2629 ».
1828 2606 1898 2630 Alibi
1913 2605 2039 2629 scribitur
2054 2614 2059 2628 :
2078 2615 2088 2629 (ι
2105 2606 2228 2630 Crevesat
2244 2614 2266 2630 n.

399 2658 428 2661 —
444 2646 482 2668 33.
496 2646 542 2668 Ms.
561 2653 566 2668 :
583 2654 593 2668 α
610 2648 781 2677 Angerannus
795 2656 816 2671 ».
832 2662 862 2664 —
876 2649 914 2671 34.
932 2649 978 2671 Hic
996 2650 1122 2673 additur:
1141 2658 1152 2672 «
1169 2650 1263 2673 medici
1281 2658 1302 2673 )›.
1313 2664 1344 2668 —
1355 2652 1391 2673 35.
1406 2652 1456 2673 Seu
1473 2659 1482 2673 «
1503 2651 1619 2674 Moraine
1636 2659 1657 2679 n,
1674 2651 1706 2674 de
1717 2659 1768 2682 quo
1777 2651 1831 2682 jam
1851 2658 1932 2682 supra
1949 2659 1976 2682 p.
1992 2651 2038 2674 256
2052 2654 2078 2673 et
2089 2651 2143 2679 260,
2160 2653 2214 2674 not.
2227 2651 2266 2674 52.

399 2702 428 2705 —
445 2690 481 2712 36.
494 2689 582 2713 Licent
597 2690 622 2713 in
638 2691 717 2716 theol.
734 2699 747 2714 e
765 2692 854 2715 Catal.
874 2693 967 2717 licent.
980 2701 1022 2716 an.
1039 2694 1108 2717 1395.
1124 2708 1155 2711 -
1172 2696 1210 2717 37.
1228 2695 1336 2717 Celeber
1351 2695 1483 2718 Johnnnes
1498 2695 1572 2724 Petit,
1589 2696 1620 2718 de
1643 2703 1693 2727 quo
1714 2695 1783 2718 infru
1805 2695 1831 2718 in
1851 2696 1937 2718 rotulo
1959 2703 2002 2718 un.
2019 2695 2088 2724 1387,
2105 2698 2134 2718 n⁰
2150 2695 2218 2717 1541.
2237 2707 2267 2712 —

399 2733 438 2756 38.
453 2733 481 2756 ln
495 2733 554 2756 aliis
579 2734 710 2758 similibus
731 2735 912 2759 instrumentis
937 2737 1004 2760 inter
1023 2738 1088 2760 alios
1109 2738 1188 2761 etiam
1203 2742 1327 2761 notantur
1352 2739 1403 2761 duo
1426 2739 1521 2762 hedelli
1547 2740 1625 2764 theol.
1646 2740 1788 2767 facultatis,
1811 2739 1934 2763 Nicolaus
1952 2743 1977 2762 et
1992 2739 2124 2770 Egydius:
2149 2739 2266 2762 nerveus

399 2776 517 2800 bedellus
540 2779 785 2809 Augustinensium;
807 2781 920 2804 Thomas
945 2781 1077 2812 Episcopi,
1098 2782 1216 2805 bodellus
1243 2783 1470 2811 Praedicatorum;
1494 2786 1525 2807 fr.
1547 2784 1680 2808 ¹lohannes
1699 2785 1731 2807 de
1748 2784 1853 2814 Usaria,
1870 2785 1991 2815 August„
2007 2784 2094 2807 licent.
2112 2791 2154 2807 an.
2176 2784 2236 2806 1388
2253 2791 2266 2806 e

401 2821 486 2845 Catal.
504 2822 605 2850 licent.,
630 2823 674 2846 ubi
690 2832 701 2846 α
718 2824 843 2847 Wissnriu
861 2832 883 2857 »ς
899 2827 931 2848 fr.
948 2826 1097 2849 Dominicus
1114 2826 1145 2849 de
1166 2827 1337 2850 Lunai-ivilla.
1355 2827 1418 2851 Ord.
1435 2828 1496 2851 Min.
1514 2831 1605 2859 (supra
1625 2833 1654 2851 n⁰
1676 2829 1746 2858 1500,
1767 2832 1820 2852 not.
1841 2829 1873 2858 2);
1898 2829 1930 2852 t'r.
1945 2828 2078 2852 ,lohannes
2096 2828 2128 2851 de
2149 2827 2264 2855 Snilisio,

400 2865 522 2893 Carmel„
539 2866 624 2890 licent.
642 2876 684 2891 an.
696 2868 756 2891 1386
773 2868 852 2899 (1387)
868 2878 880 2892 e
898 2870 983 2894 Catal.
1002 2870 1103 2899 licent„
1120 2871 1163 2893 ubi
1181 2880 1191 2893 (⁴
1206 2871 1339 2894 Johannes
1356 2872 1473 2895 Snlesius
1488 2882 1508 2896 n.
1527 2873 1585 2896 Vid.
1602 2873 1672 2896 infra
1685 2877 1735 2896 num
1750 2873 1816 2896 1538.
