2488 3386
238 328 332 365 1385]
666 343 711 364 ΑΒ
746 343 851 364 ANNO
887 343 1019 365 MCCCL
1053 344 1183 371 USQUE
1219 345 1266 365 an
1303 345 1566 366 BENEDmTUM
1596 345 1685 366 Χιιι,
2035 335 2101 366 405

233 415 405 459 quasdam
428 416 589 456 cedulas,
616 416 760 461 signeto
790 417 943 461 quodam
973 417 1187 450 cancellarie
1218 418 1254 449 in
1287 417 1418 450 talibus
1448 419 1578 462 apponi
1607 425 1781 450 consueto
1810 418 2008 454 roboratas,
2031 430 2100 462 que

234 482 362 514 cedule
384 483 566 515 communi
587 483 733 515 nomine
756 483 791 515 in
813 483 934 516 studio
957 491 991 516 et
1012 484 1154 517 clvitate
1177 484 1289 516 Paris.
1310 485 1451 528 signem
1468 491 1653 520 vocantur,
1674 485 1868 528 unicuique
1890 485 1925 516 in
1947 497 2101 529 quacun-

235 560 304 593 que
326 549 431 581 trium
454 549 660 582 facultatum
682 549 908 582 licenciando
932 562 1035 582 suum
1060 550 1241 594 signetum
1266 550 1391 594 predie
1414 551 1486 593 (sic)
1509 550 1661 582 licencie
1683 563 1747 582 suc
1770 551 1914 583 mittens
1936 551 1971 582 in
1994 551 2100 583 domo

235 614 474 647 habitacionis
504 627 568 648 sue
596 627 675 648 cum
704 615 889 660 aliquibus
915 616 1154 649 familiaribus
1176 617 1266 656 suis,
1290 623 1324 648 et
1351 628 1421 648 uno
1445 616 1488 648 de
1509 616 1669 649 budellis
1691 618 1763 659 (sic)
1785 617 1882 649 illius
1908 617 2099 649 facultatis,

323 684 401 724 xiij.
427 683 514 714 Item
537 682 634 726 quod
666 682 735 726 ipsi
765 682 994 723 licenciandi⁷
1018 683 1054 714 in
1081 695 1297 727 quacunque
1324 683 1429 715 trium
1458 683 1699 727 predictarum
1726 683 1931 715 facultatum
1954 684 2099 723 fuerint,

235 755 505 781 consueverunt
535 749 694 793 predicta
724 749 864 794 signeta
894 756 929 782 et
957 749 1164 782 cancellarii
1196 750 1350 782 nuncios
1378 761 1458 782 cum
1490 749 1631 793 magnis
1663 749 1799 781 honore
1830 756 1865 781 et
1894 751 2100 782 reverencia

235 821 340 859 atque
370 815 572 860 graciarum
602 816 749 848 accione
781 816 956 860 recipere,
980 816 1143 861 ipsisque
1175 816 1381 848 cancellarii
1412 816 1556 848 nunciis
1575 816 1698 848 vinum
1726 822 1760 848 ct
1788 816 1950 860 species⁵
1977 816 2046 848 late
2069 823 2101 849 ct

234 881 403 914 habunde
424 893 503 914 cum
525 882 659 927 gaudio
681 882 899 923 ministrare,
919 883 1053 927 quibus
1076 883 1288 915 ministratis
1311 883 1563 927 unusquisque
1585 882 1855 914 licenciandus‘*
1873 882 2037 922 medicus,
2058 883 2101 915 de

235 948 343 992 petita
364 948 514 981 licencia
536 949 572 981 in
593 949 788 981 crastinum
811 949 1008 982 obtinenda
1030 950 1161 982 virtute
1188 949 1258 982 sibi
1282 961 1346 994 per
1366 949 1620 981 cancellarium
1642 949 1847 981 transmissi
1874 956 1906 981 et
1937 961 1999 993 per
2020 962 2100 981 eum

235 1015 371 1059 recepti
399 1015 533 1060 signeti
561 1027 726 1055 securus,
756 1016 826 1061 ipsi
854 1016 1069 1049 cancellario
1102 1028 1166 1061 per
1191 1028 1340 1049 suorum
1371 1016 1597 1060 signetorum
1627 1016 1781 1048 nuncios
1810 1015 1901 1048 duos
1933 1016 2102 1048 denarios

234 1093 365 1114 aureos
386 1082 430 1114 ad
451 1082 571 1114 minus
592 1082 725 1115 valoris
747 1083 900 1115 duorum
930 1084 1153 1123 srancorum3
1182 1090 1215 1115 et
1241 1082 1395 1127 quilibet
1421 1083 1457 1114 in
1481 1082 1636 1115 decretis
1660 1082 1909 1115 licenciandus
1936 1083 2103 1115 similiter

234 1148 277 1180 ad
306 1148 426 1181 minus
454 1160 563 1181 unum
589 1149 775 1182 denarium
799 1161 946 1182 aureum
967 1149 1102 1182 valoris
1124 1149 1233 1182 unius
1259 1149 1371 1182 franci
1397 1149 1433 1181 in
1462 1149 1606 1194 signum
1637 1148 1788 1181 honoris
1816 1156 1849 1181 et
1878 1149 2099 1190 reverencie7

235 1215 369 1247 favoris
387 1222 422 1248 et
441 1214 707 1257 benivolencie‚
725 1216 866 1249 mittere
888 1223 1171 1257 consueverunt7
1194 1216 1308 1249 libera
1326 1223 1360 1248 et
1380 1222 1577 1260 spontanea
1595 1215 1792 1253 voluntate,
1810 1216 1888 1248 sine
1910 1216 2102 1248 exaccione

236 1293 450 1326 quacunque
472 1289 507 1315 et
527 1283 606 1315 sine
627 1284 878 1328 cujuscunque
899 1284 992 1328 pacti
1022 1283 1253 1328 precedentis
1274 1283 1428 1315 connexi
1452 1282 1508 1315 vel
1530 1282 1807 1315 concomitantis
1828 1282 2102 1315 intervencione

235 1344 338 1376 tacita
358 1344 415 1377 vel
437 1356 620 1389 expressa.

322 1413 412 1453 xiiij.
439 1412 526 1443 Item
549 1412 802 1456 unusquisque
829 1412 1089 1445 bacalariorum
1119 1419 1186 1445 tam
1218 1412 1474 1457 religiosorum
1502 1424 1606 1456 quam
1634 1412 1851 1444 secularium
1878 1412 1914 1443 in
1935 1411 2101 1444 facultate

233 1477 431 1523 theologica
451 1478 759 1511 licenciandorum
785 1479 909 1524 predic
932 1479 1082 1512 licencie
1112 1491 1177 1511 sue
1205 1485 1428 1518 reverenter,
1453 1478 1638 1511 humiliter
1659 1485 1691 1510 ct
1715 1491 1793 1510 cmn
1816 1490 1943 1523 magna
1965 1479 2102 1523 gracia-

234 1556 311 1576 rum
333 1545 479 1577 accione
501 1552 646 1590 recepto
669 1546 814 1590 signeto
836 1558 899 1590 per
917 1546 1102 1578 dominum
1125 1546 1378 1578 cancellarium
1398 1545 1468 1578 sibi
1486 1545 1714 1585 transmisso,
1733 1557 1775 1577 ex
1797 1557 1867 1589 quo
1885 1545 1928 1577 de
1950 1545 2100 1577 licencia

227 1612 327 1656 juxta
349 1611 484 1656 signeti
510 1619 671 1645 tenorem
702 1613 738 1645 in
764 1613 982 1645 crastinum⁷
1004 1612 1200 1645 obtinenda
1223 1612 1388 1645 redditur
1408 1613 1486 1657 ipse
1516 1624 1681 1652 securus⁷
1710 1619 1791 1656 post
1812 1612 1885 1644 vini
1908 1618 1940 1644 et
1961 1612 2101 1656 specie-

232 1690 310 1710 rum
341 1678 460 1719 latam,
490 1678 675 1712 liberalem
708 1686 742 1712 et
774 1679 978 1712 habundant
1006 1679 1150 1712 nunciis
1182 1680 1298 1724 ipsius
1327 1679 1463 1712 domini
1494 1678 1699 1711 cancellarii
1730 1678 2098 1719 administracionem,

231 1744 332 1789 ipsos
359 1745 496 1778 domini
523 1746 730 1779 cancellarii
764 1747 917 1779 nuncios
949 1746 1090 1778 trahere
1117 1746 1309 1779 consuevit
1336 1746 1379 1778 ad
1410 1752 1560 1790 partem,
1590 1752 1624 1778 et
1654 1757 1718 1790 per
1746 1757 1809 1777 eos
1843 1746 1878 1777 in
1907 1757 1975 1778 una
2006 1745 2099 1777 bona

231 1810 340 1844 bursa
364 1818 397 1844 et
426 1812 578 1845 honesta
598 1813 655 1845 vel
683 1813 719 1845 in
740 1813 862 1857 aliquo
884 1813 953 1846 alio
975 1819 1078 1858 grato
1095 1813 1205 1857 jocali
1228 1813 1369 1845 mittere
1393 1813 1581 1845 consuevit
1609 1812 1825 1844 cancellario
1848 1812 1971 1844 decem
1995 1813 2099 1844 dena-

232 1878 305 1910 rios
326 1890 456 1911 aureos
477 1879 520 1911 ad
542 1879 662 1912 minus
684 1879 816 1912 valoris
844 1880 967 1912 decem
998 1881 1217 1920 francorum,
1245 1879 1302 1912 vel
1333 1879 1470 1924 plures5
1499 1886 1547 1911 tot
1577 1886 1665 1923 quot
1688 1879 1757 1923 ipsi
1788 1878 1964 1911 bacalario
1992 1879 2098 1911 licen-

230 1945 358 1977 ciando
398 1945 527 1989 placet,
558 1952 592 1978 et
622 1946 692 1979 sibi
726 1947 827 1990 juxta
868 1959 967 1979 suam
1005 1947 1114 1979 animi
1143 1946 1410 1986 liberalitatem,
1443 1946 1654 1978 diviciarum
1689 1945 1888 1990 potenciam
1920 1952 1952 1977 et
1984 1952 2097 1978 status

231 2011 453 2055 exigenciam
476 2012 647 2056 expedire
668 2013 824 2046 videtur.

317 2090 377 2110 xv.
405 2079 491 2111 Item
515 2079 611 2123 quod
634 2079 718 2112 dare
742 2080 933 2112 consuevit
956 2080 1209 2124 unusquisque
1238 2070 1359 2112 talium
1381 2079 1690 2112 licenciandorum
1720 2085 1801 2123 post
1822 2078 1955 2122 signcti
1975 2078 2096 2122 hujus-

230 2144 326 2177 modi
357 2145 607 2190 recepcionem
636 2146 770 2178 familie
794 2146 999 2179 cancellarii
1030 2159 1153 2184 unum,
1175 2147 1281 2187 duos,
1306 2153 1379 2179 tres
1400 2146 1457 2179 vel
1484 2153 1638 2191 quatuor
1660 2146 1834 2183 ssoreuos,
1856 2152 1912 2177 aut
1937 2151 1982 2177 tot
2010 2152 2095 2189 quot

228 2211 298 2244 sibi
320 2211 448 2256 placet,
472 2224 536 2256 pro
557 2213 670 2256 gratis
691 2213 796 2245 novis
819 2219 853 2245 et
874 2212 1061 2245 laboribus
1084 2213 1298 2245 eorundem.

317 2279 361 2311 Et
379 2279 510 2312 artiste
529 2279 697 2312 similiter
726 2291 789 2324 pro
821 2279 982 2324 qualibet
1014 2279 1205 2312 audicione
1236 2291 1389 2320 camere,
1421 2292 1500 2311 cum
1530 2279 1574 2311 dc
1603 2278 1799 2311 obtinenda
1831 2278 1980 2310 licencia
2012 2285 2094 2310 sunt

227 2345 359 2385 securi,
382 2345 466 2378 dare
488 2353 759 2379 consueverunt
786 2346 918 2378 familie
940 2346 1146 2378 cancellarii
1175 2358 1239 2390 pro
1267 2358 1391 2378 eorum
1416 2345 1616 2386 laboribus,
1639 2357 1730 2390 quos
1758 2357 1822 2389 pro
1847 2345 1937 2389 ipsis
1960 2344 2095 2377 substi—

227 2419 385 2444 nuerunt
413 2419 447 2445 et
477 2413 655 2448 serviciis,
684 2425 752 2457 que
784 2413 874 2457 ipsis
907 2420 1068 2457 tempore
1097 2425 1167 2457 quo
1196 2413 1343 2445 suerunt
1371 2413 1407 2445 in
1435 2424 1574 2445 camera
1603 2412 1870 2456 impenderunt,
1900 2411 2093 2455 aliquando

227 2478 322 2523 plus⁷
345 2478 539 2523 aliquando
561 2480 680 2512 minus
702 2479 745 2512 de
768 2480 955 2524 peccuniis
978 2492 1042 2524 pro
1064 2480 1226 2524 ipsorum
1248 2479 1477 2524 beneplacito
1498 2479 1707 2512 voluntatis.

313 2548 387 2588 xvj.
413 2547 500 2578 Item
528 2546 624 2590 quod
652 2546 784 2590 aliqui²³
811 2546 1081 2587 cancellarium,
1110 2546 1169 2578 alii
1197 2545 1365 2578 familiam
1396 2547 1487 2590 ejus,
1515 2546 1574 2578 alii
1606 2553 1673 2578 tam
1702 2545 1954 2578 cancellarium
1987 2557 2089 2589 quam

225 2612 393 2645 familiam
415 2614 494 2657 ejus
515 2619 575 2645 aut
594 2613 736 2658 aliquos
758 2613 801 2645 dc
827 2613 960 2645 familia
981 2612 1231 2653 notabiliores7
1257 2612 1422 2653 induere,
1446 2612 1481 2644 id
1503 2619 1556 2644 est
1584 2624 1723 2657 pannos
1745 2619 1779 2644 ct
1805 2623 1940 2656 pennas
1964 2612 2005 2643 ad
2029 2623 2091 2642 cos

225 2679 448 2711 induendum
471 2679 524 2712 eis
546 2680 687 2712 mittere
709 2686 992 2720 consueverunt7
1019 2679 1132 2712 libera
1157 2686 1189 2711 et
1218 2686 1415 2724 spontanea
1438 2679 1633 2719 voluntate,
1662 2679 1771 2711 ceiam
1802 2684 1881 2722 post
1905 2678 2087 2709 licenciam

226 2757 289 2789 per
309 2745 564 2778 cancellarium
586 2746 639 2778 eis
660 2746 774 2779 datam
798 2753 830 2778 et
853 2746 970 2778 locum
992 2746 1229 2790 assignatum.

312 2814 398 2854 xvij.
424 2813 512 2845 Item
535 2812 632 2856 quod
660 2812 725 2845 hec
752 2813 870 2845 onmia
893 2813 1162 2857 pcccuniarum⁷
1190 2812 1367 2844 donorum
1391 2819 1425 2844 et
1445 2812 1615 2856 jocalium
1639 2811 1810 2844 daciones
1840 2817 1870 2842 et
1904 2809 2088 2842 transmis-

225 2879 347 2911 siones
369 2879 444 2911 dari
466 2885 501 2911 et
521 2879 734 2911 transmitti⁹
757 2879 826 2924 ipsi
853 2879 1068 2911 cancellario
1093 2886 1125 2911 et
1152 2879 1285 2911 familie
1307 2890 1371 2911 sue
1400 2890 1463 2922 per
1484 2878 1743 2917 licenciandos7
1767 2876 1964 2909 bacalarios
1988 2882 2086 2907 ante—
