2488 3386
465 347 527 380 138
1041 351 1358 375 CHARTULARIUM
1394 349 1583 371 uuivssns.
1622 348 1749 370 enus.
2226 331 2325 368 [1365

467 481 606 517 1312.
635 489 765 515 Urbanus
795 490 818 515 V
836 488 875 514 ad
900 487 1030 513 Car-olam
1056 488 1082 520 V,
1109 494 1201 520 regem
1226 486 1406 518 Francorum,
1437 483 1527 509 eidem
1554 482 1757 516 benignitatem
1780 489 1848 515 erga
1876 479 2092 506 Universitatem
2116 478 2223 512 Paris.‚
2250 486 2325 513 quae

548 542 646 574 partes
661 536 846 573 quorumdam
859 536 1033 562 scholarium
1049 535 1267 569 malefactorum
1283 537 1310 559 et
1325 536 1473 568 captorum
1489 531 1613 564 tenebat,
1632 529 1864 556 commendando.

1606 620 1681 649 1365,
1697 618 1841 645 Novembris
1857 619 1894 648 12,
1910 618 2039 644 disertione.

549 715 746 749 Carissimo
767 715 803 747 in
825 713 970 747 Christo
991 712 1065 745 filio
1087 711 1231 752 Carolo,
1254 710 1331 755 regi
1354 709 1502 742 Francie
1526 707 1674 749 illustri,
1695 707 1862 748 salutem,
1885 711 1949 740 etc.
1969 705 2079 739 Solita
2100 704 2323 750 benignitate

460 783 582 815 literas
604 781 737 827 regalis
760 779 979 813 excellencie
1000 790 1117 823 nuper
1133 777 1337 822 recepimus
1358 781 1601 819 contentaque
1618 774 1653 807 in
1676 774 1729 807 eis
1752 773 1796 806 de
1813 772 2046 806 tribulatione
2068 770 2323 805 Universitatis

459 849 570 882 studii
591 848 785 881 Parisiens.
807 846 998 880 occasione
1018 844 1195 890 captionis
1219 843 1445 888 quorundam
1467 841 1737 874 malefactorum
1764 851 1829 885 per
1854 839 1990 885 regiam
2013 838 2147 871 curiam
2176 839 2267 871 facte
2287 837 2324 870 in

458 914 693 960 pertinenciis
710 926 774 947 seu
795 912 977 946 territorio
996 911 1115 945 Sancti
1131 910 1268 943 Thome
1285 910 1329 942 de
1346 910 1487 954 Lupera
1507 920 1620 953 prope
1636 919 1760 940 muros
1776 906 1991 940 Parisiens.¹
2010 905 2233 951 perlegimus
2250 904 2324 938 dis-

459 981 646 1027 plicenter.
665 981 781 1025 Super
797 979 929 1024 quibus
945 978 1064 1011 habita
1085 976 1348 1010 deliberatione
1370 981 1518 1016 matura,
1537 974 1826 1015 considerantes,
1844 973 1896 1006 fili
1917 972 2117 1013 carissime,
2135 971 2234 1017 quod
2250 977 2324 1004 tur-

458 1047 537 1081 bata
558 1047 749 1080 multitudo
778 1046 1003 1079 diversarum
1029 1044 1202 1090 precipue
1232 1042 1417 1076 nationum
1445 1041 1576 1075 melius
1604 1040 1884 1083 mansuetudine
1908 1039 2065 1080 ducitur,
2087 1050 2193 1084 quam
2224 1049 2324 1083 aspe-

458 1114 560 1147 ritate
587 1113 762 1154 vincatur,
795 1118 829 1145 et
863 1111 962 1156 quod
991 1111 1043 1144 tui
1077 1110 1332 1155 progenitores
1360 1108 1489 1150 incliti,
1525 1119 1680 1153 quorum
1709 1107 1883 1141 virtutum
1914 1105 2107 1151 grandium
2137 1104 2323 1150 gloriosus

458 1180 633 1213 emulator
653 1179 793 1220 existis,
814 1179 851 1211 in
868 1177 1050 1211 similibus
1067 1176 1336 1210 turbationibus
1353 1181 1595 1209 exercuerunt
1610 1173 1853 1215 clementiam,
1870 1185 1944 1206 non
1960 1173 2133 1218 rigorem,
2152 1171 2324 1216 quodque

457 1259 499 1279 ex
520 1245 762 1280 Universitate
783 1245 860 1290 ipsa
883 1244 919 1277 in
941 1250 1015 1277 toto
1037 1243 1125 1276 orbe
1146 1243 1282 1276 famosa
1303 1254 1376 1275 non
1397 1242 1515 1275 solum
1538 1248 1599 1275 tuo
1621 1252 1751 1286 regno,
1773 1240 1839 1274 sed
1861 1238 2059 1273 universali
2081 1237 2236 1271 ecclesie
2254 1237 2323 1271 viri

455 1313 704 1359 producuntur
720 1311 922 1345 eminentes
943 1310 1106 1351 scientia,
1122 1309 1193 1343 vita
1213 1309 1367 1354 preclari
1384 1315 1420 1342 et
1435 1307 1600 1341 moribus
1616 1307 1794 1348 adornati,
1811 1313 1847 1340 et
1862 1306 1960 1352 quod
1981 1317 2024 1339 ex
2044 1305 2161 1351 ipsius
2182 1304 2324 1350 disper-

454 1380 570 1420 sione,
598 1378 695 1424 quod
724 1377 831 1419 absit,
852 1376 1024 1422 generale
1054 1375 1327 1418 christianitatis
1354 1375 1458 1408 fieret
1483 1374 1756 1415 detrimentum,
1782 1373 1954 1418 quodque
1983 1371 2158 1417 temporis
2184 1370 2323 1404 malicia

455 1446 583 1480 edocet
601 1457 607 1478 z
630 1452 669 1478 ut
690 1445 807 1478 noxiis
828 1443 1050 1478 novitatibus
1070 1443 1189 1476 aditus
1211 1442 1456 1488 precludatur,
1479 1441 1776 1475 commissionem
1797 1451 1905 1473 cause
1929 1451 1994 1485 per
2010 1445 2045 1472 te
2061 1438 2228 1484 petitam¹
2250 1448 2323 1470 non

456 1512 624 1545 duximus
645 1510 929 1552 concedendam,
956 1509 1168 1543 extimantes
1196 1509 1294 1554 quod
1322 1509 1391 1542 erit
1414 1508 1637 1541 fructuozior
1662 1507 1719 1541 via
1745 1507 1857 1552 pacis,
1886 1506 1930 1539 ad
1958 1517 2062 1551 quam
2089 1504 2321 1538 clemenciam

455 1579 591 1624 regiam
618 1585 765 1623 paterne
789 1577 997 1610 inducimus
1027 1583 1062 1609 et
1088 1576 1285 1609 hortamur.
1318 1577 1362 1608 Et
1389 1586 1500 1620 super
1525 1574 1585 1607 tali
1611 1574 1667 1608 via
1698 1572 1933 1607 Universitati
1954 1572 2091 1618 prefate
2115 1583 2154 1604 ac
2175 1582 2256 1605 ven.
2278 1570 2321 1604 fr.

455 1652 580 1679 nostro
604 1671 624 1677 ..
648 1644 820 1689 episcopo
850 1643 1060 1684 Parisiens„
1083 1649 1122 1676 ut
1141 1642 1352 1687 hujusmodi
1378 1642 1426 1675 sit
1449 1641 1646 1674 concordie
1674 1640 1865 1682 mediator,
1898 1638 2094 1673 scribimus
2120 1637 2322 1671 secundum

455 1719 604 1745 tenores
625 1722 717 1756 quos
733 1709 895 1743 inclusos
911 1709 1144 1755 presentibus
1161 1709 1398 1742 destinamus.
1417 1709 1496 1741 Dat.
1514 1708 1695 1741 Avinione
1712 1707 1734 1752 ij
1753 1707 1802 1740 id.
1821 1705 2052 1747 Novembris,
2069 1716 2163 1738 anno
2180 1710 2320 1750 quarto.

549 1809 611 1840 Reg.
630 1809 686 1832 Vnt.
704 1809 802 1831 Sem-et.
820 1807 921 1831 Urbani
939 1808 968 1837 V,
986 1812 1015 1830 n⁰
1032 1808 1087 1836 2118,
1107 1807 1151 1830 fol.
1170 1809 1192 1830 5.
1210 1821 1241 1825 —
1260 1806 1326 1830 Ibid.
1345 1809 1430 1830 exstat
1446 1806 1559 1838 epistola
1574 1806 1624 1829 sub
1639 1805 1730 1829 eudem
1747 1805 1875 1836 temporis
1894 1807 1955 1828 nota
1973 1804 2006 1827 ad
2024 1813 2036 1827 «
2058 1803 2221 1835 Stephanum
2241 1801 2322 1834 episc.

455 1853 540 1877 Puris.
559 1862 581 1882 »,
596 1853 622 1876 in
638 1861 689 1884 qua
704 1860 763 1876 eum
780 1852 910 1882 hortatur,
933 1860 944 1874 (ι
961 1855 1088 1883 quatenus
1106 1860 1154 1883 pro
1171 1851 1231 1883 ipsu
1249 1851 1389 1875 concordia
1409 1859 1439 1874 ex
1455 1854 1531 1882 purte
1555 1854 1646 1874 nostru
1669 1850 1822 1881 interponas
1840 1849 1942 1873 solicite
1961 1852 2051 1880 partes
2067 1851 2136 1877 tuas,
2154 1847 2231 1871 nobis
2249 1845 2322 1878 quic-

456 1897 519 1929 quid
536 1897 596 1921 inde
612 1897 703 1921 seceris
719 1900 744 1921 et
760 1896 783 1920 si
798 1896 870 1919 aliud
883 1896 1027 1920 remedium
1041 1904 1089 1927 per
1103 1904 1150 1919 nos
1166 1895 1345 1919 adhibendum
1358 1895 1438 1919 fuerit
1454 1895 1634 1927 rescripturus
1649 1904 1669 1917 υ.
1691 1903 1702 1917 (ι
1721 1894 1891 1918 Turbatione.
1913 1902 1923 1916 »

550 1981 572 2004 1.
589 1980 684 2012 Utique
701 1980 789 2012 agitur
806 1980 847 2003 hic
860 1981 891 2004 de
902 1980 960 2004 istis
976 1980 1140 2003 scholaribus
1154 1980 1379 2009 malefactoribus,
1395 1980 1426 2003 de
1442 1979 1538 2011 quibus
1556 1987 1639 2010 supra
1654 1983 1683 2002 n⁰
1698 1978 1766 2002 1311.
1785 1993 1816 1996 —
1831 1979 1853 2002 2.
1867 1978 1914 2001 Ms.
1931 1986 1935 2000 ι
1950 1982 1967 2000 «'
1976 1977 2088 2009 petitum
2103 1985 2124 2000 »-

467 2183 523 2219 13
533 2182 606 2219 13.
635 2191 764 2217 Urbanus
785 2192 809 2217 V
819 2191 858 2217 ad
879 2191 1094 2218 Universitatem
1108 2192 1203 2219 Paris.
1221 2191 1256 2218 de
1271 2191 1368 2218 eodem
1385 2194 1560 2225 argumento.

1607 2274 1678 2304 1365,
1694 2272 1839 2300 Novembris
1855 2273 1892 2302 12.
1908 2272 2038 2298 tronione.

554 2357 704 2391 Dilectis
729 2357 814 2390 filiis
836 2358 1069 2392 Universitati
1091 2358 1202 2391 studii
1223 2360 1455 2401 parisiensis,
1478 2359 1644 2399 salutem,
1666 2363 1730 2392 etc.
1754 2357 1854 2390 Sicut
1875 2356 1913 2389 in
1933 2361 2054 2389 vestre
2075 2353 2209 2400 quietis
2230 2359 2326 2386 tran-

465 2423 640 2468 quillitate
668 2423 889 2468 quiescimus
919 2431 954 2457 et
982 2424 1146 2466 letamur,
1187 2425 1239 2458 sic
1268 2438 1311 2458 ex
1337 2433 1542 2460 vestrorum
1573 2425 1774 2458 animorum
1804 2422 2038 2462 alteracione,
2076 2432 2158 2454 cum
2187 2418 2326 2465 absque

465 2489 609 2522 illorum
631 2490 751 2534 quiete
777 2490 965 2535 nequeatis
986 2491 1138 2535 adipisci
1159 2492 1316 2525 sciencie
1339 2492 1581 2537 margaritam,
1604 2503 1677 2524 non
1697 2490 1848 2535 indigne
1868 2488 2000 2522 turbati
2025 2486 2178 2520 molesta
2202 2484 2325 2519 solici-

466 2555 590 2589 tudine
611 2556 796 2588 reddimur
821 2557 984 2601 inquieti.
1016 2557 1190 2590 Dolenter
1216 2558 1396 2603 siquidem
1418 2570 1535 2603 nuper
1560 2557 1764 2591 audivimus
1789 2555 2031 2589 turbationem
2053 2552 2231 2599 quandam
2251 2563 2327 2585 non

465 2622 580 2655 levem
597 2622 691 2655 inter
710 2634 775 2655 vos
795 2629 830 2655 et
849 2623 984 2668 regiam
1005 2623 1139 2656 curiam
1161 2625 1352 2657 occasione
1372 2625 1550 2670 captionis
1571 2623 1796 2669 quorundam
1820 2621 2089 2655 malefactorum
2105 2631 2171 2665 per
2189 2618 2325 2652 curiam

465 2688 578 2733 ipsam
598 2688 689 2721 facte
710 2688 746 2721 in
767 2689 1002 2733 pertinenciis
1023 2700 1088 2721 seu
1109 2690 1292 2724 territorio
1314 2691 1433 2724 Sancti
1455 2691 1592 2724 Thome
1619 2690 1662 2723 de
1684 2691 1825 2734 Lupera
1846 2699 1960 2734 prope
1981 2698 2106 2720 muros
2126 2685 2324 2719 Parisiens.

465 2755 543 2787 fore
569 2753 766 2795 subortam,
793 2754 838 2787 ob
867 2767 971 2799 quam
1000 2761 1161 2788 vestrum
1190 2757 1349 2789 studium
1378 2764 1433 2790 est
1461 2758 1703 2802 interruptum
1735 2767 1808 2788 non
1836 2754 2032 2795 modicum,
2054 2759 2090 2786 et
2109 2750 2326 2797 interrumpi

466 2820 633 2865 amplius,
656 2820 725 2853 nisi
746 2820 916 2853 festinum
937 2820 1151 2854 adhibeatur
1171 2823 1385 2865 remedium,
1408 2824 1633 2856 formidatur.
1652 2824 1726 2855 Nos
1743 2822 1855 2867 igitur
1875 2820 2064 2866 cupientes
2081 2818 2179 2864 quod
2198 2818 2325 2863 hujus-

465 2886 562 2919 modi
588 2886 780 2931 negocium
811 2898 875 2932 per
904 2887 996 2920 viam
1024 2887 1261 2929 amicabilem,
1292 2902 1359 2934 qua
1390 2902 1454 2935 pro
1480 2889 1585 2923 vobis
1617 2901 1689 2922 non
1723 2893 1844 2934 potest
1873 2899 1956 2920 esse
1986 2885 2122 2927 utilior,
2158 2883 2327 2918 celeriter

586 2944 624 2968 18.
