2488 3386
441 353 506 386 238
1015 362 1334 384 CHARTULARIUM
1371 362 1559 384 culveris.
1597 361 1726 383 PARIS.
2208 346 2307 383 [1379

445 514 586 551 1423.
613 523 737 548 Clemens
754 523 805 548 Vl!
817 522 946 548 concedit
962 523 1043 548 Yvoni
1058 522 1093 548 de
1108 522 1283 556 Lamaderii,
1302 522 1367 548 Ord.
1384 524 1453 556 frat.
1474 522 1497 548 b.
1517 522 1610 547 Marie
1625 521 1660 547 de
1676 522 1770 547 Monte
1789 521 1919 555 Carmeli,
1934 525 1964 547 ut
1986 522 2014 547 in
2027 521 2169 557 proximis
2193 521 2307 547 duabus

530 571 692 598 aestatibus
708 571 871 597 immediate
886 571 1071 606 sequentibus
1090 571 1118 596 in
1139 570 1253 597 civitate
1272 572 1367 597 Paris.
1392 571 1420 597 in
1440 571 1499 597 loco
1519 570 1585 597 ΟΝΙ,
1605 570 1629 596 ὸ.
1648 571 1763 596 Mariae
1781 570 1816 596 de
1832 572 1926 596 Monte
1945 570 2068 596 Carmeli
2083 570 2192 605 absque
2205 571 2306 606 preju-

531 621 605 646 dicio
618 621 818 655 cujuscumque
831 619 919 645 libros
934 619 1142 646 Sententiarum
1159 623 1296 655 tanquam
1314 619 1502 645 baccalareus
1518 619 1547 645 in
1564 619 1708 653 theologia
1725 618 1818 653 legere
1834 623 1861 645 et
1876 628 1971 645 omnes
1987 618 2176 644 scholasticos
2192 622 2218 644 et
2232 618 2307 645 alios

531 674 612 695 actus
628 677 758 695 exercere
777 665 864 694 libere
885 677 919 694 ac
935 668 1012 694 licite
1033 668 1134 701 valeat,
1153 668 1327 694 cancellario
1345 669 1438 694 Paris.
1457 668 1599 693 mandans
1616 671 1647 693 ut
1662 668 1754 703 ipsum
1770 667 1810 693 ad
1829 667 1968 694 lecturam
1988 667 2134 694 admittat.
2157 668 2221 694 Dat.
2243 668 2305 693 Avi-

531 719 618 745 nione
633 719 651 751 ij
666 725 735 743 non.
754 717 938 751 Septembris.
955 725 1033 743 anno
1046 717 1150 750 primo.
1171 728 1183 741 α
1198 718 1255 743 Illis
1270 718 1393 744 libenter
1409 728 1433 743 ψ).

1584 777 1659 805 1379,
1676 775 1836 808 Septembris
1849 775 1874 805 4,
1891 776 2021 802 Arem'one.

534 874 596 903 Reg.
611 873 667 896 vat.
687 874 765 895 Aven.
783 873 908 895 Clement,
922 873 975 901 VH,
993 872 1043 895 vol,
1061 873 1102 901 XI,
1120 873 1164 895 sol.
1183 872 1234 895 127.
1256 886 1282 889 —
1303 873 1348 895 An.
1373 873 1442 900 1382,
1462 873 1533 895 Junii
1551 873 1565 895 lt
1588 872 1614 904 (ij
1633 881 1693 896 non.
1709 873 1769 895 Jun.
1786 881 1828 896 an.
1847 874 1893 902 tv),
1908 873 1962 896 Yvo
1984 873 2015 896 de
2037 881 2047 895 «
2062 872 2201 896 Lumedcm
2219 881 2229 894 η
2250 873 2304 903 jum

441 917 609 940 baccalareus
626 918 752 939 formatus
771 917 826 944 snit,
845 925 855 939 «
871 925 899 939 ae
915 916 1098 947 responsiones
1115 916 1146 939 dc
1164 916 1307 945 ordinaria,
1328 924 1498 947 vesperarum
1516 920 1541 939 et
1556 917 1616 939 aula
1637 917 1786 948 complevit,
1804 920 1828 940 et
1852 917 1886 940 ad
1908 917 2056 940 faciendum
2075 917 2260 948 responsiones
2279 917 2305 939 in

441 961 517 984 domo
533 961 674 984 scolarium
690 961 721 983 de
737 961 854 983 Sex-hona
870 960 952 983 Paris.
970 960 995 982 in
1014 964 1095 984 estate
1115 960 1264 983 immediate
1284 960 1402 991 sequenti
1419 961 1559 992 deputatus
1577 969 1597 984 ι).
1616 961 1642 983 Si
1658 969 1705 992 por
1721 961 1871 984 cancellarii
1887 964 1911 984 et
1926 961 2019 984 saltem
2036 965 2149 992 quatuor
2164 961 2304 993 magistru-

440 1013 497 1028 rum
514 1005 593 1028 theol.
607 1005 824 1028 examinationem
841 1004 969 1027 sufficiens
994 1008 1113 1035 repertus
1135 1005 1255 1033 extiterit,
1275 1013 1286 1028 (t
1300 1005 1404 1035 legendi
1419 1008 1444 1027 et
1461 1005 1567 1036 regendi
1583 1005 1680 1036 ubique
1700 1005 1859 1028 licentiam»
1876 1005 1936 1028 hinc
1957 1005 1990 1028 ud
2013 1007 2109 1029 festum
2125 1005 2232 1029 Nativit.
2250 1014 2306 1037 seq.

439 1049 612 1072 cancellarius
630 1049 653 1072 ei
668 1049 807 1079 largiatur.
825 1057 836 1071 (t
850 1048 903 1071 Viri
920 1057 993 1071 sacre
1007 1057 1018 1071 »
1036 1050 1107 1080 (Reg.
1125 1050 1181 1072 Vnt.
1196 1050 1275 1072 Aven.
1291 1049 1372 1072 Clem.
1387 1050 1440 1073 VH.
1455 1050 1506 1072 vol.
1524 1049 1597 1078 XXV,
1617 1050 1661 1072 fol.
1678 1050 1742 1079 267).
1761 1050 1879 1073 Profecto
1898 1050 1923 1072 iu
1941 1050 2031 1074 Catal.
2047 1050 2141 1074 licent.
2156 1050 2234 1080 (Bibl.
2251 1053 2306 1074 nat.

440 1093 523 1117 Paris.
541 1102 603 1116 mss.
618 1093 663 1116 lat.
679 1094 765 1121 5657¹¹‚
784 1092 949 1122 12850)inte1·
964 1093 1050 1116 licent.
1072 1101 1114 1116 an.
1137 1093 1197 1116 1382
1218 1095 1239 1122 («
1258 1094 1311 1116 Yvo
1332 1094 1434 1116 Mcdent
1454 1096 1475 1123 »)
1492 1097 1688 1118 annumeratur.
1708 1095 1780 1116 Anno
1798 1094 1867 1123 1385,
1882 1094 2008 1118 Novemb.
2024 1094 2063 1121 2²6,
2082 1102 2097 1117 a
2113 1094 2246 1118 Clemente
2260 1095 2304 1118 Vll

440 1137 571 1160 licentiam
585 1137 697 1160 obtinuit
713 1137 813 1160 «certis
830 1145 859 1159 ex
874 1137 960 1160 causis
977 1137 1007 1160 de
1022 1137 1084 1160 ord.
1100 1139 1158 1160 frat.
1175 1138 1201 1161 h.
1220 1138 1300 1161 Marie
1316 1138 1346 1161 de
1363 1139 1446 1161 Monte
1463 1138 1576 1161 Carmeli
1592 1137 1625 1160 ad
1638 1137 1702 1161 Ord.
1717 1138 1743 1161 S.
1760 1138 1892 1161 Benedicti
1909 1146 1936 1161 se
1949 1138 2125 1162 transferendi
2140 1147 2149 1161 ι
2165 1139 2305 1170 (Reg.Vut.

439 1182 522 1205 Clem.
535 1182 588 1208 Vll,
605 1186 632 1203 n⁰
648 1182 701 1210 297,
717 1181 760 1204 fol.
777 1181 843 1210 40¹¹).
855 1181 912 1204 Vid.
928 1181 959 1204 de
974 1189 1003 1204 eo
1019 1181 1087 1204 infra
1104 1182 1205 1212 pluries
1222 1182 1254 1205 ηῐΒ
1270 1182 1327 1205 1511
1345 1185 1370 1205 et
1385 1183 1454 1205 1513.

443 1401 584 1438 1424.
607 1411 784 1437 Deliberatio
800 1415 858 1437 nat.
875 1411 1003 1443 Picard.y
1022 1418 1056 1436 ne
1070 1411 1246 1446 procedatur
1260 1420 1278 1436 a
1294 1414 1402 1437 rectore
1418 1411 1457 1437 ad
1472 1411 1679 1446 sigillationem
1695 1411 1782 1437 rotuli
1801 1411 2000 1437 Universitatis
2016 1411 2056 1437 ad
2069 1411 2236 1438 Clementem
2259 1413 2310 1438 Vll

528 1460 658 1486 mittendi
673 1469 819 1495 quousque
835 1464 921 1496 caput
936 1464 963 1486 et
978 1460 1095 1485 articuli
1110 1469 1269 1486 communes
1285 1460 1351 1486 lecti
1363 1461 1479 1494 suerint.

1596 1524 1673 1552 1379,
1690 1523 1848 1555 septembris
1865 1524 1885 1552 7,
1902 1523 2016 1549 Parisiis.

530 1623 634 1656 Anno
660 1623 804 1655 Domini
826 1624 922 1663 1379,
946 1623 1083 1656 mensis
1106 1623 1329 1668 Septembris
1352 1624 1410 1657 die
1432 1625 1464 1666 7,
1487 1624 1632 1657 natione
1658 1624 1891 1657 Picardorum
1909 1624 2126 1657 sollenniter
2153 1636 2307 1670 congre-

440 1695 520 1732 gata
541 1689 577 1721 in
603 1689 636 1722 S.
661 1689 804 1722 Juliano
832 1690 993 1734 Paupere
1021 1689 1181 1722 Pal-isius
1203 1689 1290 1722 hora
1318 1690 1513 1735 primarum
1540 1692 1648 1724 Beate
1675 1691 1787 1723 Marie
1814 1702 1924 1736 super
1945 1690 2129 1736 aliquibus
2156 1697 2306 1736 tangen-

442 1755 538 1788 tibus
568 1755 744 1788 honorem
772 1756 927 1788 nalionis
957 1762 991 1788 et
1020 1768 1132 1800 super
1161 1756 1344 1801 aliquibus
1371 1757 1675 1802 requisitionibus
1705 1758 1810 1790 factis
1841 1758 1944 1790 matri
1975 1769 2053 1790 mee
2079 1758 2216 1791 nationi
2244 1770 2308 1803 per

443 1821 687 1854 venerabilem
718 1821 833 1855 virum
859 1822 1070 1866 magistrum
1099 1822 1299 1856 Arnoldum
1329 1823 1373 1856 de
1400 1823 1593 1865 Emelisse,
1624 1824 1729 1857 etiam
1755 1824 1882 1869 petivit
1909 1831 2123 1869 procurator
2150 1824 2308 1858 nationis

444 1888 604 1933 predicte
628 1887 835 1927 consilium,
863 1900 906 1920 an
931 1895 1079 1921 vocatus
1107 1900 1171 1933 per
1192 1896 1368 1922 rectorem
1395 1901 1459 1935 pro
1482 1890 1706 1935 sigillatione
1734 1890 1843 1924 rotuli
1870 1891 2127 1925 Universitatis
2157 1890 2309 1925 deberet

443 1954 568 1987 cistam
587 1954 841 1987 Universitatis
861 1966 942 1987 cum
963 1954 1061 1987 clave
1087 1955 1291 1999 pertinente
1316 1956 1360 1989 ad
1382 1956 1580 2001 predictam
1602 1957 1785 1990 nationem
1806 1957 1962 2002 aperire,
1985 1964 2019 1991 et
2039 1969 2084 1990 an
2105 1958 2184 2003 ejus
2209 1969 2308 2003 aper·
2344 1996 2346 1999 7

444 2020 534 2052 tioni
554 2020 761 2053 consentire
783 2027 949 2065 tanquam
971 2028 1183 2065 procurator
1204 2028 1239 2054 et
1256 2029 1515 2067 representans
1537 2023 1720 2056 nationem
1739 2024 1974 2057 Picardorum
1992 2024 2204 2070 predictam.
2227 2023 2310 2057 Fuit

444 2086 683 2119 deliberatum
711 2087 940 2119 concorditer
961 2099 1071 2132 super
1093 2089 1124 2120 1⁰
1145 2088 1296 2122 articulo
1316 2089 1390 2134 (qui
1416 2089 1496 2131 fuit,
1518 2090 1616 2134 quod
1636 2102 1716 2124 cum
1739 2090 1850 2135 aliqui
1871 2090 2133 2124 intellexerunt
2152 2090 2251 2136 quod
2270 2090 2308 2124 in

445 2153 559 2197 capite
583 2152 691 2186 rotuli
712 2153 963 2187 Universitatis
987 2154 1099 2187 Paris.
1128 2155 1294 2188 mittendi
1314 2155 1358 2188 ad
1380 2156 1566 2189 dominum
1587 2157 1814 2190 Clementem
1835 2169 2008 2203 expresse
2029 2164 2188 2199 cavetur,
2210 2157 2309 2203 quod

446 2219 587 2252 rotulus
615 2218 677 2251 ille
702 2219 769 2252 fuit
792 2226 827 2252 et
854 2226 909 2252 est
937 2220 1133 2253 conclusus
1162 2233 1226 2266 per
1258 2222 1477 2263 unanimem,
1511 2223 1729 2256 concordem
1759 2230 1794 2257 et
1822 2236 2050 2257 communem
2086 2235 2308 2258 consensum

448 2286 556 2318 totius
578 2285 831 2319 Universitatis
853 2286 1078 2331 singularum
1104 2287 1310 2321 facultatum
1328 2295 1363 2322 et
1382 2289 1600 2332 nationum¹,
1625 2290 1723 2335 quo'd
1744 2297 1863 2324 tamen
1890 2303 1964 2324 non
1984 2298 2041 2324 est
2064 2303 2203 2332 verum,
2226 2291 2309 2336 quia

448 2364 630 2397 nunquam
657 2352 726 2385 due
748 2353 925 2394 nationes,
948 2354 1088 2387 scilicet
1111 2355 1271 2399 predicta
1297 2356 1528 2389 Picardorum
1558 2364 1593 2390 et
1618 2358 1716 2391 natio
1739 2358 1955 2403 Anglicana,
1976 2364 2245 2392 consenserunt
2273 2357 2310 2390 in

446 2418 561 2463 ipsius
583 2418 692 2451 rotuli
713 2418 949 2452 conclusione
971 2432 1037 2453 nec
1056 2421 1231 2454 missione
1252 2421 1297 2454 ad
1318 2422 1452 2455 dictum
1472 2423 1568 2456 dom.
1587 2423 1825 2466 Clementem,
1846 2424 2000 2470 qualiter
2020 2424 2157 2458 vellent
2176 2424 2308 2458 talibus

446 2485 548 2517 factis
570 2491 604 2517 et
624 2485 738 2529 gestis
767 2485 803 2517 in
824 2486 961 2530 grande
990 2487 1229 2531 prejudicium
1252 2489 1409 2522 nationis
1437 2490 1600 2534 predicte
1627 2497 1662 2524 et
1677 2502 1874 2536 gravamen
1898 2492 2172 2536 suppositorum
2193 2491 2310 2537 ipsius

446 2550 617 2594 obviare),
636 2551 702 2584 fuit
722 2552 840 2596 quoad
861 2552 969 2584 istum
990 2553 1192 2595 articulum,
1215 2561 1254 2587 ut
1274 2555 1467 2600 prefertur,
1489 2557 1722 2590 concorditer
1743 2557 1995 2600 deliberatum,
2019 2558 2117 2603 quod
2137 2558 2308 2591 dominus

447 2623 565 2650 rector
586 2617 832 2662 requireretur
853 2630 895 2650 ex
921 2625 1019 2663 parte
1047 2620 1204 2653 nationis
1233 2633 1296 2666 per
1317 2629 1602 2666 procuratorem,
1625 2623 1722 2668 quod
1748 2624 1849 2657 nullo
1870 2624 1978 2657 modo
2006 2624 2223 2670 procederet
2242 2637 2308 2658 nec

447 2683 671 2728 permitteret
697 2684 794 2728 quod
825 2685 1040 2729 procedatur
1063 2686 1106 2718 ad
1135 2687 1243 2719 rotuli
1271 2688 1424 2732 predicti
1452 2689 1725 2734 sigillationem,
1752 2702 1944 2736 quousque
1972 2698 2079 2737 caput
2103 2698 2139 2724 et
2166 2691 2308 2725 articuli

446 2760 656 2782 communes
678 2750 794 2795 ipsius
819 2758 941 2783 essent
968 2751 1053 2784 lecti
1080 2752 1117 2785 in
1145 2753 1250 2798 plena
1274 2754 1516 2788 Universitate
1540 2756 1584 2788 ad
1609 2755 1677 2789 hoc
1699 2764 1920 2803 congregata
1943 2764 1978 2790 et
1997 2764 2133 2800 vocata,
2156 2758 2308 2791 maxime

446 2827 526 2848 cum
543 2815 610 2849 hoc
632 2816 679 2849 sit
700 2823 869 2850 statutum
889 2817 1158 2861 Universitatis,
1177 2811 1394 2864 quod'nulle
1416 2821 1551 2855 debent
1570 2822 1690 2856 littere
1715 2823 1839 2869 sigillo
1862 2824 2118 2858 Universitatis
2140 2824 2306 2870 sigillari,

448 2882 516 2914 nisi
534 2874 635 2927 prius
655 2882 746 2916 lecte
759 2884 904 2923 fuerint,
924 2890 962 2916 ut
973 2885 1164 2929 prefertur.
1181 2887 1290 2919 Etiam
1313 2888 1409 2932 quod
1422 2889 1549 2921 eodem
1569 2890 1676 2923 modo
1692 2891 1994 2935 requirere[n]tur
2010 2898 2129 2924 rector
2145 2898 2180 2924 et
2196 2891 2309 2936 depu-
