2488 3386
1040 336 1204 358 TABULA.
1986 330 2048 362 681

188 405 2052 421 ——-————-—-———————

189 450 246 474 1431
285 449 435 476 1378-1379
464 468 673 476 .........
704 455 813 478 Rutulus
828 454 1052 485 supplicationum
1068 455 1204 478 doctorum
1219 455 1245 478 in
1261 456 1372 479 decretis
1389 473 1756 480 ...............
1777 478 1781 482 .
1802 475 1961 482 .......
2008 458 2053 481 248

188 508 249 531 1432
344 522 374 526 -
466 525 673 533 .........
747 525 779 530 -
827 512 959 535 facultatis
973 512 1117 535 medicinae
1132 530 1962 540 .................................
2009 516 2053 537 250

189 565 250 588 1433
345 580 372 584 -
466 583 673 591 .........
751 583 776 587 -
828 570 961 593 facultatis
978 570 1073 593 artium
1077 587 1963 597 ...................................
2009 572 2052 595 251

192 623 250 646 1434
345 637 375 641 -
488 624 654 679 &Tubu-235
748 640 779 644 ——
826 627 943 658 plurium
959 627 1157 658 magistrorum,
1173 628 1318 656 doctorum,
1335 628 1471 656 licentiat..
1485 629 1585 652 baccal.
1599 632 1624 652 et
1637 629 1750 653 scholar.
1765 630 1887 653 Univers.
1907 649 1911 653 .
1932 649 1938 655 .
1958 647 1964 653 .
2009 635 2054 657 270

190 685 250 708 1435
345 700 375 704 —
466 663 676 742 Νὸἷθέἑέῗεῖξ-
748 703 779 707 -—
826 689 1020 712 licentiutorum
1035 692 1060 712 et
1075 689 1287 712 bacculareorum
1302 690 1327 712 in
1341 690 1399 721 jure
1414 698 1472 714 can.
1488 694 1512 713 et
1525 690 1574 714 civ.
1587 691 1757 715 Universitat.
1771 691 1913 714 Parisiens.
1932 709 1938 715 .
1958 709 1965 715 .
2010 696 2055 719 2714

190 747 251 770 1436
347 762 375 766 -
484 721 552 804 Ιδὲζί.)
564 726 609 785 23?
619 750 660 772 23-
750 765 779 769 —
828 751 1041 774 buccalareorum
1056 755 1081 774 et
1096 752 1257 775 scholarium
1270 752 1297 775 in
1312 755 1361 776 art.
1377 752 1457 775 studii
1473 752 1546 775 Paris
1551 770 1964 777 .................
2011 758 2056 780 279

191 809 250 832 1437
346 824 376 828 -
466 780 678 835 Νοῖεξὲῗὲὲῗεῖἳὸὃ-
750 827 778 831 -—
829 813 855 836 in
879 813 1037 844 theologiae,
1060 814 1204 837 medicinae
1228 817 1253 837 ct
1277 814 1373 837 artium
1399 814 1569 837 facultatibus
1594 815 1792 845 graduatorum.
1818 815 1967 846 Sequuntur

512 843 585 866 'Iunii
602 844 631 866 2⁰
737 858 884 881 haccalarei
899 858 925 881 in
939 858 1041 881 artibus
1061 858 1242 889 supplicantes
1247 876 1965 883 .............................
2012 864 2057 886 284

192 951 251 974 1438
328 951 394 978 1379
472 954 627 977 Novembris
644 954 671 977 17
707 956 827 979 Clemens
840 956 886 979 VII
901 956 934 978 ad
951 956 1139 978 cancellarium
1160 956 1254 985 Paris„
1278 959 1306 979 ut
1325 956 1424 979 ,Iacobo
1446 956 1624 986 Castellionis,
1646 956 1709 979 Ord.
1734 957 1820 979 Erem.
1843 957 1869 980 S.
1892 957 1967 987 Aug„

739 1000 921 1031 magisterium
935 1000 960 1023 in
974 1000 1053 1023 theol.
1068 1002 1185 1023 conserat
1188 1017 1967 1025 ...............................
2014 1006 2059 1028 286

192 1053 252 1076 1439
346 1068 377 1072 —
476 1056 626 1079 Decembris
644 1057 672 1079 16
708 1058 830 1081 Nicolaus
847 1058 878 1080 de
893 1058 1071 1081 Vaudemonte
1087 1058 1113 1080 in
1128 1061 1255 1080 rectorem
1272 1057 1379 1088 eligitur
1396 1075 1967 1082 ........................
2015 1063 2060 1085 286

192 1111 253 1133 1440
349 1127 376 1131 —
537 1128 562 1131 —
644 1115 672 1136 27
709 1116 828 1139 Clemens
842 1116 888 1138 VlI
900 1116 933 1138 ad
949 1115 1134 1138 cancellarium
1150 1115 1244 1144 Paris.‚
1258 1119 1286 1138 ut
1300 1115 1436 1146 permittat
1450 1115 1556 1138 Nicolao
1571 1115 1656 1144 Coste,
1675 1115 1738 1139 Ord.
1758 1116 1829 1144 Min.‚
1846 1116 1889 1147 qui
1906 1116 1970 1139 Sen-

740 1160 834 1183 tentias
850 1160 1037 1191 Cuntahrigiue
1052 1161 1138 1191 legere
1151 1160 1249 1190 debuit,
1263 1160 1323 1183 illus
1340 1160 1448 1183 Parisiis
1462 1160 1548 1191 legere
1553 1177 1969 1184 .................
2016 1165 2061 1187 286

192 1213 251 1236 1441
329 1215 395 1241 1380
470 1233 680 1239 .........
709 1218 874 1242 Universitas
889 1218 1046 1241 Purisiensis
1062 1218 1095 1240 ab
1111 1218 1209 1249 oppido
1225 1218 1255 1240 de
1274 1218 1379 1240 Hasselt
1391 1217 1522 1247 justitiam
1538 1217 1603 1248 petit
1618 1226 1665 1248 pro
1682 1218 1800 1240 Johannc
1815 1218 1846 1241 de
1861 1218 1969 1249 Breyne,

740 1262 855 1285 scholari
870 1262 964 1291 Paris.,
979 1262 1023 1293 qui
1038 1262 1064 1285 in
1078 1262 1227 1285 carceribus
1244 1262 1307 1285 dicti
1323 1262 1414 1293 oppidi
1429 1262 1525 1293 injuste
1538 1262 1657 1285 detentus
1673 1264 1755 1285 suerat
1760 1279 1971 1286 .........
2017 1267 2061 1289 287

193 1316 253 1339 1442
349 1331 379 1335 —
499 1318 620 1341 Jununrii
635 1319 648 1341 2
710 1321 828 1343 Clemens
842 1321 887 1343 Vll
903 1320 936 1343 ad
952 1320 1139 1342 cancellarium
1159 1319 1252 1348 Paris.‚
1277 1322 1306 1342 ut
1327 1319 1518 1342 Theodoricum
1543 1320 1574 1342 de
1598 1319 1782 1350 Montigniaco‚
1803 1319 1866 1343 Ord.
1887 1320 1973 1343 Erem.

742 1365 768 1388 S.
785 1366 862 1395 Augu,
880 1365 912 1387 ad
929 1365 1054 1395 legendas
1068 1364 1215 1387 Sententias
1229 1364 1351 1386 admittat
1355 1381 1971 1388 .........................
2018 1369 2063 1392 288

193 1418 254 1441 1443
354 1433 377 1437 ·-
549 1434 572 1437 -
637 1421 650 1443 8
710 1423 829 1446 Clemens
844 1423 890 1445 Vll
905 1421 1018 1445 Johanni
1039 1422 1070 1445 de
1095 1422 1180 1445 Cal-on
1204 1421 1330 1448 concedit.
1354 1425 1382 1444 ut
1403 1421 1428 1444 in
1449 1429 1603 1452 quocunque
1626 1421 1677 1444 alio
1698 1429 1726 1444 ac
1749 1422 1927 1444 Aurelianens.
1950 1425 1974 1445 et

741 1467 882 1490 Parisiens.
901 1466 996 1489 studiis
1011 1466 1162 1489 doctoratus
1178 1466 1294 1497 insignia
1310 1466 1336 1488 in
1350 1469 1461 1496 utroque
1471 1465 1530 1496 jure
1543 1465 1654 1496 recipiat
1656 1482 1972 1489 .............
2019 1472 2063 1494 283

194 1521 254 1544 14:¹4
348 1536 380 1540 —
485 1522 622 1545 Februarii
637 1523 666 1545 26
710 1525 830 1547 Clemens
844 1524 889 1547 Vll
905 1524 938 1547 ad
954 1523 1140 1547 cancellarium
1156 1523 1250 1551 Paris.¹
1268 1527 1296 1546 ut
1310 1523 1447 1546 Nicolaum
1463 1523 1494 1546 de
1510 1523 1644 1554 Lingonis,
1657 1523 1720 1546 Ord.
1736 1523 1837 1550 praed..
1850 1523 1883 1546 ad
1898 1523 1975 1546 lectu-

742 1576 798 1591 ram
815 1568 1009 1592 Sententiarum
1024 1568 1147 1591 admittat
1166 1584 1689 1591 .....................
1710 1588 1714 1591 1
1736 1584 1973 1592 ..........
2020 1574 2064 1596 288

194 1622 254 1646 1445
349 1639 378 1642 --
510 1624 597 1647 Martii
612 1625 640 1647 17
711 1626 829 1649 Clemens
846 1627 891 1649 Vll
906 1625 1063 1649 cancellario
1079 1625 1161 1648 Paris.
1178 1625 1301 1656 injungit,
1318 1628 1346 1647 ut
1368 1625 1548 1648 Christianum
1563 1625 1594 1647 de
1611 1624 1758 1656 Altarippa,
1782 1625 1845 1649 Ord.
1868 1625 1975 1648 Eremit.

742 1671 768 1693 S.
785 1672 861 1702 Augu,
877 1671 908 1693 ad
924 1671 1049 1701 legendas
1064 1670 1212 1693 Sententias
1228 1673 1254 1692 et
1266 1670 1298 1692 ad
1314 1669 1497 1700 magisterium
1509 1669 1630 1692 admittat
1633 1686 1974 1692 ..............
2021 1675 2065 1698 288

194 1725 255 1748 1446
352 1741 378 1744 -
530 1727 591 1750 Maii
606 1728 620 1749 6
710 1729 791 1751 Jussu
806 1728 941 1752 Guillelmi
956 1728 987 1750 de
1008 1728 1177 1755 Salvarvilla,
1193 1727 1308 1750 cantoris
1328 1727 1424 1755 Puris.,
1444 1727 1568 1757 leguntur
1580 1730 1729 1757 juramenta
1749 1727 1937 1757 magistrorum
1952 1730 1977 1750 ct

742 1773 931 1803 magistrarum
947 1772 973 1795 in
988 1775 1043 1795 arte
1059 1771 1233 1803 grammatica
1247 1779 1335 1794 coram
1348 1771 1377 1793 41
1392 1771 1527 1802 magistris
1541 1774 1565 1794 et
1581 1771 1607 1793 21
1622 1771 1776 1794 rectricibus
1790 1771 1948 1794 scholarum.
1969 1789 1975 1794 .
2021 1778 2066 1800 239

195 1827 255 1850 1447
345 1843 376 1847 -
543 1842 574 1846 -
593 1829 620 1851 13
710 1830 908 1861 Assignntiones
922 1829 1137 1852 baccalareorum
1149 1829 1213 1852 Ord.
1224 1829 1317 1852 Pracd.
1334 1836 1382 1859 pro
1398 1829 1498 1851 lectura
1513 1828 1539 1851 in
1555 1828 1642 1851 studio
1658 1828 1732 1851 Paris
1736 1845 1974 1852 ..........
2022 1835 2064 1857 291

195 1885 255 1908 1448
346 1901 372 1905 -—
546 1900 572 1903 —
590 1887 618 1909 31
711 1888 830 1911 Clemens
843 1888 888 1910 VH
903 1887 1061 1910 cancellario
1076 1887 1171 1916 Paris.‚
1192 1889 1220 1909 ut
1241 1886 1387 1909 Johannem
1408 1886 1439 1909 de
1461 1886 1617 1916 Attigniaco,
1635 1886 1698 1909 Ord.
1716 1886 1786 1914 Min.y
1804 1886 1836 1908 ad
1852 1886 1975 1917 legendas

743 1932 892 1955 Sententias
913 1931 1031 1962 assignet
1035 1947 1974 1954 .....................................
2021 1936 2063 1959 291

195 1987 256 2010 1449
346 2003 376 2006 -
526 1988 598 2011 Junii
613 1989 627 2011 ‘2
712 1990 830 2013 Clemens
848 1990 892 2012 Vll
914 1989 1071 2012 cancellario
1096 1989 1180 2012 Paris.
1207 1988 1329 2019 injungit,
1354 1991 1381 2010 ut
1403 1987 1567 2010 Christosoro
1592 1988 1623 2010 de
1648 1987 1796 2018 Cugneriis,
1818 1987 1880 2011 Ord.
1903 1988 1975 2017 Min„

743 2034 927 2064 magisterium
943 2033 969 2056 in
986 2033 1065 2056 theol.
1082 2034 1199 2056 conserat
1219 2049 1974 2056 ..............................
2021 2038 2065 2061 292

194 2089 255 2113 1450
346 2106 374 2108 -
521 2091 585 2113 Julii
603 2091 629 2114 13
711 2092 830 2115 Clemens
846 2092 891 2114 Vll
906 2092 939 2114 ad
954 2091 1139 2114 cancellarium
1158 2090 1251 2118 Paris.,
1269 2093 1297 2113 ut
1310 2089 1424 2112 Johanni
1439 2089 1536 2118 Men-ici,
1551 2089 1612 2113 Ord.
1630 2089 1731 2117 Praed.,
1747 2089 1882 2120 permittat
1897 2090 1976 2112 eonti-

742 2144 823 2159 nuare
838 2136 964 2158 lecturam
979 2135 1173 2158 Sententiarum
1193 2150 1974 2162 ...............................
2020 2141 2065 2163 292

195 2192 253 2215 1451
347 2207 374 2210 -
498 2193 608 2224 Augusti
625 2193 653 2215 10
712 2194 830 2217 Clemens
845 2194 890 2216 VII
906 2193 939 2216 ad
953 2193 1138 2216 cancellarium
1153 2192 1246 2221 Paris„
1260 2195 1288 2215 ut
1302 2191 1439 2214 Francisco
1456 2191 1569 2219 Martini,
1581 2191 1643 2214 Ord.
1658 2191 1778 2219 Carmel,
1793 2191 1974 2221 magisterium

742 2238 768 2260 in
783 2238 863 2261 theol.
880 2239 997 2260 conferat
1007 2252 1972 2261 ......................................
2020 2243 2064 2265 292

194 2294 254 2318 1452
345 2309 375 2312 —
484 2295 639 2318 Novembris
656 2295 666 2317 1
711 2296 830 2319 Clemens
845 2296 889 2318 Vll
907 2295 1032 2319 Guiberto
1048 2295 1079 2317 de
1095 2295 1204 2321 Celseto.
1222 2294 1321 2324 p1·csb.‚
1344 2301 1413 2324 mag.
1430 2293 1456 2315 in
1477 2292 1615 2324 medicina,
1635 2292 1772 2323 permittit,
1788 2296 1817 2315 ut
1831 2293 1974 2316 medicinae

742 2340 829 2363 studio
845 2339 952 2363 Parisiis
969 2339 1076 2362 insistat
1091 2354 1972 2362 ...................................
2019 2345 2063 2367 292

194 2396 254 2419 1453
349 2411 378 2415 —-
546 2411 571 2414 —
637 2397 664 2420 11
712 2398 830 2421 Clemens
847 2398 892 2420 Vll
907 2397 940 2420 ad
955 2396 1142 2420 cancellarium
1157 2396 1252 2424 Paris.,
1268 2398 1296 2418 ut
1311 2395 1480 2419 Guillelmum
1494 2395 1525 2417 dc
1541 2394 1652 2423 Piciaco,
1667 2394 1730 2418 Ord.
1747 2395 1832 2418 Erem.
1850 2396 1877 2418 S.
1897 2397 1972 2426 Augu,

742 2442 775 2465 ad
790 2442 915 2473 legendas
929 2441 1075 2464 Sententias
1089 2440 1211 2463 admittat
1219 2455 1947 2464 .............................
2019 2447 2063 2469 293

194 2503 255 2526 1454
349 2518 380 2521 —
544 2517 571 2521 --
637 2505 666 2527 25
712 2504 820 2528 Articuli
835 2503 1010 2527 accusationis
1032 2503 1065 2526 ab
1087 2502 1264 2526 Univcrsitate
1286 2501 1428 2525 parisiensi
1454 2501 1507 2531 regi
1532 2501 1625 2524 Carolo
1646 2501 1677 2523 Vl
1702 2501 1862 2531 praesentati
1884 2505 1972 2524 contra

742 2548 924 2580 praepositum
940 2549 1076 2579 Ilugoncm
1092 2547 1202 2571 Aubriot
1215 2562 1971 2570 ..............................
2019 2553 2063 2575 293

195 2610 255 2633 1455
350 2624 379 2627 ᾖ
479 2610 629 2634 Decembris
647 2612 676 2633 28
712 2611 830 2634 Clemens
847 2611 891 2633 VH
908 2610 940 2633 ad
962 2609 1146 2633 cancellarium
1164 2609 1258 2637 Paris„
1279 2611 1307 2631 ut
1326 2608 1470 2631 Johannem
1491 2607 1558 2636 Gaii,
1581 2607 1644 2630 Ord.
1668 2607 1770 2632 praed..
1793 2607 1826 2630 ad
1848 2608 1971 2638 legendas

743 2656 890 2679 Sententias
907 2655 1025 2686 assignet
1039 2668 1970 2677 .....................................
2018 2660 2061 2682 297

195 2716 255 2739 1456
350 2730 381 2733 —
501 2717 652 2740 Novembri·
712 2718 815 2741 Statuta
828 2717 941 2740 nationis
958 2717 1109 2741 Gallicanae
1123 2716 1171 2738 sub
1187 2718 1356 2746 procuratore
1369 2722 1438 2744 mag.
1450 2714 1567 2736 Johanne
1581 2713 1691 2744 Luqueti
1706 2714 1737 2735 dc
1753 2713 1850 2741 missis,
1863 2714 1893 2736 de
1907 2715 1971 2736 sesto

507 2748 645 2771 Decembri

741 2762 897 2786 celebrando
910 2761 1092 2792 Conceptionis
1108 2761 1135 2783 B.
1150 2759 1275 2790 Virginis,
1290 2759 1321 2781 de
1337 2758 1433 2781 scholis
1447 2774 1787 2782 ..............
1806 2776 1808 2779 ⁴
1809 2774 1970 2783 .......
2016 2765 2060 2788 297

195 2822 255 2845 1457
289 2821 437 2847 1380-1381
472 2823 622 2846 Decembris
640 2825 682 2847 15-
710 2824 842 2847 Johannes
854 2824 885 2847 de
897 2824 980 2847 Salice
992 2823 1017 2846 in
1031 2826 1157 2846 rectorem
1168 2822 1284 2853 eligitur.
1298 2821 1464 2851 praepositus
1477 2819 1560 2843 Paris.
1575 2820 1649 2850 Ilugo
1659 2819 1769 2842 Aubriot
1783 2819 1968 2843 incarceratus.
2016 2828 2060 2849 298

511 2855 598 2878 Martii
613 2856 642 2878 24

322 2932 366 2948 *Η
390 2930 484 2955 Chart.
507 2930 586 2955 Unc'v.
603 2931 695 2956 Paris.
715 2931 761 2955 111.
1905 2930 1935 2953 86
