2488 3386
174 322 270 359 1359]
588 334 634 355 ΑΒ
669 333 775 355 ΑΝΝο
809 332 940 355 MCCCL
974 334 1105 362 USQUE
1141 334 1187 355 AD
1223 335 1485 356 BENEDICTUM
1521 336 1611 357 xm.
1987 328 2026 360 61

177 437 317 474 1243.
340 445 521 472 Innocentius
542 446 579 471 VI
595 444 730 480 (Iohanni
750 444 784 470 de
804 445 922 475 Aciaco)
944 444 1117 470 cancellario
1137 445 1307 479 Parisiensi,
1326 449 1356 470 ut
1375 446 1526 471 Francisco
1550 446 1585 472 de
1612 446 1819 481 Cardalhaco¹,
1846 449 1910 474 Ord.
1937 450 2028 475 Mino-

260 504 330 529 rum,
349 495 399 530 qui
418 494 446 520 in
461 494 623 519 Parisiensi
641 493 737 519 studio
757 502 832 519 anno
850 493 981 529 proxime
998 494 1156 529 praeterito
1178 495 1340 519 Sententias
1357 493 1433 528 legit,
1451 495 1478 520 si
1488 503 1540 530 per
1554 504 1636 520 suam
1650 499 1677 520 et
1692 495 1814 521 aliorum
1830 498 2028 531 magistrorum

258 543 329 570 dicti
342 542 433 569 studii
448 543 476 569 in
490 541 633 577 facultate
649 541 809 576 theologiae
823 541 988 576 diligentem
1002 543 1243 568 examinationem
1257 543 1400 575 sufficiens
1416 546 1544 578 repertus
1560 544 1710 578 exstiterit,
1731 545 1888 578 magisterii
1899 545 2029 572 honorem

260 596 287 618 et
305 591 427 618 docendi
445 591 590 617 licentiam
606 591 635 616 in
650 590 751 616 eadem
765 591 874 626 pagina
891 590 1036 616 concedat.
1057 591 1122 616 Dat.
1146 590 1287 617 Avinione
1301 591 1348 624 viij
1365 592 1421 617 kal.
1439 592 1624 625 Septembris,
1644 600 1722 618 anno
1738 594 1824 619 sexto.
1848 604 1860 616 «
1876 594 1935 620 Viri
1954 602 2032 621 sacre

259 641 389 668 lectionis
404 650 428 666 ».

1347 676 1423 705 1358,
1440 675 1547 707 huyusti
1557 677 1601 706 25,
1617 676 1746 703 ureniana.

266 759 328 790 Reg.
343 759 400 782 Vat.
420 758 543 782 Avenion.
559 758 702 782 Innocentii
717 758 760 786 Vl,
776 758 827 781 vol.
845 758 908 786 ΧΙΧ,
925 758 969 780 fol.
983 758 1037 780 6:38.
1054 770 1082 775 —
1098 757 1236 788 Wadding,
1253 760 1331 782 Arm·
1351 758 1430 787 Min„
1446 758 1516 787 Vlll,
1533 767 1558 789 p.
1575 760 1628 786 476,
1646 763 1674 781 n0
1688 760 1726 787 63,
1740 768 1753 783 e
1771 769 1820 791 quo
1837 761 1904 790 Bul,
1921 762 1962 790 lv,
1978 763 2033 786 345.

269 844 291 867 1.
306 844 357 867 Seu
371 842 528 867 Cardaillac.
549 843 569 866 Α
585 850 687 865 summo
704 842 826 873 pontifice
842 842 998 873 quandoque
1018 841 1157 872 deputatus
1180 841 1236 870 suit,
1258 845 1287 864 ut
1304 842 1486 873 magisterium
1500 842 1527 864 in
1542 842 1675 874 theologia
1693 844 1830 866 conterret.
1847 844 1889 867 Sic
1905 852 1946 868 an.
1963 845 2031 873 1364,

173 887 259 911 Martii
275 888 313 917 28,
329 890 358 910 ut
372 887 517 910 Rern-ando
532 887 563 910 de
579 887 674 910 Sancto
692 886 832 910 Guillelmo
848 886 879 909 de
898 886 1137 916 MontepcssulanO,
1153 886 1216 909 Ord.
1234 886 1295 909 Min.
1316 886 1389 916 (neg.
1405 886 1483 909 Aven.
1505 886 1569 909 Urb.
1586 887 1616 915 V,
1631 887 1683 910 vol.
1699 888 1754 913 Vll,
1771 888 1815 911 fol.
1835 889 1902 915 590›;
1919 888 1979 911 Maii
1995 889 2033 918 11,

174 935 203 955 ut
220 931 343 963 Philippo
356 932 488 963 Torytonu
505 931 589 962 ejusd.
606 931 680 958 Ord„
694 930 738 962 qui
753 930 939 960 Cantabrigiae
957 933 983 953 et
1001 930 1094 953 Oxonii
1110 930 1211 953 studuit
1225 930 1308 961 (ibid.‚
1323 930 1367 953 sol.
1383 931 1447 961 592),
1465 930 1597 953 licentiam
1610 931 1692 954 daret.
1709 932 1756 955 An.
1769 932 1836 961 1366,
1848 933 1979 963 Septemb.
1996 934 2035 961 23,

174 976 207 999 ad
222 976 310 1000 sedem
329 975 410 1007 episc.
426 975 642 999 Cuvalionensem
655 975 727 1005 (Reg.
746 976 826 998 Aven.
842 974 907 998 Urb.
923 975 952 1003 V,
969 974 1022 998 vol.
1038 974 1105 1003 XIII,
1125 975 1142 997 f.
1157 975 1209 1005 73);
1226 983 1269 998 an.
1285 975 1354 1002 1388,
1369 974 1462 998 Octob.
1478 975 1515 1003 11,
1530 975 1562 998 nd
1581 976 1764 999 Cntureensem
1780 980 1948 1007 promovetur
1962 978 2035 1009 (Reg.

174 1021 253 1044 Aven.
270 1020 351 1044 Clem.
363 1020 419 1049 vn,
435 1020 487 1043 vol.
503 1020 531 1047 L,
549 1020 566 1043 f.
580 1019 660 1048 3601‘).
677 1033 702 1036 —
723 1019 856 1050 cognatus
872 1021 928 1042 erut
940 1018 1077 1046 Johnnnis,
1095 1018 1239 1047 Guillelmi,
1258 1019 1397 1041 Bertrandi
1412 1019 1443 1042 de
1459 1019 1616 1042 Cardaillnc.

180 1187 320 1224 1244.
347 1196 525 1222 Innocentius
555 1196 591 1222 VI
610 1195 745 1230 (Iohanni
772 1194 807 1220 de
831 1195 955 1226 Aciaco)
982 1194 1156 1221 cancellario
1185 1196 1355 1230 Parisiensi,
1380 1200 1410 1221 ut
1433 1196 1618 1231 Raymundus
1646 1196 1697 1231 (de
1726 1197 1921 1233 Rampagiis),
1946 1198 2039 1223 abbas

265 1244 432 1270 monasterii
458 1244 646 1270 claraevallis
665 1245 777 1270 Cisterc.
797 1243 875 1278 ord„
897 1243 1053 1270 Mediolan.
1073 1243 1174 1278 dioec„
1193 1244 1299 1270 dudum
1325 1245 1353 1270 in
1378 1245 1539 1270 Parisiensi
1568 1245 1663 1271 studio
1688 1255 1791 1271 vacans
1812 1249 1839 1271 et
1858 1255 1911 1282 per
1929 1246 2038 1280 gradus

264 1293 376 1319 debitos
395 1292 572 1318 diversarum
594 1292 745 1318 lectionum
767 1292 873 1318 bibliae
892 1292 1003 1318 scilicet
1022 1296 1048 1318 et
1071 1292 1139 1318 libri
1159 1293 1368 1319 Sententiarum
1387 1293 1427 1318 ad
1446 1297 1552 1318 statum
1574 1294 1795 1320 baccalareatus
1815 1294 1981 1329 ascendens,
1999 1295 2041 1320 ad

265 1341 460 1376 magisterium
476 1341 504 1367 in
519 1341 662 1375 theologia
676 1345 882 1377 promoveatur.
901 1342 965 1367 Dat.
983 1341 1130 1368 Avenionc
1145 1350 1161 1367 x
1174 1342 1231 1367 kal.
1247 1341 1387 1371 Octobris,
1404 1350 1482 1368 anno
1497 1344 1583 1368 sexto.
1603 1353 1616 1366 «
1634 1343 1712 1369 Sicut
1725 1343 1847 1369 debetur
1860 1353 1886 1369 ».

1308 1418 1380 1447 1358.
1397 1417 1555 1450 Septembris
1568 1419 1610 1447 22,
1626 1418 1754 1444 Arenione.

270 1501 332 1532 Reg.
351 1501 408 1525 Vnt.
425 1500 548 1524 Avenion.
566 1501 709 1524 Innocentii
726 1501 767 1530 VI,
785 1501 835 1524 vol.
853 1501 917 1526 XIX.
934 1501 978 1524 fol.
990 1501 1062 1524 6671).
1075 1515 1105 1518 -
1119 1501 1178 1524 Fuit
1196 1501 1279 1523 abbas
1298 1501 1330 1523 ah
1344 1510 1386 1524 un.
1404 1502 1472 1530 1355,
1487 1502 1563 1524 Febr.
1580 1502 1609 1524 ‘20
1623 1503 1694 1533 (Reg.
1709 1503 1766 1525 Yat.
1786 1503 1873 1526 Innoc.
1889 1504 1932 1535 Vl,
1946 1507 1974 1525 n⁰
1987 1504 2041 1532 228,

177 1546 194 1569 t'.
213 1545 261 1574 17).
275 1545 322 1568 An.
338 1545 408 1573 1359,
426 1545 490 1568 Julii
506 1545 543 1574 12,
560 1545 654 1568 transl.
670 1545 702 1568 nd
720 1545 864 1568 Pontiniuc.
882 1545 978 1568 Autiss.
994 1545 1076 1568 dioec.
1094 1546 1165 1575 [ch.
1182 1546 1260 1570 Aven,
1280 1546 1379 1574 Innoc.y
1394 1546 1445 1569 vol.
1464 1546 1526 1573 ΧΧΙ,
1550 1547 1566 1569 f.
1587 1546 1635 1575 61).
1654 1547 1700 1569 An.
1722 1547 1780 1569 1358
1801 1550 1826 1569 et
1845 1550 1903 1570 ante
1923 1547 1949 1570 in
1969 1547 2041 1570 curin

176 1590 250 1613 Rom.
263 1590 297 1612 nd
312 1590 474 1614 defendenda
486 1589 546 1620 jura
562 1589 713 1612 monasterii
729 1589 764 1612 itu
782 1592 899 1612 moratus
915 1592 955 1612 est
970 1593 999 1612 ut
1013 1589 1059 1612 alii
1072 1589 1218 1612 bacculnrei
1233 1589 1296 1612 olim
1309 1593 1492 1613 concurrentes
1505 1590 1686 1621 magisterium
1699 1590 1753 1621 jain
1770 1591 1857 1622 adepti
1870 1594 1965 1614 essent.

182 1756 323 1793 1245.
347 1765 527 1791 Innocentius
542 1764 721 1799 VI(.Iohanni
736 1764 771 1791 de
786 1765 904 1799 Aciaco)
921 1765 1095 1791 cancellario
1109 1765 1278 1799 Parisiensi,
1293 1769 1323 1790 ut
1337 1764 1461 1790 Johanni
1478 1765 1656 1798 Balistariffl,
1671 1765 1763 1800 priori
1776 1765 1905 1799 generali
1919 1767 2042 1799 fratrum

269 1813 335 1839 Ord.
354 1815 381 1840 S.
401 1814 494 1839 Marie
509 1813 544 1839 de
561 1815 654 1839 Monte
672 1813 802 1848 Carmeli,
824 1814 851 1839 in
869 1822 956 1839 sacra
973 1813 1116 1848 theologia
1134 1813 1312 1846 haccalaoeo,
1331 1814 1438 1839 noviter
1454 1814 1481 1839 in
1494 1814 1618 1849 priorem
1632 1813 1794 1848 generalem
1817 1814 1907 1849 ipsius
1927 1814 2043 1840 Ordinis

266 1866 423 1898 assumpto,
441 1862 491 1898 qui
508 1866 575 1888 ante
595 1863 820 1898 assumptionem
839 1871 922 1888 suam
942 1862 1105 1895 hujusmodi
1121 1862 1149 1887 in
1169 1862 1265 1888 studio
1282 1862 1443 1888 Parisiensi
1462 1871 1515 1897 per
1531 1862 1636 1887 dictum
1656 1871 1738 1887 suum
1757 1862 1889 1888 Ordinem
1903 1871 2041 1898 praesen-

267 1914 344 1936 tatus
364 1914 391 1936 et
411 1903 565 1936 secundum
581 1911 665 1936 ritum
686 1910 757 1936 dicti
777 1910 868 1936 studii
889 1910 1035 1936 admissus
1050 1911 1107 1945 fait
1122 1911 1162 1936 ad
1177 1911 1372 1945 magisterium
1387 1910 1601 1945 promovendus,
1619 1910 1645 1936 si
1660 1910 1699 1936 ad
1719 1910 1769 1936 hoc
1785 1910 1903 1936 idoneas
1920 1915 1946 1936 et
1961 1912 2040 1944 suffi-

266 1960 342 1985 ciens
362 1963 490 1994 repertus
506 1959 656 1994 exstiterit,
675 1960 836 1993 magisterii
855 1959 987 1985 honorem
1008 1963 1035 1985 et
1056 1959 1178 1985 docendi
1201 1959 1346 1985 licentiam
1363 1960 1391 1984 in
1407 1959 1506 1985 eadem
1524 1959 1635 1995 pagina
1651 1959 1802 1993 largiatur.
1821 1960 1884 1985 Dat.
1901 1959 2043 1986 Avinione

265 2008 284 2041 ij
300 2008 358 2034 kal.
374 2008 550 2038 Novembris,
567 2008 753 2041 pontificatus
768 2009 859 2034 nostri
873 2016 952 2035 anno
965 2010 1052 2035 sexto.
1072 2019 1085 2032 ι(
1098 2009 1157 2034 Viri
1173 2016 1250 2034 sacre
1264 2008 1410 2041 religionis
1424 2019 1449 2034 ν,

1346 2085 1422 2113 1358,
1440 2083 1556 2109 Octobris
1570 2084 1609 2113 37,
1625 2083 1756 2109 Arenione.

271 2127 334 2158 ch.
349 2127 406 2151 vat.
422 2127 503 2151 Aven.
519 2127 662 2150 Innocentii
677 2128 718 2154 Vl,
735 2128 786 2150 vol.
804 2128 869 2156 XIX,
887 2128 931 2151 fol.
947 2127 1018 2151 68:3¹².

271 2209 294 2234 1.
312 2210 359 2234 An.
376 2211 445 2239 1358,
462 2210 488 2233 in
502 2210 623 2241 Capitulo
639 2211 754 2241 generali
771 2211 965 2242 Burdigalensi,
983 2211 1079 2234 clectus
1096 2214 1135 2234 cst
1158 2211 1181 2233 in
1199 2211 1356 2242 generalem,
1378 2214 1402 2233 ct
1423 2219 1469 2241 por
1489 2211 1518 2233 16
1538 2219 1619 2233 annos
1640 2211 1687 2233 hoc
1702 2210 1784 2233 officio
1801 2212 1903 2234 functus
1919 2214 1966 2233 est.
1984 2210 2040 2233 Vid.

178 2255 283 2279 Archiv
300 2256 321 2285 f.
339 2255 508 2279 Litteratur-
523 2262 553 2279 u.
571 2255 797 2285 Kirchenyesch„
815 2256 844 2280 V.
861 2257 915 2281 377,
927 2257 984 2283 384;
1002 2256 1109 2285 chnnn,
1124 2258 1202 2279 Ami.
1219 2257 1321 2284 Carm.‚
1339 2256 1445 2283 1V,619,
1461 2256 1519 2282 6842
1534 2255 1647 2283 Villiors,
1665 2255 1737 2279 Bibl.
1759 2255 1888 2281 Carmel„
1906 2256 1924 2282 Ι,
1942 2256 1995 2278 759.

183 2415 323 2452 1246.
347 2425 471 2451 Articuli
484 2425 637 2459 facultatis
653 2426 814 2460 theologiae
831 2426 923 2452 Paris.
949 2430 1048 2451 contra
1068 2426 1326 2461 praeeminentiam
1347 2425 1464 2450 rectoris
1492 2425 1698 2459 Universitatis,
1717 2429 1743 2450 et
1763 2426 1949 2451 assertionem
1967 2426 2043 2461 quod

266 2474 306 2499 sit
320 2477 408 2509 caput
422 2477 449 2500 et
461 2475 592 2509 superior
611 2475 816 2500 Universitatis.

1286 2510 1359 2539 1359,
1374 2512 1433 2535 ante
1450 2510 1480 2535 14
1493 2509 1628 2538 Februarii,
1645 2510 1758 2535 Parisiis.

267 2593 373 2625 Ponit
393 2599 427 2626 et
447 2593 619 2626 articulos
641 2594 699 2626 dat
719 2600 753 2626 et
773 2593 919 2626 exhibet
939 2606 977 2626 ac
999 2592 1153 2638 probare
1175 2593 1330 2625 intendit.
1350 2599 1561 2637 procurator
1582 2599 1617 2625 et
1633 2593 1777 2625 nomine
1795 2594 2042 2637 procuratorio

180 2657 305 2691 decani
326 2665 362 2692 et
381 2660 649 2705 inag[istrorum
670 2660 848 2693 facultatis
870 2659 1110 2704 theologie...]
1128 2671 1239 2703 super
1255 2659 1388 2703 quibus
1407 2665 1517 2691 testes
1538 2670 1645 2691 senes
1663 2665 1697 2691 et
1713 2659 1985 2691 valitudinarios
2008 2666 2038 2691 et

179 2724 282 2766 alios,
305 2725 348 2758 de
370 2737 523 2770 quorum
545 2726 713 2759 absencia
735 2727 893 2767 timetur,
916 2726 1005 2771 petit
1026 2725 1232 2758 examinari.

268 2792 295 2823 Ι.
318 2792 437 2825 Primo
459 2793 561 2837 ponit
581 2799 615 2826 et
636 2792 789 2837 probare
811 2793 967 2825 intendit
987 2793 1105 2824 dictus
1123 2798 1335 2836 procurator
1355 2803 1426 2835 quo
1447 2803 1555 2835 supra
1577 2790 1736 2831 nomine,
1759 2791 1856 2834 quod
1878 2791 2038 2835 magistri

181 2856 217 2888 in
237 2857 403 2891 facultate
424 2858 608 2904 theologie
630 2863 639 2900 [
645 2886 708 2891 .....
715 2863 743 2899 Ἰ]
765 2872 797 2899 x,
821 2871 876 2899 xx,
899 2870 979 2899 xxx,
1003 2858 1036 2890 xl
1058 2865 1093 2890 et
1119 2857 1129 2889 l
1157 2857 1260 2889 annis
1282 2857 1368 2889 citra
1395 2863 1429 2888 et
1450 2857 1554 2897 ultra,
1581 2863 1613 2888 et
1640 2868 1657 2888 a
1687 2862 1782 2888 tanto
1808 2863 1968 2900 tempore
1995 2857 2038 2888 de
