2488 3386
453 355 517 387 672

1029 360 1349 382 CIIARTULARIUM
1385 361 1575 382 UNIVERS.
1618 362 1746 383 PAnls.

456 432 2322 453 —————-——-————-——

452 486 512 508 1212

451 588 511 611 1213

450 646 511 668 1214

450 703 510 726 1215

450 760 510 784 1216

448 868 508 891 1217

447 972 509 995 1218

448 1074 508 1097 1219

447 1177 507 1199 1220

446 1280 502 1302 1221

445 1338 505 1360 1222

444 1396 505 1419 1223

444 2316 516 2338 1231α

443 2419 502 2440 1232

443 2520 502 2543 1233

441 2662 502 2684 1234

441 2804 501 2826 1235
520 2802 521 2820 ³

586 481 653 507 1353

577 2659 643 2684 1356

575 2802 640 2826 1357

751 481 799 503 Jan
804 479 869 502 uarii
886 479 915 501 16

779 582 839 605 Maii
856 583 885 605 22

805 654 835 658 —-
853 641 881 663 29

777 698 889 729 Augusti

747 756 869 780 Octobris
885 756 913 779 31

790 859 850 882 Maii
866 860 879 881 2

799 962 879 984 -16

777 1064 848 1087 ¹lunii
865 1064 875 1086 1

749 1167 860 1198 Augusti
876 1168 905 1190 25

733 1269 894 1300 Septembris
913 1269 923 1291 1

803 1342 832 1345 —
912 1329 926 1351 3

804 1400 834 1403 —
911 1388 925 1409 6

727 1533 876 1556 Decembris
902 1533 930 1555 13

766 1636 836 1659 Junii
856 1636 884 1658 22

719 1738 779 1762 Jun.
798 1739 897 1769 l-Sept.
917 1739 930 1761 2

731 1840 892 1871 Septembris
909 1842 922 1863 2

739 1902 860 1926 Octobris
880 1903 908 1926 15

726 2005 876 2028 Decembris
894 2006 923 2028 10

734 2063 869 2086 Februarii
885 2065 912 2087 21

797 2180 823 2183 —
885 2167 914 2189 25

748 2313 845 2343 Aprilis
868 2314 897 2336 ⁴23

741 2658 860 2680 Januarii
876 2659 904 2681 25

722 2799 875 2822 Novembris
892 2801 920 2823 25

968 478 1133 501 Innocentius
1154 480 1183 502 Vl
1201 480 1277 502 Petro
1293 479 1430 508 Dominici,
1450 480 1513 503 Ord.
1532 480 1617 503 Erem.
1635 480 1661 503 S.
1676 481 1753 512 Aug„
1775 481 1862 511 legere
1876 481 1973 504 librum
1997 481 2190 504 Sententiarum
2205 482 2231 505 in

998 523 1165 546 vacationum
1181 527 1298 555 tempore
1313 524 1443 555 permittit
1446 542 2228 549 ...............................

967 581 1075 604 Rotulus
1090 582 1278 612 magistrorum
1296 582 1483 605 Universitatis
1498 582 1657 606 Parisiensis
1661 600 2228 607 .......................

968 639 1075 662 Rotulus
1092 640 1267 671 quorumdam
1282 640 1472 671 magistrorum
1488 639 1563 663 Paris
1567 657 2228 665 ..........................

965 697 1106 727 Johannes,
1123 705 1168 720 rex
1186 698 1356 726 Francorum,
1378 698 1491 727 ordinat,
1508 701 1536 721 ut
1554 698 1777 730 pharmacopolae
1792 699 1876 722 Paris.
1892 699 1933 722 bis
1949 699 1975 722 in
1993 708 2060 722 anno
2080 699 2229 723 visitentur.

966 755 1131 778 Innocentius
1148 756 1180 778 VI
1198 755 1354 778 cancellario
1372 755 1454 779 Paris.
1472 755 1595 787 injungit.
1610 759 1637 779 ut
1653 756 1789 779 Nicolaum
1804 757 1912 784 Nicolai,
1931 757 1995 781 Ord.
2012 758 2098 780 Erem.
2112 758 2139 781 S.
2152 758 2229 788 Aug„

995 800 1028 822 ad
1043 800 1168 830 legendus
1185 800 1333 823 Sententias
1351 800 1474 823 admittat
1477 817 2227 826 ..............................

965 858 1129 880 Innocentius
1142 858 1175 881 VI
1193 858 1363 881 Guillelmum
1377 858 1408 881 de
1424 858 1545 887 Exclusa,
1559 859 1691 890 quondam
1705 867 1719 882 a
1733 859 1865 883 consortio
1883 860 2013 883 facultatis
2027 860 2123 883 artium
2140 860 2227 891 privu-

995 905 1059 931 tum,
1076 902 1108 924 nd
1125 903 1222 925 famam
1235 902 1377 933 pristinam
1392 902 1509 926 restituit
1516 920 2227 928 ............................

964 960 1072 983 Errores
1095 968 1108 982 a
1134 960 1253 983 Gnidone
1273 960 1391 991 (Aegidio
1416 961 1447 983 dc
1468 961 1613 991 Medontu?)
1638 961 1700 985 Ord.
1727 961 1835 985 Eremit.
1861 962 1975 985 revocati
2001 962 2025 985 in
2051 963 2228 988 Universitate

994 1004 1068 1027 Paris
1077 1022 2227 1032 .............................................

963 1062 1119 1085 Guillelmus
1134 1062 1270 1090 Farinerii,
1288 1062 1408 1085 minister
1425 1063 1556 1094 generalis
1570 1063 1634 1087 Ord.
1651 1063 1722 1091 Min.,
1739 1063 1764 1087 in
1779 1064 1901 1095 Capitulo
1919 1065 2035 1095 generali
2051 1065 2143 1088 Assisii
2159 1067 2228 1089 cele-

994 1107 1068 1129 brato
1084 1110 1182 1130 statuta
1195 1107 1349 1138 promulgat
1361 1107 1392 1130 de
1408 1107 1502 1130 studiis
1518 1108 1544 1130 in
1561 1107 1658 1131 Ordine
1674 1108 1743 1136 Min..
1760 1109 1916 1140 praesertim
1929 1109 2049 1142 Parisiis,
2064 1110 2226 1141 regulandis.

963 1165 1110 1196 Appellatio
1126 1164 1246 1196 magistri
1268 1165 1406 1196 Reginaldi
1422 1165 1453 1188 de
1473 1167 1572 1197 Acyaco
1592 1166 1625 1189 nd
1641 1166 1729 1189 sedem
1749 1167 1923 1197 apostolicam
1947 1171 2038 1191 contra
2060 1171 2188 1191 rectorem
2203 1171 2229 1192 et

993 1210 1132 1232 nonnullos
1151 1218 1163 1233 e
1179 1210 1316 1241 magistris
1335 1210 1523 1234 Universitatis
1542 1210 1700 1233 parisiensis
1705 1228 2226 1238 .....................

962 1268 1049 1290 Altera
1067 1267 1211 1298 appellatio
1226 1267 1363 1299 chinaldi
1379 1268 1410 1291 de
1425 1268 1519 1291 Aciaco
1534 1269 1567 1291 nd
1586 1272 1703 1291 sanctam
1719 1269 1805 1292 sedem
1811 1286 2226 1295 .................

961 1325 1109 1356 Appellatio
1127 1326 1211 1348 altera
1226 1326 1365 1357 Regiualdi
1381 1326 1528 1357 dc·Acyaco
1543 1330 1634 1350 contra
1647 1330 1775 1350 rectorem
1789 1327 1974 1350 Universitatis
1988 1345 2224 1352 ..........

960 1383 1102 1411 Johannes,
1121 1392 1166 1406 rex
1180 1384 1350 1410 Francorum¹
1370 1383 1396 1406 in
1413 1384 1579 1407 Pax-lamento
1599 1384 1682 1408 Paris.
1704 1384 1819 1408 absolvit
1835 1385 2017 1416 pracpositum
2034 1385 2128 1416 Paris,
2151 1386 2227 1418 Regi-

992 1428 1100 1451 nuldum
1117 1428 1148 1451 de
1167 1428 1270 1457 Aciaeo,
1292 1429 1448 1451 advocatum
1469 1437 1556 1458 suum,
1576 1432 1601 1452 et
1625 1429 1795 1453 Armundum.
1815 1438 1885 1461 mag.
1906 1430 1931 1453 in
1953 1430 2043 1459 theol„
2064 1431 2096 1454 de
2111 1431 2225 1462 querelis

990 1476 1081 1495 contra
1099 1472 1183 1503 ipsos;
1199 1481 1303 1504 paxque
1321 1473 1469 1496 restituitur
1485 1473 1553 1497 iuter
1568 1473 1659 1496 umbus
1675 1478 1764 1505 partes
1781 1491 2224 1499 ..................

962 1531 1126 1554 Innocentius
1144 1531 1175 1554 Vl
1197 1531 1355 1554 cancellario
1371 1531 1455 1554 Paris.
1472 1531 1595 1562 injungit,
1616 1535 1644 1555 ut
1666 1531 1759 1562 Egidio
1779 1532 1810 1555 de
1826 1532 1916 1560 Marla,
1933 1532 1996 1556 Ord.
2019 1533 2123 1562 Praed.,
2140 1533 2226 1565 magi-

991 1575 1100 1598 sterium
1116 1575 1142 1598 in
1158 1575 1238 1598 theol.
1254 1575 1355 1598 tribuat
1367 1593 2224 1601 ..................................

960 1633 1126 1657 Innocentius
1145 1634 1175 1656 VI
1193 1634 1316 1664 prohibet
1337 1642 1369 1657 ne
1392 1635 1486 1657 fratres
1509 1633 1617 1657 Eremit.
1636 1635 1662 1657 S.
1685 1635 1751 1665 Aug.
1772 1634 1797 1657 in
1818 1634 1878 1657 aliis
1892 1635 1957 1658 locis
1979 1638 2084 1666 praeter
2099 1635 2225 1665 Parisios,

991 1679 1127 1710 Oxoninm,
1145 1678 1345 1710 Cantabrigiam
1360 1679 1544 1710 magisterium
1559 1678 1585 1702 in
1601 1679 1734 1710 theologia
1749 1682 1855 1702 sumant
1857 1696 2224 1705 ...............

961 1737 1124 1760 Universitas
1146 1736 1289 1760 Parisiens.
1310 1737 1343 1759 nd
1366 1737 1545 1760 Innocentium
1566 1737 1598 1759 VI
1621 1745 1669 1768 pro
1691 1737 1808 1761 Gerardo
1829 1737 1860 1760 de
1881 1738 2022 1769 Maynillis,
2043 1741 2143 1762 rectore
2164 1738 2226 1762 Uni—

990 1782 1124 1805 versitatis
1128 1798 2069 1806 .....................................
2090 1803 2095 1807 .
2115 1800 2224 1807 .....

960 1840 1069 1864 Rotulus
1088 1840 1239 1863 nuntiorum
1254 1839 1440 1863 Universitatis
1456 1839 1613 1863 Parisiensis
1624 1856 2224 1865 ........................

961 1899 1093 1922 Statutum
1109 1897 1222 1921 nationis
1238 1897 1390 1920 Picardicne
1406 1897 1437 1920 de
1454 1897 1687 1920 distributionibus
1699 1900 1725 1920 et
1739 1897 1858 1920 clavibus
1877 1906 1953 1921 arcae
1970 1898 2116 1922 communis
2131 1907 2224 1930 repor-

989 1943 1076 1966 tandis
1095 1943 1127 1965 ad
1141 1942 1293 1965 electionem
1308 1949 1434 1966 novorum
1449 1945 1649 1973 procuratorum
1654 1958 2224 1968 .......................

960 2002 1091 2024 Statutuni
1110 2001 1241 2023 facultatis
1260 2000 1356 2023 artium
1372 2000 1403 2023 de
1419 2000 1496 2023 modo
1512 1999 1617 2031 legendi
1630 2000 1712 2023 libros
1730 2000 1827 2023 artium
1842 2000 1868 2023 in
1885 2000 1982 2024 scholis
1986 2018 2222 2027 ..........

960 2058 1124 2082 Innocentius
1141 2059 1173 2081 VI
1190 2058 1376 2089 IIospitalariis
1393 2058 1419 2081 S.
1435 2057 1564 2081 „iohannis
1583 2057 1712 2081 Hierosol.
1728 2058 1848 2090 indulget
1867 2062 1895 2082 ut
1914 2058 2023 2082 Parisiis
2039 2059 2155 2091 alibique
2170 2059 2224 2091 juri

989 2103 1114 2126 canonico
1130 2103 1235 2126 studere
1250 2103 1486 2134 magisteriumque
1502 2111 1605 2125 sumere
1618 2103 1722 2134 possint
1725 2120 2222 2128 ....................

958 2162 1160 2188 Concordatum,
1178 2161 1320 2184 secundum
1337 2161 1406 2192 quod
1424 2161 1475 2183 duo
1491 2160 1610 2192 chirurgi
1626 2161 1709 2192 jurati
1729 2161 1755 2183 in
1776 2161 1925 2190 castelleto,
1944 2164 1970 2184 et
1985 2162 2154 2193 praepositus
2169 2162 2225 2185 chi-

989 2214 1129 2237 rurgorum
1146 2206 1229 2229 Paris.
1247 2205 1419 2228 liconti-andos
1441 2205 1468 2228 iu
1490 2206 1614 2228 facultate
1632 2205 1768 2236 praedicta
1790 2214 1932 2228 convocare
1950 2206 2045 2229 debent
2066 2206 2098 2229 ad
2116 2214 2223 2230 examen

988 2250 1076 2282 cisque
1092 2251 1189 2273 donare
1205 2250 1336 2273 licentiam
1341 2267 2221 2275 ...................................

958 2308 1123 2331 Innocentius
1137 2309 1169 2331 VI
1185 2307 1342 2331 cancellario
1360 2307 1454 2332 Paris..
1470 2311 1499 2330 ut
1514 2308 1676 2330 Ber-nardum
1695 2307 1879 2339 Ermcngaudi,
1892 2308 1954 2331 Ord.
1972 2308 2073 2336 praed„
2088 2309 2122 2331 ad
2137 2309 2222 2340 mugi-

989 2353 1098 2376 sterium
1115 2353 1139 2375 in
1155 2353 1234 2376 theol.
1248 2356 1404 2383 promoveat
1411 2369 2221 2379 ................................

957 2411 1107 2442 Capitulum
1129 2411 1276 2434 Parisionsc
1296 2411 1473 2434 Talerandum
1494 2410 1622 2433 scolarem
1638 2410 1722 2433 Paris.
1739 2418 1752 2433 e
1767 2410 1917 2432 carceribus
1938 2410 2046 2441 capituli
2070 2410 2103 2433 ud
2119 2411 2222 2442 suppli-

987 2456 1114 2478 cationem
1133 2455 1240 2478 rectoris
1257 2458 1281 2478 et
1297 2455 1482 2478 Universitatis
1496 2454 1581 2477 Paris.
1598 2454 1707 2477 dimittit
1723 2471 2218 2481 ....................

957 2513 1092 2537 Ordinatio
1106 2513 1221 2544 Capituli
1237 2513 1367 2544 generalis
1386 2513 1450 2536 Ord.
1470 2513 1561 2536 Pracd.
1578 2512 1626 2535 sub
1643 2520 1711 2543 mag.
1730 2520 1790 2542 gen.
1810 2512 1914 2535 Simone
1930 2512 1961 2535 de
1977 2512 2102 2543 Lingonis
2118 2513 2149 2536 de
2168 2516 2220 2536 stu-

988 2558 1048 2586 diis,
1069 2558 1099 2581 de
1122 2558 1212 2581 ordine
1232 2558 1447 2580 baccalareorum
1467 2557 1493 2580 in
1515 2557 1615 2580 lectura
1638 2557 1753 2580 Sentent.
1775 2556 1893 2583 Parisiis,
1914 2559 1939 2579 et
1958 2557 1989 2579 de
2011 2558 2220 2587 praesentatione

987 2611 1077 2625 corum
1093 2603 1124 2625 ad
1144 2602 1327 2633 magisterium
1332 2618 2218 2626 ...................................

958 2656 1011 2679 Lito
1033 2656 1140 2678 suborta
1161 2656 1228 2678 inter
1250 2655 1368 2678 nationes
1389 2655 1560 2683 Gallicorum,
1581 2654 1751 2678 Picardorum
1770 2658 1794 2676 ct
1814 2654 2023 2677 Normannorum
2044 2655 2069 2677 iu
2096 2656 2220 2679 facultate

988 2701 1130 2723 medicinae
1144 2700 1228 2723 Paris.
1243 2701 1274 2723 de
1289 2700 1415 2723 electione
1430 2699 1521 2722 decani
1535 2702 1559 2722 et
1574 2698 1792 2728 examinatorum,
1809 2698 2028 2729 compromissum
2046 2699 2113 2722 inter
2127 2700 2219 2723 ambas

987 2749 1075 2776 partes
1094 2747 1189 2768 sactum
1206 2748 1245 2767 cst
1253 2760 2217 2768 ......................................

957 2799 1076 2821 Fau-ultus
1095 2798 1248 2824 medicinae,
1268 2798 1376 2820 suborta
1392 2797 1437 2820 lite
1457 2797 1525 2820 inter
1545 2796 1663 2819 nationes
1679 2796 1849 2825 Gallicorum,
1866 2796 2036 2819 Picardorum
2054 2800 2079 2820 et
2094 2797 2219 2821 Normun-

987 2852 1079 2865 norum
1101 2843 1215 2873 ejusdem
1235 2842 1376 2870 facultatis,
1393 2842 1424 2865 de
1445 2842 1521 2864 modo
1539 2841 1651 2872 eligendi
1671 2841 1796 2863 decanum
1819 2844 1841 2863 ct
1863 2841 2053 2864 examinatores
2076 2842 2216 2869 facultatis.

986 2888 1059 2917 eligit
1074 2888 1139 2910 duos
1156 2887 1297 2918 magistros
1315 2887 1345 2909 ad
1363 2886 1549 2909 stabiliendum
1564 2885 1668 2908 modum
1674 2902 2215 2910 ......................

2291 527 2319 550 17

2290 584 2319 607 18

2276 642 2319 665 ’19

2290 699 2319 722 20

2290 802 2319 825 20

2289 904 2319 927 20

2288 1007 2316 1030 21

2287 1109 2317 1132 23

2287 1211 2317 1235 23

2287 1269 2317 1293 27

2287 1327 2318 1350 29

2287 1475 2317 1499 32

2286 1579 2316 1602 36

2286 1682 2317 1705 36

2285 1784 2315 1807 37

2285 1842 2315 1865 37

2283 1944 2314 1967 88

2282 2104 2314 2127 40

2281 2251 2312 2274 42

2280 2354 2311 2376 43

2280 2455 2310 2478 43

2279 2603 2310 2625 44

2278 2745 2309 2768 45

2276 2887 2306 2910 47

2284 2002 2314 2026 39
2348 1991 2363 2004 ”

2463 2834 2488 3117 „mamm-..um
2467 2676 2488 2829 mmmm,
