2488 3386
220 317 315 353 1391]
633 331 679 352 AB
714 331 821 352 ANNO
857 330 987 352 MCCCL
1021 331 1151 359 USQUE
1188 332 1234 352 AD
1270 332 1531 353 nizussnlcrun
1566 333 1656 354 xiii.
2010 324 2073 356 509

217 403 418 436 cedendum
441 404 484 436 ad
511 404 716 437 instantiam
738 404 854 448 ipsius
877 404 1120 448 procuratoris
1142 404 1275 437 fiscalis
1299 405 1383 437 dicti
1412 405 1547 437 domini
1570 406 1682 438 nostri
1711 419 1798 451 pape
1820 413 1852 439 et
1875 408 1952 451 ejus
1974 408 2072 440 curie

218 470 376 502 Romane
398 476 432 503 et
452 470 697 515 procuratoris
718 470 974 503 Universitatis
996 470 1254 514 predictorum,
1277 477 1311 503 et
1337 471 1531 514 cujuslibet
1559 472 1754 504 eorundem
1782 473 1884 505 etiam
1914 473 2070 514 divisim,

217 536 319 581 copia
352 536 469 581 ipsius
497 536 767 569 commissionis
800 535 869 568 sibi
901 536 1057 577 decreta,
1090 537 1119 568 si
1155 549 1230 569 eam
1262 536 1395 569 habere
1429 537 1629 570 voluisset?
1656 539 1748 570 Loca
1780 551 1865 571 vero
1903 540 2071 583 superius

218 603 398 635 nominata
427 609 593 647 tanquam
624 602 767 647 publica
796 609 829 635 et
861 603 1000 647 ydonea
1028 602 1071 635 ad
1101 603 1306 635 citationem
1335 610 1493 635 nostram
1524 603 1730 647 hujusmodi
1763 604 2010 649 publicandam
2039 612 2074 638 et

216 669 406 701 citationes
427 669 515 702 alias
537 669 580 701 de
602 668 736 713 quibus
757 669 848 701 infra
870 669 1034 714 sequitur
1055 669 1098 702 ad
1124 669 1237 702 instar
1258 669 1457 702 edictorum
1480 669 1719 714 publicorum,
1738 682 1806 714 que
1828 671 1911 702 olim
1934 671 1969 703 in
1991 671 2073 704 albo

217 736 372 780 pretoris
394 735 660 776 scribebantur,
683 736 852 768 duximus
873 735 1055 780 eligenda,
1083 748 1151 780 que
1177 736 1373 780 citacjones
1395 736 1492 780 ipsas
1513 737 1615 780 quasi
1641 748 1707 769 suo
1734 748 1867 769 sonoro
1890 744 1922 769 et
1953 737 2073 781 patulo

210 802 350 846 judicio
372 801 612 846 publicarent,
640 802 676 834 in
704 802 837 847 quibus
865 802 972 835 modo
1001 802 1180 847 premisso
1208 803 1306 847 ipsas
1333 802 1428 847 affigi
1455 803 1694 843 decrevimus,
1718 815 1795 835 cum
1830 803 1866 835 in
1894 804 2073 836 audientia

215 867 359 913 publica
385 868 584 901 litterarum
612 868 915 901 contradictarum
943 868 1016 913 legi
1037 869 1094 902 vel
1121 869 1296 913 publicari
1318 875 1402 901 tunc
1424 881 1495 901 non
1522 876 1670 914 possent
1698 876 1844 914 propter
1864 870 2074 902 vacaciones

214 934 381 975 indictas,
404 947 449 967 ne
471 935 656 979 predictus
677 935 786 968 frater
801 935 984 968 Johannes
1006 935 1201 968 citaciones
1223 935 1403 980 predictas
1424 935 1467 968 ad
1489 936 1567 979 ejus
1588 935 1748 968 notitiam
1771 948 1843 968 non
1864 937 2074 980 pervenisse

214 1001 250 1033 in
280 1002 439 1034 futurum
467 1001 605 1034 valeret
633 1001 811 1046 allegare3
843 1014 922 1034 cum
956 1014 1029 1034 non
1057 1009 1154 1034 esset
1182 1002 1392 1042 verisimile,
1424 1002 1516 1046 apud
1548 1002 1666 1046 ipsum
1697 1002 1839 1034 fratrem
1874 1002 2072 1035 Johannem

215 1079 402 1100 remanere
419 1068 644 1113 incognitum
663 1068 760 1113 quod
777 1075 845 1101 tam
863 1075 1026 1113 patenter
1043 1075 1077 1101 et
1093 1069 1234 1101 notorie
1251 1068 1344 1113 apud
1362 1080 1487 1101 omnes
1504 1069 1633 1101 suisset
1654 1068 1892 1113 publicatum;
1910 1069 2074 1102 volentes

215 1134 454 1167 nihilominus
475 1141 510 1167 et
530 1135 740 1168 auctoritate
767 1135 965 1180 apostolica
987 1135 1240 1173 decernentes,
1268 1142 1375 1179 prout
1401 1135 1495 1167 idem
1517 1135 1687 1167 dominus
1709 1142 1832 1168 noster
1853 1148 1940 1180 papa
1961 1136 2075 1168 voluit

214 1207 250 1233 et
277 1201 452 1242 decrevit,
484 1201 581 1246 quod
610 1202 808 1234 citaciones
836 1211 960 1234 nostre
991 1202 1097 1234 modo
1126 1202 1304 1246 premisso
1337 1208 1484 1233 execute
1515 1202 1670 1234 eundem
1700 1202 1843 1234 fratrem
1875 1201 2072 1235 Johannem

214 1267 358 1300 citatum
389 1267 508 1300 taliter
528 1274 685 1300 artarent
706 1275 740 1300 et
760 1268 1018 1312 astringerent,
1048 1280 1086 1300 ac
1117 1268 1145 1300 si
1179 1268 1256 1312 ipse
1287 1268 1482 1300 citaciones
1510 1268 1663 1300 fuissent
1686 1268 1780 1301 dicto
1802 1268 1900 1300 fratri
1920 1268 2074 1301 Johanni

215 1333 484 1378 presentialiter
504 1334 680 1366 intimate.

302 1401 342 1432 In
373 1412 443 1444 quo
475 1400 620 1445 quidem
655 1401 809 1433 termino
840 1401 877 1433 in
905 1401 1045 1445 judicio
1076 1412 1193 1433 coram
1231 1401 1376 1433 domino
1409 1400 1565 1433 Roberto
1597 1401 1760 1433 auditore
1792 1401 1953 1445 predicto
1988 1401 2073 1434 hora

214 1478 449 1511 vesperorum
472 1467 509 1499 in
536 1466 696 1511 hospitio
718 1466 951 1500 habitationis
979 1479 1043 1499 sue
1065 1467 1107 1499 ad
1133 1468 1215 1511 jura
1236 1467 1460 1499 reddendum
1484 1478 1548 1511 pro
1571 1466 1741 1499 tribunali
1763 1467 1912 1499 sedente
1933 1479 2075 1512 compa-

215 1532 378 1566 rentibus
400 1533 514 1566 fiscali
536 1534 621 1566 dicti
643 1533 780 1566 domini
802 1533 917 1566 nostri
946 1545 1036 1578 pape
1059 1540 1093 1566 et
1113 1533 1212 1565 curie
1234 1534 1391 1565 Romane
1420 1545 1457 1565 ac
1480 1533 1735 1565 Universitatis
1764 1533 1924 1577 predicte
1947 1546 2075 1578 procu-

215 1599 408 1641 ratoribus,
434 1600 621 1645 dictasque
643 1600 840 1633 citaciones
861 1599 1146 1644 reportantibus,
1169 1599 1357 1644 ipsiusque
1379 1600 1498 1632 fratris
1519 1599 1693 1632 Johannis
1715 1599 1925 1644 principalis
1951 1612 2075 1644 perso-

213 1666 341 1698 naliter
360 1666 456 1699 citati
478 1673 513 1699 et
533 1679 605 1699 non
627 1667 870 1711 comparentis
892 1678 957 1699 nec
979 1666 1115 1710 aliquid
1136 1673 1259 1698 contra
1281 1666 1573 1698 commissionem
1596 1665 1702 1698 nobis
1723 1666 1846 1698 factam
1875 1666 1994 1699 dicere
2015 1667 2072 1699 vel

212 1744 398 1778 opponere
420 1733 580 1766 curantis
602 1733 862 1766 contumaciam
884 1733 1152 1773 accusantibus,
1180 1733 1372 1777 ipsumque
1394 1744 1457 1777 per
1482 1732 1645 1776 ejusdem
1667 1732 1866 1764 auditorem
1888 1740 2072 1765 contuma-

212 1811 288 1831 cem
317 1800 476 1844 reputari
502 1799 724 1844 petentibus,
746 1800 906 1844 prefatus
932 1800 1104 1844 magister
1129 1799 1271 1832 auditor
1299 1799 1416 1843 ipsum
1442 1799 1587 1831 fratrem
1613 1798 1811 1831 Johannem
1835 1799 2072 1843 personaliter

212 1866 356 1899 citatum
383 1873 418 1899 et
445 1878 517 1898 non
538 1873 819 1911 comparentem,
842 1867 927 1899 licet
954 1878 1069 1911 usque
1097 1866 1140 1898 ad
1170 1866 1292 1898 horam
1316 1865 1469 1898 debitam
1493 1872 1729 1909 expectatum,
1754 1866 1944 1910 reputavit,
1967 1873 2072 1910 prout

212 1939 298 1972 erat,
322 1932 440 1976 quoad
462 1939 577 1965 actum
599 1932 809 1977 hujusmodi
830 1933 959 1965 merito
981 1940 1240 1973 contumacem,
1265 1939 1297 1965 et
1322 1932 1357 1964 in
1379 1933 1457 1976 ejus
1479 1932 1701 1964 contumacia
1727 1932 1770 1964 ad
1797 1932 1972 1964 dictorum
1994 1944 2071 1977 pro-

211 2005 416 2031 curatorum
439 2005 474 2031 et
494 1999 692 2043 cujuslibet
712 1999 873 2044 ipsorum
896 1999 1099 2032 instantiam
1124 2006 1158 2031 et
1178 1999 1453 2043 requisitionem
1472 1998 1626 2030 eundem
1647 1999 1790 2030 fratrem
1807 1998 2003 2030 Johannem
2026 1999 2069 2030 de

212 2066 429 2097 Montesono
452 2065 687 2110 principalem
709 2066 752 2098 ad
775 2065 966 2098 dicendum
990 2072 1024 2098 et
1045 2065 1272 2109 allegandum
1297 2076 1423 2097 causas
1448 2065 1565 2108 justas
1592 2071 1625 2096 et
1653 2064 1898 2102 rationabiles,
1920 2065 1950 2096 si
1980 2076 2067 2109 quas

211 2130 372 2172 haberet,
395 2144 505 2176 quare
534 2144 606 2164 non
633 2132 782 2164 deberet
808 2132 844 2164 in
873 2132 1017 2176 scriptis
1045 2131 1346 2164 excommunicari
1378 2143 1420 2163 ex
1447 2143 1489 2163 eo
1511 2137 1543 2162 et
1575 2142 1638 2174 pro
1665 2142 1707 2162 eo
1729 2130 1809 2174 quia
1832 2130 1875 2162 de
1905 2131 2068 2163 mandato

212 2197 298 2230 dicti
319 2198 456 2230 domini
480 2198 595 2231 nostri
616 2210 706 2243 pape
729 2205 925 2231 arrestatus
946 2198 982 2230 in
1004 2199 1159 2230 Romana
1181 2197 1278 2229 curia
1301 2204 1335 2229 et
1355 2197 1558 2241 prohibitus
1580 2209 1623 2228 ne
1642 2196 1684 2228 de
1707 2196 1829 2228 eadem
1852 2197 1948 2229 curia
1971 2209 2069 2229 rece-

212 2264 325 2305 deret,
349 2264 464 2297 donec
493 2265 586 2297 dicta
615 2277 719 2297 causa
751 2277 820 2309 que
849 2265 943 2297 inter
971 2255 1250 2297 Universitatem
1280 2264 1534 2307 magistrorum
1566 2269 1598 2295 et
1628 2262 1818 2295 scolarium
1847 2263 2067 2296 studentium

212 2331 371 2363 Parisius
392 2343 435 2363 ex
456 2338 555 2376 parte
572 2344 653 2371 una,
673 2338 707 2364 et
723 2332 857 2364 dictum
875 2332 1019 2364 fratrem
1037 2330 1233 2363 Johannem
1253 2342 1294 2362 ex
1310 2329 1418 2362 altera
1440 2336 1522 2361 tunc
1544 2328 1723 2373 pendebat
1745 2335 1779 2361 et
1799 2328 1913 2361 adhuc
1935 2330 2067 2374 pendet

211 2397 385 2438 indecisa,
405 2404 503 2430 esset
523 2397 636 2439 finita,
654 2398 748 2430 idem
770 2399 879 2430 frater
899 2397 1081 2431 Johannes
1099 2403 1288 2434 arrestum,
1308 2403 1344 2428 ut
1366 2395 1564 2436 dicebatur,
1588 2395 1694 2440 fregit
1717 2402 1751 2427 et
1771 2395 2002 2428 illicentiatus
2024 2397 2067 2429 de

212 2463 335 2496 eadem
353 2464 451 2496 curia
469 2465 625 2497 Romana
647 2465 809 2503 recessit,
834 2477 897 2509 per
918 2465 1071 2497 edietum
1092 2463 1274 2508 publicum
1298 2463 1333 2494 in
1354 2462 1466 2494 valvis
1484 2474 1547 2494 seu
1570 2462 1683 2506 portis
1701 2462 1846 2505 majoris
1868 2469 1901 2494 et
1921 2463 2065 2495 fratrum

213 2530 480 2563 Predicatorum
504 2531 675 2563 Avinion.
702 2531 937 2563 ecclesiarum
960 2537 1102 2562 nostras
1124 2529 1311 2562 citacionis
1332 2529 1469 2561 litteras
1495 2528 1674 2572 affigendo
1704 2527 1942 2572 personaliter
1967 2529 2065 2561 citari

212 2602 247 2628 et
275 2596 455 2629 citandum
488 2609 569 2629 esse
600 2597 774 2638 decrevit,
811 2598 1003 2642 ipsumque
1034 2596 1274 2641 personaliter
1303 2595 1489 2627 citavimus
1523 2601 1557 2626 et
1590 2594 1832 2638 peremptorie
1865 2594 1907 2626 ad
1933 2602 2066 2627 certum

212 2664 493 2707 peremptorium
517 2664 707 2696 terminum
732 2671 1008 2708 competentem.

300 2730 340 2761 ln
364 2742 435 2774 quo
457 2730 602 2775 quidem
630 2731 784 2763 termino
813 2731 848 2762 in
872 2730 1106 2774 ι]”ιι(1ἰςί()....9
1128 2729 1222 2761 idem
1252 2728 1423 2773 magister
1445 2728 1623 2759 Robertus
1645 2728 1786 2759 auditor
1808 2734 1840 2759 et
1861 2728 2068 2760 commissa-

213 2795 288 2828 rius
317 2796 520 2829 antedictus
551 2797 705 2829 eundem
745 2798 887 2829 fratrem
919 2796 1115 2829 Johannem
1148 2796 1191 2828 de
1222 2796 1439 2827 Montesono
1475 2793 1707 2838 principalem
1745 2793 1795 2825 sic
1831 2794 2067 2837 personaliter

212 2862 355 2894 citatum
378 2869 412 2895 et
434 2875 506 2895 non
527 2870 792 2908 comparentem
892 2863 1067 2908 reputavit
1090 2862 1257 2907 exigente
1274 2861 1414 2905 justitia
1440 2860 1566 2892 merito
1589 2867 1848 2898 contumacem,
1871 2866 1904 2891 ct
1930 2860 1964 2891 in
1989 2860 2065 2903 ejus
