<?xml version="1.0" encoding="UTF-8"?>
<!DOCTYPE html PUBLIC "-//W3C//DTD XHTML 1.0 Transitional//EN"
    "http://www.w3.org/TR/xhtml1/DTD/xhtml1-transitional.dtd">
<html xmlns="http://www.w3.org/1999/xhtml" xml:lang="en" lang="en">
 <head>
  <title>
</title>
<meta http-equiv="Content-Type" content="text/html;charset=utf-8" />
  <meta name='ocr-system' content='tesseract 3.04.00' />
  <meta name='ocr-capabilities' content='ocr_page ocr_carea ocr_par ocr_line ocrx_word'/>
</head>
<body>
  <div class='ocr_page' id='page_1' title='image "auctariumchartul03univuoft_0255.png"; bbox 0 0 2488 3386; ppageno 0'>
   <div class='ocr_carea' id='block_1_1' title="bbox 205 322 2061 361">
    <p class='ocr_par' dir='ltr' id='par_1_1' title="bbox 205 322 2061 361">
     <span class='ocr_line' id='line_1_1' title="bbox 205 322 2061 361; baseline -0.001 -3"><span class='ocrx_word' id='word_1_1' title='bbox 205 322 299 359; x_wconf 86' lang='lat'><strong>1372]</strong></span> <span class='ocrx_word' id='word_1_2' title='bbox 618 334 664 355; x_wconf 74' lang='lat' dir='ltr'><strong>AB</strong></span> <span class='ocrx_word' id='word_1_3' title='bbox 699 333 803 355; x_wconf 65' lang='lat' dir='ltr'><strong>ANNo</strong></span> <span class='ocrx_word' id='word_1_4' title='bbox 838 333 970 354; x_wconf 84' lang='lat' dir='ltr'>MCCCL</span> <span class='ocrx_word' id='word_1_5' title='bbox 1004 333 1135 361; x_wconf 84' lang='lat' dir='ltr'>USQUE</span> <span class='ocrx_word' id='word_1_6' title='bbox 1170 333 1218 354; x_wconf 76' lang='lat' dir='ltr'><strong>Ao</strong></span> <span class='ocrx_word' id='word_1_7' title='bbox 1254 333 1520 355; x_wconf 81' lang='lat' dir='ltr'>BENEDICTUM</span> <span class='ocrx_word' id='word_1_8' title='bbox 1555 335 1644 355; x_wconf 77' lang='grc' dir='ltr'>Χιιι.</span> <span class='ocrx_word' id='word_1_9' title='bbox 1999 325 2061 357; x_wconf 90' lang='grc'><strong>207</strong></span> 
     </span>
    </p>
   </div>
   <div class='ocr_carea' id='block_1_2' title="bbox 202 406 2063 508">
    <p class='ocr_par' dir='ltr' id='par_1_2' title="bbox 202 406 2063 508">
     <span class='ocr_line' id='line_1_2' title="bbox 203 406 2063 452; baseline -0.001 -10"><span class='ocrx_word' id='word_1_10' title='bbox 203 408 352 442; x_wconf 87' lang='lat' dir='ltr'><strong>Bibliam</strong></span> <span class='ocrx_word' id='word_1_11' title='bbox 383 408 588 441; x_wconf 82' lang='lat' dir='ltr'>immediate</span> <span class='ocrx_word' id='word_1_12' title='bbox 619 413 699 452; x_wconf 91' lang='lat' dir='ltr'><strong>post</strong></span> <span class='ocrx_word' id='word_1_13' title='bbox 731 407 897 451; x_wconf 87' lang='lat' dir='ltr'><strong>primum,</strong></span> <span class='ocrx_word' id='word_1_14' title='bbox 928 406 989 451; x_wconf 91' lang='lat' dir='ltr'><strong>qui</strong></span> <span class='ocrx_word' id='word_1_15' title='bbox 1014 407 1086 450; x_wconf 87' lang='lat' dir='ltr'><strong>jam</strong></span> <span class='ocrx_word' id='word_1_16' title='bbox 1118 406 1220 450; x_wconf 68' lang='lat' dir='ltr'><strong>legit,</strong></span> <span class='ocrx_word' id='word_1_17' title='bbox 1252 407 1331 438; x_wconf 77' lang='lat' dir='ltr'><strong>frat.</strong></span> <span class='ocrx_word' id='word_1_18' title='bbox 1360 406 1559 439; x_wconf 84' lang='lat' dir='ltr'><strong>Johannem</strong></span> <span class='ocrx_word' id='word_1_19' title='bbox 1590 407 1774 448; x_wconf 63' lang='lat' dir='ltr'><strong>Balbi[ni]²</strong></span> <span class='ocrx_word' id='word_1_20' title='bbox 1805 408 1848 440; x_wconf 89' lang='lat' dir='ltr'><strong>de</strong></span> <span class='ocrx_word' id='word_1_21' title='bbox 1880 408 2063 452; x_wconf 87' lang='lat' dir='ltr'><strong>provincia</strong></span> 
     </span>
     <span class='ocr_line' id='line_1_3' title="bbox 202 476 363 508; baseline 0 0"><span class='ocrx_word' id='word_1_22' title='bbox 202 476 363 508; x_wconf 84' lang='lat' dir='ltr'><strong>Francie.</strong></span> 
     </span>
    </p>
   </div>
   <div class='ocr_carea' id='block_1_3' title="bbox 295 570 2063 604">
    <p class='ocr_par' dir='ltr' id='par_1_3' title="bbox 295 570 2063 604">
     <span class='ocr_line' id='line_1_4' title="bbox 295 570 2063 604; baseline -0.001 -8"><span class='ocrx_word' id='word_1_23' title='bbox 295 574 480 604; x_wconf 78' lang='lat' dir='ltr'><strong>Fragmentum</strong></span> <span class='ocrx_word' id='word_1_24' title='bbox 495 572 550 596; x_wconf 85' lang='lat' dir='ltr'><strong>sine</strong></span> <span class='ocrx_word' id='word_1_25' title='bbox 562 571 689 603; x_wconf 83' lang='lat' dir='ltr'><strong>temporis</strong></span> <span class='ocrx_word' id='word_1_26' title='bbox 708 574 769 594; x_wconf 83' lang='lat' dir='ltr'><strong>nota</strong></span> <span class='ocrx_word' id='word_1_27' title='bbox 782 571 960 602; x_wconf 82' lang='lat' dir='ltr'><strong>(desumptum</strong></span> <span class='ocrx_word' id='word_1_28' title='bbox 976 579 989 593; x_wconf 92' lang='lat' dir='ltr'><strong>e</strong></span> <span class='ocrx_word' id='word_1_29' title='bbox 1004 570 1093 593; x_wconf 84' lang='lat' dir='ltr'><strong>codice</strong></span> <span class='ocrx_word' id='word_1_30' title='bbox 1106 570 1174 593; x_wconf 89' lang='lat' dir='ltr'><strong>Bibl.</strong></span> <span class='ocrx_word' id='word_1_31' title='bbox 1189 570 1311 593; x_wconf 74' lang='lat' dir='ltr'><strong>Univers.</strong></span> <span class='ocrx_word' id='word_1_32' title='bbox 1328 571 1426 593; x_wconf 87' lang='lat' dir='ltr'><strong>Bonon.</strong></span> <span class='ocrx_word' id='word_1_33' title='bbox 1442 571 1511 599; x_wconf 80' lang='lat'><strong>1535,</strong></span> <span class='ocrx_word' id='word_1_34' title='bbox 1528 570 1552 593; x_wconf 88' lang='lat' dir='ltr'><strong>in</strong></span> <span class='ocrx_word' id='word_1_35' title='bbox 1570 571 1619 593; x_wconf 85' lang='lat' dir='ltr'><strong>fim-</strong></span> <span class='ocrx_word' id='word_1_36' title='bbox 1636 579 1702 593; x_wconf 76' lang='lat' dir='ltr'><strong>nun(-</strong></span> <span class='ocrx_word' id='word_1_37' title='bbox 1718 571 1823 593; x_wconf 82' lang='lat' dir='ltr'><strong>omnino</strong></span> <span class='ocrx_word' id='word_1_38' title='bbox 1838 573 1939 601; x_wconf 79' lang='lat' dir='ltr'><strong>manco)</strong></span> <span class='ocrx_word' id='word_1_39' title='bbox 1953 572 1985 594; x_wconf 80' lang='lat' dir='ltr'><strong>ad</strong></span> <span class='ocrx_word' id='word_1_40' title='bbox 2002 572 2063 595; x_wconf 84' lang='lat' dir='ltr'><strong>Ord.</strong></span> 
     </span>
    </p>
   </div>
   <div class='ocr_carea' id='block_1_4' title="bbox 201 618 454 649">
    <p class='ocr_par' dir='ltr' id='par_1_4' title="bbox 201 618 454 649">
     <span class='ocr_line' id='line_1_5' title="bbox 201 618 454 649; baseline -0.004 -8"><span class='ocrx_word' id='word_1_41' title='bbox 201 618 292 641; x_wconf 78' lang='lat' dir='ltr'><strong>Praed.</strong></span> <span class='ocrx_word' id='word_1_42' title='bbox 310 618 454 649; x_wconf 75' lang='lat' dir='ltr'><strong>pertinens.</strong></span> 
     </span>
    </p>
   </div>
   <div class='ocr_carea' id='block_1_5' title="bbox 200 699 2069 1217">
    <p class='ocr_par' dir='ltr' id='par_1_5' title="bbox 200 699 2069 1217">
     <span class='ocr_line' id='line_1_6' title="bbox 295 699 2065 730; baseline -0.001 -7"><span class='ocrx_word' id='word_1_43' title='bbox 295 701 317 724; x_wconf 91' lang='lat'><strong>1.</strong></span> <span class='ocrx_word' id='word_1_44' title='bbox 335 701 355 724; x_wconf 88' lang='lat' dir='ltr'><strong>I.</strong></span> <span class='ocrx_word' id='word_1_45' title='bbox 372 709 393 723; x_wconf 89' lang='lat' dir='ltr'><strong>e.</strong></span> <span class='ocrx_word' id='word_1_46' title='bbox 420 700 536 723; x_wconf 78' lang='lat' dir='ltr'><strong>Burdelli</strong></span> <span class='ocrx_word' id='word_1_47' title='bbox 561 708 606 723; x_wconf 84' lang='lat' dir='ltr'><strong>seu</strong></span> <span class='ocrx_word' id='word_1_48' title='bbox 626 700 731 723; x_wconf 83' lang='lat' dir='ltr'><strong>Bardel.</strong></span> <span class='ocrx_word' id='word_1_49' title='bbox 758 700 785 722; x_wconf 90' lang='lat' dir='ltr'><strong>In</strong></span> <span class='ocrx_word' id='word_1_50' title='bbox 805 699 961 730; x_wconf 80' lang='lat' dir='ltr'><strong>apographo</strong></span> <span class='ocrx_word' id='word_1_51' title='bbox 986 706 1125 729; x_wconf 75' lang='lat' dir='ltr'><strong>perperam</strong></span> <span class='ocrx_word' id='word_1_52' title='bbox 1143 707 1154 721; x_wconf 86' lang='lat'>«</span> <span class='ocrx_word' id='word_1_53' title='bbox 1169 699 1315 722; x_wconf 84' lang='lat' dir='ltr'><strong>Johannem</strong></span> <span class='ocrx_word' id='word_1_54' title='bbox 1335 708 1354 722; x_wconf 68' lang='lat' dir='ltr'><strong>v).</strong></span> <span class='ocrx_word' id='word_1_55' title='bbox 1374 714 1403 717; x_wconf 88' lang='lat'><strong>—</strong></span> <span class='ocrx_word' id='word_1_56' title='bbox 1420 701 1441 722; x_wconf 89' lang='grc'>2.</span> <span class='ocrx_word' id='word_1_57' title='bbox 1469 700 1496 722; x_wconf 90' lang='lat' dir='ltr'><strong>In</strong></span> <span class='ocrx_word' id='word_1_58' title='bbox 1524 699 1679 729; x_wconf 76' lang='lat' dir='ltr'><strong>apographo</strong></span> <span class='ocrx_word' id='word_1_59' title='bbox 1699 707 1838 729; x_wconf 82' lang='lat' dir='ltr'><strong>perperam</strong></span> <span class='ocrx_word' id='word_1_60' title='bbox 1864 708 1875 722; x_wconf 77' lang='lat' dir='ltr'><strong>&lt;t</strong></span> <span class='ocrx_word' id='word_1_61' title='bbox 1893 700 2023 723; x_wconf 88' lang='lat' dir='ltr'><strong>Simonem</strong></span> <span class='ocrx_word' id='word_1_62' title='bbox 2044 709 2065 722; x_wconf 76' lang='lat' dir='ltr'><strong>u.</strong></span> 
     </span>
     <span class='ocr_line' id='line_1_7' title="bbox 201 743 2064 775; baseline -0.001 -7"><span class='ocrx_word' id='word_1_63' title='bbox 201 748 248 768; x_wconf 82' lang='lat' dir='ltr'><strong>An.</strong></span> <span class='ocrx_word' id='word_1_64' title='bbox 273 746 342 774; x_wconf 87' lang='lat'><strong>1376,</strong></span> <span class='ocrx_word' id='word_1_65' title='bbox 356 745 409 768; x_wconf 82' lang='lat' dir='ltr'><strong>Jul.</strong></span> <span class='ocrx_word' id='word_1_66' title='bbox 425 745 447 772; x_wconf 85' lang='lat'><strong>2,</strong></span> <span class='ocrx_word' id='word_1_67' title='bbox 465 744 609 775; x_wconf 83' lang='lat' dir='ltr'><strong>Gregorius</strong></span> <span class='ocrx_word' id='word_1_68' title='bbox 622 743 657 767; x_wconf 91' lang='lat' dir='ltr'><strong>XI</strong></span> <span class='ocrx_word' id='word_1_69' title='bbox 682 744 749 773; x_wconf 84' lang='lat' dir='ltr'><strong>(Joh.</strong></span> <span class='ocrx_word' id='word_1_70' title='bbox 766 744 797 766; x_wconf 87' lang='lat' dir='ltr'><strong>de</strong></span> <span class='ocrx_word' id='word_1_71' title='bbox 815 743 916 774; x_wconf 83' lang='lat' dir='ltr'><strong>Calore)</strong></span> <span class='ocrx_word' id='word_1_72' title='bbox 930 743 1038 766; x_wconf 86' lang='lat' dir='ltr'><strong>cancell.</strong></span> <span class='ocrx_word' id='word_1_73' title='bbox 1056 743 1139 766; x_wconf 80' lang='lat' dir='ltr'><strong>Paris.</strong></span> <span class='ocrx_word' id='word_1_74' title='bbox 1160 744 1303 771; x_wconf 80' lang='lat' dir='ltr'><strong>mandavit,</strong></span> <span class='ocrx_word' id='word_1_75' title='bbox 1320 747 1348 767; x_wconf 85' lang='lat' dir='ltr'><strong>ut</strong></span> <span class='ocrx_word' id='word_1_76' title='bbox 1364 743 1478 766; x_wconf 79' lang='lat' dir='ltr'><strong>Johanni</strong></span> <span class='ocrx_word' id='word_1_77' title='bbox 1494 743 1603 766; x_wconf 81' lang='lat' dir='ltr'><strong>docendi</strong></span> <span class='ocrx_word' id='word_1_78' title='bbox 1620 743 1751 765; x_wconf 80' lang='lat' dir='ltr'><strong>licentiam</strong></span> <span class='ocrx_word' id='word_1_79' title='bbox 1767 744 1909 774; x_wconf 79' lang='lat' dir='ltr'><strong>largiretur</strong></span> <span class='ocrx_word' id='word_1_80' title='bbox 1921 745 1990 774; x_wconf 73' lang='lat' dir='ltr'><strong>(Reg.</strong></span> <span class='ocrx_word' id='word_1_81' title='bbox 2009 745 2064 767; x_wconf 75' lang='lat' dir='ltr'><strong>Vnt.</strong></span> 
     </span>
     <span class='ocr_line' id='line_1_8' title="bbox 201 787 2066 820; baseline -0.001 -8"><span class='ocrx_word' id='word_1_82' title='bbox 201 790 280 820; x_wconf 85' lang='lat' dir='ltr'><strong>Greg.</strong></span> <span class='ocrx_word' id='word_1_83' title='bbox 300 790 341 818; x_wconf 85' lang='lat' dir='ltr'><strong>XI,</strong></span> <span class='ocrx_word' id='word_1_84' title='bbox 355 794 384 812; x_wconf 78' lang='lat' dir='ltr'><strong>n0</strong></span> <span class='ocrx_word' id='word_1_85' title='bbox 400 790 454 817; x_wconf 78' lang='lat'><strong>287,</strong></span> <span class='ocrx_word' id='word_1_86' title='bbox 477 789 493 812; x_wconf 76' lang='lat' dir='ltr'><strong>t‘.</strong></span> <span class='ocrx_word' id='word_1_87' title='bbox 517 789 558 811; x_wconf 82' lang='lat'><strong>121</strong></span> <span class='ocrx_word' id='word_1_88' title='bbox 568 788 588 811; x_wconf 73' lang='lat' dir='ltr'><strong>b.</strong></span> <span class='ocrx_word' id='word_1_89' title='bbox 606 797 617 811; x_wconf 71' lang='grc' dir='ltr'>(τ</span> <span class='ocrx_word' id='word_1_90' title='bbox 634 788 688 811; x_wconf 87' lang='lat' dir='ltr'><strong>Viri</strong></span> <span class='ocrx_word' id='word_1_91' title='bbox 709 796 781 811; x_wconf 80' lang='lat' dir='ltr'><strong>sacre</strong></span> <span class='ocrx_word' id='word_1_92' title='bbox 799 789 830 817; x_wconf 67' lang='grc' dir='ltr'><strong>υ).</strong></span> <span class='ocrx_word' id='word_1_93' title='bbox 847 788 946 811; x_wconf 82' lang='lat' dir='ltr'><strong>Revera</strong></span> <span class='ocrx_word' id='word_1_94' title='bbox 962 796 1003 810; x_wconf 83' lang='lat' dir='ltr'><strong>an.</strong></span> <span class='ocrx_word' id='word_1_95' title='bbox 1021 788 1080 810; x_wconf 87' lang='grc'>1377</span> <span class='ocrx_word' id='word_1_96' title='bbox 1097 787 1245 810; x_wconf 73' lang='lat' dir='ltr'>licentiatus</span> <span class='ocrx_word' id='word_1_97' title='bbox 1261 791 1300 811; x_wconf 89' lang='lat' dir='ltr'><strong>est</strong></span> <span class='ocrx_word' id='word_1_98' title='bbox 1315 797 1328 811; x_wconf 89' lang='lat' dir='ltr'><strong>e</strong></span> <span class='ocrx_word' id='word_1_99' title='bbox 1346 788 1435 812; x_wconf 78' lang='lat' dir='ltr'><strong>Catal.</strong></span> <span class='ocrx_word' id='word_1_100' title='bbox 1455 788 1548 811; x_wconf 76' lang='lat' dir='ltr'><strong>licent.</strong></span> <span class='ocrx_word' id='word_1_101' title='bbox 1567 789 1639 816; x_wconf 79' lang='lat' dir='ltr'><strong>(msS.</strong></span> <span class='ocrx_word' id='word_1_102' title='bbox 1656 788 1701 810; x_wconf 85' lang='lat' dir='ltr'><strong>lat.</strong></span> <span class='ocrx_word' id='word_1_103' title='bbox 1723 789 1808 812; x_wconf 61' lang='lat'><strong>565722.</strong></span> <span class='ocrx_word' id='word_1_104' title='bbox 1826 788 1920 817; x_wconf 72' lang='grc'>12850).</span> <span class='ocrx_word' id='word_1_105' title='bbox 1936 789 1982 811; x_wconf 80' lang='lat' dir='ltr'><strong>An.</strong></span> <span class='ocrx_word' id='word_1_106' title='bbox 1997 789 2066 816; x_wconf 82' lang='grc'>1382,</span> 
     </span>
     <span class='ocr_line' id='line_1_9' title="bbox 201 832 2067 863; baseline -0.002 -6"><span class='ocrx_word' id='word_1_107' title='bbox 201 834 257 858; x_wconf 81' lang='lat' dir='ltr'><strong>Oct.</strong></span> <span class='ocrx_word' id='word_1_108' title='bbox 274 835 312 862; x_wconf 74' lang='lat'><strong>29,</strong></span> <span class='ocrx_word' id='word_1_109' title='bbox 329 833 478 856; x_wconf 76' lang='lat' dir='ltr'><strong>nominatus</strong></span> <span class='ocrx_word' id='word_1_110' title='bbox 494 841 508 855; x_wconf 79' lang='lat' dir='ltr'><strong>a</strong></span> <span class='ocrx_word' id='word_1_111' title='bbox 524 833 656 856; x_wconf 76' lang='lat' dir='ltr'><strong>Clemente</strong></span> <span class='ocrx_word' id='word_1_112' title='bbox 674 833 718 856; x_wconf 89' lang='lat' dir='ltr'><strong>Vll</strong></span> <span class='ocrx_word' id='word_1_113' title='bbox 735 832 816 863; x_wconf 86' lang='lat' dir='ltr'><strong>episc.</strong></span> <span class='ocrx_word' id='word_1_114' title='bbox 831 832 1004 855; x_wconf 75' lang='lat' dir='ltr'><strong>Salamantin.</strong></span> <span class='ocrx_word' id='word_1_115' title='bbox 1022 833 1094 862; x_wconf 82' lang='lat' dir='ltr'><strong>(Reg.</strong></span> <span class='ocrx_word' id='word_1_116' title='bbox 1109 833 1189 855; x_wconf 73' lang='lat' dir='ltr'><strong>Aven.</strong></span> <span class='ocrx_word' id='word_1_117' title='bbox 1206 832 1287 855; x_wconf 90' lang='lat' dir='ltr'><strong>Clem.</strong></span> <span class='ocrx_word' id='word_1_118' title='bbox 1302 833 1356 860; x_wconf 77' lang='lat' dir='ltr'><strong>vn,</strong></span> <span class='ocrx_word' id='word_1_119' title='bbox 1374 833 1426 855; x_wconf 89' lang='lat' dir='ltr'><strong>vol.</strong></span> <span class='ocrx_word' id='word_1_120' title='bbox 1440 832 1550 861; x_wconf 82' lang='lat' dir='ltr'>XXVIII,</span> <span class='ocrx_word' id='word_1_121' title='bbox 1567 833 1583 855; x_wconf 79' lang='lat' dir='ltr'><strong>s.</strong></span> <span class='ocrx_word' id='word_1_122' title='bbox 1603 832 1666 860; x_wconf 87' lang='grc'>107).</span> <span class='ocrx_word' id='word_1_123' title='bbox 1681 832 1718 854; x_wconf 88' lang='lat' dir='ltr'><strong>Ex</strong></span> <span class='ocrx_word' id='word_1_124' title='bbox 1733 840 1783 862; x_wconf 89' lang='lat' dir='ltr'><strong>quo</strong></span> <span class='ocrx_word' id='word_1_125' title='bbox 1796 835 1907 862; x_wconf 81' lang='lat' dir='ltr'><strong>apparet</strong></span> <span class='ocrx_word' id='word_1_126' title='bbox 1921 832 2067 855; x_wconf 79' lang='lat' dir='ltr'><strong>Johannem</strong></span> 
     </span>
     <span class='ocr_line' id='line_1_10' title="bbox 201 876 2069 909; baseline -0.001 -8"><span class='ocrx_word' id='word_1_127' title='bbox 201 887 252 902; x_wconf 83' lang='lat' dir='ltr'><strong>non</strong></span> <span class='ocrx_word' id='word_1_128' title='bbox 271 886 374 909; x_wconf 82' lang='lat' dir='ltr'><strong>semper</strong></span> <span class='ocrx_word' id='word_1_129' title='bbox 389 877 496 901; x_wconf 80' lang='lat' dir='ltr'><strong>Urbano</strong></span> <span class='ocrx_word' id='word_1_130' title='bbox 512 877 545 900; x_wconf 83' lang='lat' dir='ltr'><strong>VI</strong></span> <span class='ocrx_word' id='word_1_131' title='bbox 562 877 726 908; x_wconf 74' lang='lat' dir='ltr'><strong>adhaesisse,</strong></span> <span class='ocrx_word' id='word_1_132' title='bbox 742 880 771 899; x_wconf 86' lang='lat' dir='ltr'><strong>ut</strong></span> <span class='ocrx_word' id='word_1_133' title='bbox 787 885 818 899; x_wconf 86' lang='lat' dir='ltr'><strong>ex</strong></span> <span class='ocrx_word' id='word_1_134' title='bbox 835 876 891 907; x_wconf 86' lang='lat' dir='ltr'><strong>ejus</strong></span> <span class='ocrx_word' id='word_1_135' title='bbox 906 884 1034 907; x_wconf 83' lang='lat' dir='ltr'><strong>responso</strong></span> <span class='ocrx_word' id='word_1_136' title='bbox 1055 876 1087 899; x_wconf 78' lang='lat' dir='ltr'><strong>ed</strong></span> <span class='ocrx_word' id='word_1_137' title='bbox 1110 877 1214 899; x_wconf 89' lang='lat' dir='ltr'><strong>Petrum</strong></span> <span class='ocrx_word' id='word_1_138' title='bbox 1233 877 1389 908; x_wconf 81' lang='lat' dir='ltr'><strong>archiepisc.</strong></span> <span class='ocrx_word' id='word_1_139' title='bbox 1406 877 1570 905; x_wconf 83' lang='lat' dir='ltr'><strong>Toletanum,</strong></span> <span class='ocrx_word' id='word_1_140' title='bbox 1588 876 1656 907; x_wconf 88' lang='lat' dir='ltr'><strong>quod</strong></span> <span class='ocrx_word' id='word_1_141' title='bbox 1679 879 1738 899; x_wconf 84' lang='lat' dir='ltr'><strong>ante</strong></span> <span class='ocrx_word' id='word_1_142' title='bbox 1758 876 1939 907; x_wconf 77' lang='lat' dir='ltr'><strong>episcopatum</strong></span> <span class='ocrx_word' id='word_1_143' title='bbox 1961 877 2069 907; x_wconf 81' lang='lat' dir='ltr'><strong>scripsit</strong></span> 
     </span>
     <span class='ocr_line' id='line_1_11' title="bbox 201 920 2066 952; baseline -0.001 -7"><span class='ocrx_word' id='word_1_144' title='bbox 201 923 278 952; x_wconf 91' lang='lat' dir='ltr'><strong>(Bibl.</strong></span> <span class='ocrx_word' id='word_1_145' title='bbox 296 925 348 945; x_wconf 83' lang='lat' dir='ltr'><strong>nat.</strong></span> <span class='ocrx_word' id='word_1_146' title='bbox 371 922 455 945; x_wconf 77' lang='lat' dir='ltr'><strong>Paris.</strong></span> <span class='ocrx_word' id='word_1_147' title='bbox 474 930 522 944; x_wconf 87' lang='lat' dir='ltr'><strong>ms.</strong></span> <span class='ocrx_word' id='word_1_148' title='bbox 544 922 590 944; x_wconf 80' lang='lat' dir='ltr'><strong>let.</strong></span> <span class='ocrx_word' id='word_1_149' title='bbox 612 922 680 949; x_wconf 78' lang='lat'><strong>1462,</strong></span> <span class='ocrx_word' id='word_1_150' title='bbox 704 922 721 944; x_wconf 83' lang='lat' dir='ltr'><strong>f.</strong></span> <span class='ocrx_word' id='word_1_151' title='bbox 743 922 792 950; x_wconf 86' lang='lat'>72),</span> <span class='ocrx_word' id='word_1_152' title='bbox 814 921 969 944; x_wconf 81' lang='lat' dir='ltr'><strong>concludere</strong></span> <span class='ocrx_word' id='word_1_153' title='bbox 989 929 1136 952; x_wconf 70' lang='lat' dir='ltr'><strong>possemus,</strong></span> <span class='ocrx_word' id='word_1_154' title='bbox 1158 921 1184 944; x_wconf 91' lang='lat' dir='ltr'><strong>In</strong></span> <span class='ocrx_word' id='word_1_155' title='bbox 1208 921 1284 945; x_wconf 78' lang='lat' dir='ltr'><strong>Arch.</strong></span> <span class='ocrx_word' id='word_1_156' title='bbox 1301 922 1369 949; x_wconf 87' lang='lat' dir='ltr'><strong>Vat.,</strong></span> <span class='ocrx_word' id='word_1_157' title='bbox 1394 921 1465 945; x_wconf 78' lang='lat' dir='ltr'><strong>Intr.</strong></span> <span class='ocrx_word' id='word_1_158' title='bbox 1483 925 1506 944; x_wconf 82' lang='lat' dir='ltr'><strong>et</strong></span> <span class='ocrx_word' id='word_1_159' title='bbox 1528 920 1602 944; x_wconf 76' lang='lat' dir='ltr'><strong>Exit.</strong></span> <span class='ocrx_word' id='word_1_160' title='bbox 1619 920 1677 943; x_wconf 87' lang='lat' dir='ltr'><strong>Joh.</strong></span> <span class='ocrx_word' id='word_1_161' title='bbox 1702 921 1778 949; x_wconf 89' lang='lat' dir='ltr'>XXII,</span> <span class='ocrx_word' id='word_1_162' title='bbox 1802 925 1830 943; x_wconf 92' lang='lat' dir='ltr'><strong>n⁰</strong></span> <span class='ocrx_word' id='word_1_163' title='bbox 1852 921 1890 948; x_wconf 69' lang='lat'><strong>54,</strong></span> <span class='ocrx_word' id='word_1_164' title='bbox 1915 922 1931 944; x_wconf 89' lang='lat' dir='ltr'><strong>t&#39;.</strong></span> <span class='ocrx_word' id='word_1_165' title='bbox 1957 921 2010 950; x_wconf 86' lang='lat'><strong>157,</strong></span> <span class='ocrx_word' id='word_1_166' title='bbox 2035 921 2066 944; x_wconf 77' lang='lat' dir='ltr'><strong>ad</strong></span> 
     </span>
     <span class='ocr_line' id='line_1_12' title="bbox 201 965 2068 996; baseline -0.002 -6"><span class='ocrx_word' id='word_1_167' title='bbox 201 975 242 991; x_wconf 84' lang='lat' dir='ltr'><strong>an.</strong></span> <span class='ocrx_word' id='word_1_168' title='bbox 265 967 335 995; x_wconf 82' lang='grc'>1323,</span> <span class='ocrx_word' id='word_1_169' title='bbox 358 966 467 989; x_wconf 81' lang='lat' dir='ltr'><strong>atterius</strong></span> <span class='ocrx_word' id='word_1_170' title='bbox 491 966 619 989; x_wconf 62' lang='lat' dir='ltr'><strong>johannis</strong></span> <span class='ocrx_word' id='word_1_171' title='bbox 642 965 786 989; x_wconf 80' lang='lat' dir='ltr'><strong>Castellani</strong></span> <span class='ocrx_word' id='word_1_172' title='bbox 808 965 871 989; x_wconf 85' lang='lat' dir='ltr'><strong>Ord.</strong></span> <span class='ocrx_word' id='word_1_173' title='bbox 895 966 987 989; x_wconf 83' lang='lat' dir='ltr'><strong>Praed.</strong></span> <span class='ocrx_word' id='word_1_174' title='bbox 1011 965 1107 988; x_wconf 78' lang='lat' dir='ltr'><strong>mentio</strong></span> <span class='ocrx_word' id='word_1_175' title='bbox 1131 966 1169 994; x_wconf 82' lang='lat' dir='ltr'><strong>fit,</strong></span> <span class='ocrx_word' id='word_1_176' title='bbox 1192 966 1237 989; x_wconf 90' lang='lat' dir='ltr'><strong>sed</strong></span> <span class='ocrx_word' id='word_1_177' title='bbox 1264 974 1275 988; x_wconf 74' lang='grc' dir='ltr'>(ι</span> <span class='ocrx_word' id='word_1_178' title='bbox 1294 965 1420 996; x_wconf 82' lang='lat' dir='ltr'><strong>graeci»,</strong></span> <span class='ocrx_word' id='word_1_179' title='bbox 1439 974 1450 988; x_wconf 88' lang='lat'>«</span> <span class='ocrx_word' id='word_1_180' title='bbox 1474 965 1519 996; x_wconf 92' lang='lat' dir='ltr'><strong>qui</strong></span> <span class='ocrx_word' id='word_1_181' title='bbox 1539 965 1594 988; x_wconf 89' lang='lat' dir='ltr'><strong>ibat</strong></span> <span class='ocrx_word' id='word_1_182' title='bbox 1613 965 1731 988; x_wconf 80' lang='lat' dir='ltr'><strong>Parisius</strong></span> <span class='ocrx_word' id='word_1_183' title='bbox 1754 973 1834 987; x_wconf 80' lang='lat' dir='ltr'><strong>causa</strong></span> <span class='ocrx_word' id='word_1_184' title='bbox 1857 965 1979 988; x_wconf 86' lang='lat' dir='ltr'><strong>studendi</strong></span> <span class='ocrx_word' id='word_1_185' title='bbox 1997 974 2017 987; x_wconf 68' lang='lat'><strong>»⁴</strong></span> <span class='ocrx_word' id='word_1_186' title='bbox 2038 979 2068 982; x_wconf 84' lang='lat'><strong>——</strong></span> 
     </span>
     <span class='ocr_line' id='line_1_13' title="bbox 201 1009 2068 1042; baseline -0.002 -8"><span class='ocrx_word' id='word_1_187' title='bbox 201 1013 223 1035; x_wconf 83' lang='lat'><strong>3.</strong></span> <span class='ocrx_word' id='word_1_188' title='bbox 239 1012 337 1042; x_wconf 85' lang='lat' dir='ltr'><strong>Apogr.</strong></span> <span class='ocrx_word' id='word_1_189' title='bbox 353 1019 493 1042; x_wconf 80' lang='lat' dir='ltr'><strong>perperam</strong></span> <span class='ocrx_word' id='word_1_190' title='bbox 510 1019 521 1033; x_wconf 93' lang='lat'>«</span> <span class='ocrx_word' id='word_1_191' title='bbox 536 1010 622 1033; x_wconf 83' lang='lat' dir='ltr'><strong>Bitelli</strong></span> <span class='ocrx_word' id='word_1_192' title='bbox 640 1018 659 1033; x_wconf 66' lang='grc' dir='ltr'><strong>ι.</strong></span> <span class='ocrx_word' id='word_1_193' title='bbox 674 1011 721 1033; x_wconf 85' lang='lat' dir='ltr'><strong>An.</strong></span> <span class='ocrx_word' id='word_1_194' title='bbox 738 1010 807 1039; x_wconf 85' lang='lat'><strong>1375,</strong></span> <span class='ocrx_word' id='word_1_195' title='bbox 823 1010 884 1033; x_wconf 82' lang='lat' dir='ltr'><strong>Jun.</strong></span> <span class='ocrx_word' id='word_1_196' title='bbox 897 1010 935 1038; x_wconf 84' lang='lat'><strong>30,</strong></span> <span class='ocrx_word' id='word_1_197' title='bbox 950 1010 1083 1033; x_wconf 81' lang='lat' dir='ltr'><strong>Johannes</strong></span> <span class='ocrx_word' id='word_1_198' title='bbox 1099 1010 1130 1033; x_wconf 90' lang='lat' dir='ltr'><strong>de</strong></span> <span class='ocrx_word' id='word_1_199' title='bbox 1146 1010 1246 1038; x_wconf 82' lang='lat' dir='ltr'><strong>Calore,</strong></span> <span class='ocrx_word' id='word_1_200' title='bbox 1262 1010 1370 1033; x_wconf 79' lang='lat' dir='ltr'><strong>cancell.</strong></span> <span class='ocrx_word' id='word_1_201' title='bbox 1387 1010 1481 1039; x_wconf 73' lang='lat' dir='ltr'><strong>Paris.y</strong></span> <span class='ocrx_word' id='word_1_202' title='bbox 1497 1010 1650 1032; x_wconf 82' lang='lat' dir='ltr'><strong>mandatum</strong></span> <span class='ocrx_word' id='word_1_203' title='bbox 1666 1009 1768 1040; x_wconf 77' lang='lat' dir='ltr'><strong>recipit,</strong></span> <span class='ocrx_word' id='word_1_204' title='bbox 1783 1018 1794 1031; x_wconf 88' lang='lat'>«</span> <span class='ocrx_word' id='word_1_205' title='bbox 1811 1009 1933 1032; x_wconf 84' lang='lat' dir='ltr'><strong>Bonitum</strong></span> <span class='ocrx_word' id='word_1_206' title='bbox 1947 1010 2031 1033; x_wconf 88' lang='lat' dir='ltr'><strong>Litelli</strong></span> <span class='ocrx_word' id='word_1_207' title='bbox 2046 1018 2068 1038; x_wconf 72' lang='lat' dir='ltr'><strong>u,</strong></span> 
     </span>
     <span class='ocr_line' id='line_1_14' title="bbox 201 1054 2069 1087; baseline -0.001 -9"><span class='ocrx_word' id='word_1_208' title='bbox 201 1056 246 1087; x_wconf 88' lang='lat' dir='ltr'><strong>qui</strong></span> <span class='ocrx_word' id='word_1_209' title='bbox 260 1063 350 1078; x_wconf 87' lang='lat' dir='ltr'><strong>omnes</strong></span> <span class='ocrx_word' id='word_1_210' title='bbox 371 1058 444 1078; x_wconf 85' lang='lat' dir='ltr'><strong>ectus</strong></span> <span class='ocrx_word' id='word_1_211' title='bbox 460 1055 513 1086; x_wconf 79' lang='lat' dir='ltr'><strong>jam</strong></span> <span class='ocrx_word' id='word_1_212' title='bbox 537 1055 662 1084; x_wconf 81' lang='lat' dir='ltr'><strong>exercuit,</strong></span> <span class='ocrx_word' id='word_1_213' title='bbox 685 1055 717 1077; x_wconf 82' lang='lat' dir='ltr'><strong>ad</strong></span> <span class='ocrx_word' id='word_1_214' title='bbox 740 1054 921 1086; x_wconf 82' lang='lat' dir='ltr'><strong>magisterium</strong></span> <span class='ocrx_word' id='word_1_215' title='bbox 938 1055 1110 1086; x_wconf 85' lang='lat' dir='ltr'><strong>promovendi</strong></span> <span class='ocrx_word' id='word_1_216' title='bbox 1125 1054 1198 1086; x_wconf 82' lang='lat' dir='ltr'><strong>(Reg.</strong></span> <span class='ocrx_word' id='word_1_217' title='bbox 1215 1056 1294 1078; x_wconf 78' lang='lat' dir='ltr'><strong>Aven.</strong></span> <span class='ocrx_word' id='word_1_218' title='bbox 1311 1055 1388 1085; x_wconf 84' lang='lat' dir='ltr'><strong>Greg.</strong></span> <span class='ocrx_word' id='word_1_219' title='bbox 1405 1055 1447 1083; x_wconf 82' lang='lat' dir='ltr'><strong>XI,</strong></span> <span class='ocrx_word' id='word_1_220' title='bbox 1464 1055 1515 1077; x_wconf 88' lang='lat' dir='ltr'><strong>vol.</strong></span> <span class='ocrx_word' id='word_1_221' title='bbox 1533 1054 1606 1079; x_wconf 82' lang='lat' dir='ltr'>XXV.</span> <span class='ocrx_word' id='word_1_222' title='bbox 1624 1055 1640 1076; x_wconf 87' lang='lat' dir='ltr'><strong>s.</strong></span> <span class='ocrx_word' id='word_1_223' title='bbox 1658 1054 1722 1083; x_wconf 80' lang='grc'>120).</span> <span class='ocrx_word' id='word_1_224' title='bbox 1740 1054 1767 1077; x_wconf 90' lang='lat' dir='ltr'><strong>In</strong></span> <span class='ocrx_word' id='word_1_225' title='bbox 1785 1054 1874 1078; x_wconf 81' lang='lat' dir='ltr'><strong>Catal.</strong></span> <span class='ocrx_word' id='word_1_226' title='bbox 1892 1054 1985 1078; x_wconf 79' lang='lat' dir='ltr'><strong>licent.</strong></span> <span class='ocrx_word' id='word_1_227' title='bbox 2002 1054 2069 1077; x_wconf 81' lang='lat' dir='ltr'><strong>inter</strong></span> 
     </span>
     <span class='ocr_line' id='line_1_15' title="bbox 200 1098 2069 1130; baseline -0.001 -7"><span class='ocrx_word' id='word_1_228' title='bbox 200 1100 347 1123; x_wconf 75' lang='lat' dir='ltr'><strong>licentiatos</strong></span> <span class='ocrx_word' id='word_1_229' title='bbox 366 1107 406 1122; x_wconf 83' lang='lat' dir='ltr'><strong>an.</strong></span> <span class='ocrx_word' id='word_1_230' title='bbox 426 1100 485 1122; x_wconf 87' lang='lat'><strong>1377</strong></span> <span class='ocrx_word' id='word_1_231' title='bbox 502 1099 619 1122; x_wconf 80' lang='lat' dir='ltr'><strong>affertur.</strong></span> <span class='ocrx_word' id='word_1_232' title='bbox 636 1099 695 1122; x_wconf 82' lang='lat' dir='ltr'><strong>Fuit</strong></span> <span class='ocrx_word' id='word_1_233' title='bbox 712 1098 786 1130; x_wconf 87' lang='lat' dir='ltr'><strong>prior</strong></span> <span class='ocrx_word' id='word_1_234' title='bbox 801 1099 972 1130; x_wconf 80' lang='lat' dir='ltr'><strong>provincialis</strong></span> <span class='ocrx_word' id='word_1_235' title='bbox 988 1099 1123 1127; x_wconf 80' lang='lat' dir='ltr'><strong>Freneiae,</strong></span> <span class='ocrx_word' id='word_1_236' title='bbox 1139 1107 1258 1130; x_wconf 84' lang='lat' dir='ltr'><strong>annoque</strong></span> <span class='ocrx_word' id='word_1_237' title='bbox 1274 1099 1343 1127; x_wconf 80' lang='lat'><strong>1391,</strong></span> <span class='ocrx_word' id='word_1_238' title='bbox 1360 1099 1481 1121; x_wconf 87' lang='lat' dir='ltr'><strong>Decemb.</strong></span> <span class='ocrx_word' id='word_1_239' title='bbox 1499 1099 1522 1126; x_wconf 67' lang='lat' dir='ltr'><strong>la,</strong></span> <span class='ocrx_word' id='word_1_240' title='bbox 1541 1098 1690 1121; x_wconf 85' lang='lat' dir='ltr'><strong>nominatus</strong></span> <span class='ocrx_word' id='word_1_241' title='bbox 1706 1101 1746 1121; x_wconf 81' lang='lat' dir='ltr'><strong>est</strong></span> <span class='ocrx_word' id='word_1_242' title='bbox 1761 1098 1900 1129; x_wconf 81' lang='lat' dir='ltr'><strong>inquisitor</strong></span> <span class='ocrx_word' id='word_1_243' title='bbox 1916 1098 1941 1121; x_wconf 93' lang='lat' dir='ltr'><strong>in</strong></span> <span class='ocrx_word' id='word_1_244' title='bbox 1957 1098 2028 1121; x_wconf 82' lang='lat' dir='ltr'><strong>civit.</strong></span> <span class='ocrx_word' id='word_1_245' title='bbox 2045 1102 2069 1121; x_wconf 89' lang='lat' dir='ltr'><strong>et</strong></span> 
     </span>
     <span class='ocr_line' id='line_1_16' title="bbox 201 1143 2066 1174; baseline -0.001 -7"><span class='ocrx_word' id='word_1_246' title='bbox 201 1145 282 1168; x_wconf 81' lang='lat' dir='ltr'><strong>dioec.</strong></span> <span class='ocrx_word' id='word_1_247' title='bbox 297 1144 453 1167; x_wconf 75' lang='lat' dir='ltr'><strong>Cui-cassen.</strong></span> <span class='ocrx_word' id='word_1_248' title='bbox 470 1144 542 1174; x_wconf 86' lang='lat' dir='ltr'><strong>(Reg.</strong></span> <span class='ocrx_word' id='word_1_249' title='bbox 559 1144 638 1166; x_wconf 81' lang='lat' dir='ltr'><strong>Aven.</strong></span> <span class='ocrx_word' id='word_1_250' title='bbox 656 1143 736 1167; x_wconf 83' lang='lat' dir='ltr'><strong>Clem.</strong></span> <span class='ocrx_word' id='word_1_251' title='bbox 753 1144 808 1171; x_wconf 90' lang='lat' dir='ltr'>VII,</span> <span class='ocrx_word' id='word_1_252' title='bbox 821 1144 872 1166; x_wconf 85' lang='lat' dir='ltr'><strong>vol.</strong></span> <span class='ocrx_word' id='word_1_253' title='bbox 890 1143 961 1171; x_wconf 85' lang='lat' dir='ltr'>LXV,</span> <span class='ocrx_word' id='word_1_254' title='bbox 981 1145 997 1166; x_wconf 84' lang='lat' dir='ltr'><strong>s.</strong></span> <span class='ocrx_word' id='word_1_255' title='bbox 1014 1143 1098 1173; x_wconf 72' lang='lat'><strong>51212).</strong></span> <span class='ocrx_word' id='word_1_256' title='bbox 1112 1158 1142 1160; x_wconf 97' lang='lat'><strong>—</strong></span> <span class='ocrx_word' id='word_1_257' title='bbox 1157 1145 1180 1166; x_wconf 75' lang='lat'><strong>4.</strong></span> <span class='ocrx_word' id='word_1_258' title='bbox 1199 1145 1247 1167; x_wconf 86' lang='lat' dir='ltr'><strong>An.</strong></span> <span class='ocrx_word' id='word_1_259' title='bbox 1264 1144 1324 1166; x_wconf 82' lang='lat'><strong>1380</strong></span> <span class='ocrx_word' id='word_1_260' title='bbox 1340 1143 1420 1172; x_wconf 83' lang='lat'><strong>(1381)</strong></span> <span class='ocrx_word' id='word_1_261' title='bbox 1433 1143 1582 1166; x_wconf 78' lang='lat' dir='ltr'><strong>licentiatus</strong></span> <span class='ocrx_word' id='word_1_262' title='bbox 1597 1146 1637 1165; x_wconf 80' lang='lat' dir='ltr'><strong>est</strong></span> <span class='ocrx_word' id='word_1_263' title='bbox 1650 1151 1662 1165; x_wconf 87' lang='lat' dir='ltr'><strong>e</strong></span> <span class='ocrx_word' id='word_1_264' title='bbox 1680 1143 1769 1166; x_wconf 77' lang='lat' dir='ltr'><strong>Catal.</strong></span> <span class='ocrx_word' id='word_1_265' title='bbox 1785 1143 1876 1167; x_wconf 78' lang='lat' dir='ltr'><strong>licent.</strong></span> <span class='ocrx_word' id='word_1_266' title='bbox 1895 1144 1953 1172; x_wconf 76' lang='grc' dir='ltr'>(ωε.</span> <span class='ocrx_word' id='word_1_267' title='bbox 1970 1144 2066 1166; x_wconf 64' lang='lat'><strong>565722</strong></span> 
     </span>
     <span class='ocr_line' id='line_1_17' title="bbox 203 1187 752 1217; baseline -0.004 -6"><span class='ocrx_word' id='word_1_268' title='bbox 203 1198 213 1211; x_wconf 87' lang='lat'>«</span> <span class='ocrx_word' id='word_1_269' title='bbox 230 1188 337 1212; x_wconf 77' lang='lat' dir='ltr'><strong>Bet-bini</strong></span> <span class='ocrx_word' id='word_1_270' title='bbox 352 1197 372 1215; x_wconf 76' lang='grc' dir='ltr'><strong>»ς</strong></span> <span class='ocrx_word' id='word_1_271' title='bbox 390 1196 438 1211; x_wconf 89' lang='lat' dir='ltr'><strong>ms.</strong></span> <span class='ocrx_word' id='word_1_272' title='bbox 458 1188 535 1211; x_wconf 87' lang='grc'>12850</span> <span class='ocrx_word' id='word_1_273' title='bbox 549 1196 553 1210; x_wconf 78' lang='lat' dir='ltr'><strong><em>z</em></strong></span> <span class='ocrx_word' id='word_1_274' title='bbox 575 1197 585 1210; x_wconf 71' lang='grc' dir='ltr'><strong>(ι</strong></span> <span class='ocrx_word' id='word_1_275' title='bbox 602 1187 707 1210; x_wconf 77' lang='lat' dir='ltr'><strong>Balbini</strong></span> <span class='ocrx_word' id='word_1_276' title='bbox 722 1190 752 1217; x_wconf 81' lang='grc' dir='ltr'><strong>υ).</strong></span> 
     </span>
    </p>
   </div>
   <div class='ocr_carea' id='block_1_6' title="bbox 206 1311 2069 1404">
    <p class='ocr_par' dir='ltr' id='par_1_6' title="bbox 206 1311 2069 1404">
     <span class='ocr_line' id='line_1_18' title="bbox 206 1311 2069 1355; baseline -0.002 -8"><span class='ocrx_word' id='word_1_277' title='bbox 206 1311 347 1348; x_wconf 79' lang='grc'>1382.</span> <span class='ocrx_word' id='word_1_278' title='bbox 370 1319 463 1345; x_wconf 85' lang='lat' dir='ltr'><strong>Adam</strong></span> <span class='ocrx_word' id='word_1_279' title='bbox 486 1319 636 1353; x_wconf 78' lang='lat' dir='ltr'><strong>Flamingi,</strong></span> <span class='ocrx_word' id='word_1_280' title='bbox 658 1320 806 1354; x_wconf 81' lang='lat' dir='ltr'><strong>firmarius</strong></span> <span class='ocrx_word' id='word_1_281' title='bbox 824 1319 947 1354; x_wconf 79' lang='lat' dir='ltr'><strong>piscidis</strong></span> <span class='ocrx_word' id='word_1_282' title='bbox 968 1319 996 1344; x_wconf 89' lang='lat' dir='ltr'><strong>in</strong></span> <span class='ocrx_word' id='word_1_283' title='bbox 1021 1320 1123 1344; x_wconf 77' lang='lat' dir='ltr'><strong>Gravia</strong></span> <span class='ocrx_word' id='word_1_284' title='bbox 1139 1319 1174 1345; x_wconf 85' lang='lat' dir='ltr'><strong>de</strong></span> <span class='ocrx_word' id='word_1_285' title='bbox 1188 1319 1369 1355; x_wconf 77' lang='lat' dir='ltr'><strong>impositione</strong></span> <span class='ocrx_word' id='word_1_286' title='bbox 1385 1319 1518 1351; x_wconf 78' lang='lat' dir='ltr'><strong>vinorum,</strong></span> <span class='ocrx_word' id='word_1_287' title='bbox 1537 1328 1599 1343; x_wconf 82' lang='lat' dir='ltr'><strong>cnm</strong></span> <span class='ocrx_word' id='word_1_288' title='bbox 1621 1319 1760 1344; x_wconf 83' lang='lat' dir='ltr'><strong>Simonem</strong></span> <span class='ocrx_word' id='word_1_289' title='bbox 1781 1318 1911 1352; x_wconf 81' lang='lat' dir='ltr'><strong>leomae,</strong></span> <span class='ocrx_word' id='word_1_290' title='bbox 1929 1318 2069 1344; x_wconf 81' lang='lat' dir='ltr'><strong>bedellum</strong></span> 
     </span>
     <span class='ocr_line' id='line_1_19' title="bbox 288 1367 2069 1404; baseline -0.001 -10"><span class='ocrx_word' id='word_1_291' title='bbox 288 1368 451 1402; x_wconf 77' lang='lat' dir='ltr'><strong>generalem</strong></span> <span class='ocrx_word' id='word_1_292' title='bbox 465 1368 619 1402; x_wconf 78' lang='lat' dir='ltr'><strong>facultatis</strong></span> <span class='ocrx_word' id='word_1_293' title='bbox 634 1367 819 1401; x_wconf 78' lang='lat' dir='ltr'><strong>decretorum,</strong></span> <span class='ocrx_word' id='word_1_294' title='bbox 832 1377 885 1404; x_wconf 83' lang='lat' dir='ltr'><strong>pro</strong></span> <span class='ocrx_word' id='word_1_295' title='bbox 900 1368 984 1403; x_wconf 82' lang='lat' dir='ltr'><strong>pecia</strong></span> <span class='ocrx_word' id='word_1_296' title='bbox 1001 1368 1056 1393; x_wconf 82' lang='lat' dir='ltr'><strong>vini</strong></span> <span class='ocrx_word' id='word_1_297' title='bbox 1071 1368 1217 1403; x_wconf 78' lang='lat' dir='ltr'><strong>aequitum</strong></span> <span class='ocrx_word' id='word_1_298' title='bbox 1231 1371 1373 1403; x_wconf 80' lang='lat' dir='ltr'><strong>petentem</strong></span> <span class='ocrx_word' id='word_1_299' title='bbox 1386 1367 1541 1393; x_wconf 81' lang='lat' dir='ltr'><strong>secundum</strong></span> <span class='ocrx_word' id='word_1_300' title='bbox 1552 1367 1704 1402; x_wconf 77' lang='lat' dir='ltr'><strong>privilegia</strong></span> <span class='ocrx_word' id='word_1_301' title='bbox 1718 1376 1781 1401; x_wconf 85' lang='lat' dir='ltr'><strong>sna,</strong></span> <span class='ocrx_word' id='word_1_302' title='bbox 1800 1368 1936 1402; x_wconf 78' lang='lat' dir='ltr'><strong>injuriose</strong></span> <span class='ocrx_word' id='word_1_303' title='bbox 1950 1376 2069 1403; x_wconf 79' lang='lat' dir='ltr'><strong>percus-</strong></span> 
     </span>
    </p>
   </div>
   <div class='ocr_carea' id='block_1_7' title="bbox 290 1416 1779 1482">
    <p class='ocr_par' dir='ltr' id='par_1_7' title="bbox 290 1416 1779 1482">
     <span class='ocr_line' id='line_1_20' title="bbox 290 1416 1225 1452; baseline 0 -10"><span class='ocrx_word' id='word_1_304' title='bbox 290 1417 385 1452; x_wconf 77' lang='lat' dir='ltr'><strong>sisset,</strong></span> <span class='ocrx_word' id='word_1_305' title='bbox 402 1426 421 1442; x_wconf 89' lang='grc' dir='ltr'><em>α</em></span> <span class='ocrx_word' id='word_1_306' title='bbox 432 1416 616 1443; x_wconf 80' lang='lat' dir='ltr'><strong>Parlamento</strong></span> <span class='ocrx_word' id='word_1_307' title='bbox 632 1416 672 1443; x_wconf 84' lang='lat' dir='ltr'><strong>ad</strong></span> <span class='ocrx_word' id='word_1_308' title='bbox 684 1416 833 1443; x_wconf 82' lang='lat' dir='ltr'><strong>emendam</strong></span> <span class='ocrx_word' id='word_1_309' title='bbox 849 1416 1045 1443; x_wconf 82' lang='lat' dir='ltr'><strong>honorabilem</strong></span> <span class='ocrx_word' id='word_1_310' title='bbox 1061 1417 1225 1443; x_wconf 83' lang='lat' dir='ltr'><strong>damnatur.</strong></span> 
     </span>
     <span class='ocr_line' id='line_1_21' title="bbox 1432 1452 1779 1482; baseline -0.003 -4"><span class='ocrx_word' id='word_1_311' title='bbox 1432 1453 1507 1482; x_wconf 83' lang='grc'>1372,</span> <span class='ocrx_word' id='word_1_312' title='bbox 1523 1453 1593 1478; x_wconf 71' lang='lat' dir='ltr'><strong>«lunii</strong></span> <span class='ocrx_word' id='word_1_313' title='bbox 1606 1453 1648 1482; x_wconf 85' lang='lat'><strong>23,</strong></span> <span class='ocrx_word' id='word_1_314' title='bbox 1665 1452 1779 1478; x_wconf 72' lang='lat' dir='ltr'><strong>Parisiis.</strong></span> 
     </span>
    </p>
   </div>
   <div class='ocr_carea' id='block_1_8' title="bbox 200 1535 2073 2846">
    <p class='ocr_par' dir='ltr' id='par_1_8' title="bbox 200 1535 2073 2314">
     <span class='ocr_line' id='line_1_22' title="bbox 291 1535 2071 1581; baseline -0.001 -12"><span class='ocrx_word' id='word_1_315' title='bbox 291 1537 367 1569; x_wconf 86' lang='lat' dir='ltr'><strong>Lite</strong></span> <span class='ocrx_word' id='word_1_316' title='bbox 389 1543 483 1570; x_wconf 89' lang='lat' dir='ltr'><strong>mota</strong></span> <span class='ocrx_word' id='word_1_317' title='bbox 503 1537 540 1569; x_wconf 92' lang='lat' dir='ltr'><strong>in</strong></span> <span class='ocrx_word' id='word_1_318' title='bbox 561 1537 659 1569; x_wconf 87' lang='lat' dir='ltr'><strong>curia</strong></span> <span class='ocrx_word' id='word_1_319' title='bbox 681 1543 804 1569; x_wconf 87' lang='lat' dir='ltr'><strong>nostra</strong></span> <span class='ocrx_word' id='word_1_320' title='bbox 825 1537 920 1569; x_wconf 89' lang='lat' dir='ltr'><strong>inter</strong></span> <span class='ocrx_word' id='word_1_321' title='bbox 941 1543 1212 1581; x_wconf 89' lang='lat' dir='ltr'><strong>procuratorem</strong></span> <span class='ocrx_word' id='word_1_322' title='bbox 1235 1543 1414 1576; x_wconf 84' lang='lat' dir='ltr'><strong>nostrum,</strong></span> <span class='ocrx_word' id='word_1_323' title='bbox 1432 1536 1629 1568; x_wconf 83' lang='lat' dir='ltr'><strong>rectorem¹</strong></span> <span class='ocrx_word' id='word_1_324' title='bbox 1649 1536 1836 1568; x_wconf 75' lang='lat' dir='ltr'><strong>carissime</strong></span> <span class='ocrx_word' id='word_1_325' title='bbox 1854 1535 1926 1568; x_wconf 89' lang='lat' dir='ltr'><strong>filie</strong></span> <span class='ocrx_word' id='word_1_326' title='bbox 1948 1542 2071 1568; x_wconf 86' lang='lat' dir='ltr'><strong>nostre</strong></span> 
     </span>
     <span class='ocr_line' id='line_1_23' title="bbox 202 1602 2070 1647; baseline -0.001 -11"><span class='ocrx_word' id='word_1_327' title='bbox 202 1604 458 1637; x_wconf 87' lang='lat' dir='ltr'><strong>Universitatis</strong></span> <span class='ocrx_word' id='word_1_328' title='bbox 486 1603 704 1636; x_wconf 86' lang='lat' dir='ltr'><strong>Parisiensis</strong></span> <span class='ocrx_word' id='word_1_329' title='bbox 725 1610 760 1636; x_wconf 90' lang='lat' dir='ltr'><strong>et</strong></span> <span class='ocrx_word' id='word_1_330' title='bbox 787 1603 916 1636; x_wconf 90' lang='lat' dir='ltr'><strong>dictam</strong></span> <span class='ocrx_word' id='word_1_331' title='bbox 939 1603 1232 1644; x_wconf 87' lang='lat' dir='ltr'><strong>Universitatem,</strong></span> <span class='ocrx_word' id='word_1_332' title='bbox 1256 1603 1425 1636; x_wconf 83' lang='lat' dir='ltr'><strong>doctores</strong></span> <span class='ocrx_word' id='word_1_333' title='bbox 1447 1602 1625 1635; x_wconf 81' lang='lat' dir='ltr'><strong>facultatis</strong></span> <span class='ocrx_word' id='word_1_334' title='bbox 1647 1603 1876 1635; x_wconf 87' lang='lat' dir='ltr'><strong>decretorum</strong></span> <span class='ocrx_word' id='word_1_335' title='bbox 1899 1609 1933 1634; x_wconf 90' lang='lat' dir='ltr'><strong>et</strong></span> <span class='ocrx_word' id='word_1_336' title='bbox 1957 1603 2070 1647; x_wconf 82' lang='lat' dir='ltr'><strong>ipsam</strong></span> 
     </span>
     <span class='ocr_line' id='line_1_24' title="bbox 200 1669 2071 1715; baseline -0.001 -12"><span class='ocrx_word' id='word_1_337' title='bbox 200 1670 404 1703; x_wconf 82' lang='lat' dir='ltr'><strong>facultatem</strong></span> <span class='ocrx_word' id='word_1_338' title='bbox 425 1682 464 1703; x_wconf 88' lang='lat' dir='ltr'><strong>ac</strong></span> <span class='ocrx_word' id='word_1_339' title='bbox 486 1670 697 1715; x_wconf 85' lang='lat' dir='ltr'><strong>magistrum</strong></span> <span class='ocrx_word' id='word_1_340' title='bbox 716 1670 899 1703; x_wconf 88' lang='lat' dir='ltr'><strong>Simonem</strong></span> <span class='ocrx_word' id='word_1_341' title='bbox 917 1670 1068 1711; x_wconf 88' lang='lat' dir='ltr'><strong>Thome,</strong></span> <span class='ocrx_word' id='word_1_342' title='bbox 1086 1669 1270 1702; x_wconf 89' lang='lat' dir='ltr'><strong>bedellum</strong></span> <span class='ocrx_word' id='word_1_343' title='bbox 1292 1669 1499 1714; x_wconf 77' lang='lat' dir='ltr'><strong>generalem</strong></span> <span class='ocrx_word' id='word_1_344' title='bbox 1518 1669 1612 1702; x_wconf 88' lang='lat' dir='ltr'><strong>dicte</strong></span> <span class='ocrx_word' id='word_1_345' title='bbox 1632 1669 1811 1702; x_wconf 77' lang='lat' dir='ltr'><strong>facultatis</strong></span> <span class='ocrx_word' id='word_1_346' title='bbox 1829 1669 2071 1709; x_wconf 79' lang='lat' dir='ltr'><strong>decretorum,</strong></span> 
     </span>
     <span class='ocr_line' id='line_1_25' title="bbox 202 1735 2072 1782; baseline -0.001 -13"><span class='ocrx_word' id='word_1_347' title='bbox 202 1737 239 1769; x_wconf 91' lang='lat' dir='ltr'><strong>in</strong></span> <span class='ocrx_word' id='word_1_348' title='bbox 261 1743 431 1782; x_wconf 90' lang='lat' dir='ltr'><strong>quantum</strong></span> <span class='ocrx_word' id='word_1_349' title='bbox 462 1736 661 1781; x_wconf 88' lang='lat' dir='ltr'><strong>quemlibet</strong></span> <span class='ocrx_word' id='word_1_350' title='bbox 689 1737 851 1782; x_wconf 89' lang='lat' dir='ltr'><strong>ipsorum</strong></span> <span class='ocrx_word' id='word_1_351' title='bbox 884 1736 1065 1782; x_wconf 86' lang='lat' dir='ltr'><strong>tangebat,</strong></span> <span class='ocrx_word' id='word_1_352' title='bbox 1088 1743 1229 1769; x_wconf 87' lang='lat' dir='ltr'><strong>actores</strong></span> <span class='ocrx_word' id='word_1_353' title='bbox 1256 1748 1299 1768; x_wconf 92' lang='lat' dir='ltr'><strong>ex</strong></span> <span class='ocrx_word' id='word_1_354' title='bbox 1330 1743 1429 1781; x_wconf 88' lang='lat' dir='ltr'><strong>parte</strong></span> <span class='ocrx_word' id='word_1_355' title='bbox 1460 1748 1546 1776; x_wconf 75' lang='lat' dir='ltr'><strong>una,</strong></span> <span class='ocrx_word' id='word_1_356' title='bbox 1575 1743 1609 1768; x_wconf 90' lang='lat' dir='ltr'><strong>et</strong></span> <span class='ocrx_word' id='word_1_357' title='bbox 1635 1736 1746 1768; x_wconf 80' lang='lat' dir='ltr'><strong>Adam</strong></span> <span class='ocrx_word' id='word_1_358' title='bbox 1776 1736 1964 1780; x_wconf 80' lang='lat' dir='ltr'><strong>Flamingi,</strong></span> <span class='ocrx_word' id='word_1_359' title='bbox 1988 1735 2072 1768; x_wconf 87' lang='lat' dir='ltr'><strong>bur-</strong></span> 
     </span>
     <span class='ocr_line' id='line_1_26' title="bbox 202 1803 2070 1849; baseline -0.001 -14"><span class='ocrx_word' id='word_1_360' title='bbox 202 1815 353 1849; x_wconf 86' lang='lat' dir='ltr'><strong>gensem</strong></span> <span class='ocrx_word' id='word_1_361' title='bbox 376 1803 505 1839; x_wconf 65' lang='lat' dir='ltr'><strong>Paris,</strong></span> <span class='ocrx_word' id='word_1_362' title='bbox 523 1803 662 1836; x_wconf 88' lang='lat' dir='ltr'><strong>socium</strong></span> <span class='ocrx_word' id='word_1_363' title='bbox 680 1810 715 1836; x_wconf 88' lang='lat' dir='ltr'><strong>et</strong></span> <span class='ocrx_word' id='word_1_364' title='bbox 735 1803 931 1836; x_wconf 88' lang='lat' dir='ltr'><strong>firmarium</strong></span> <span class='ocrx_word' id='word_1_365' title='bbox 954 1804 1105 1848; x_wconf 91' lang='lat' dir='ltr'><strong>piscidis</strong></span> <span class='ocrx_word' id='word_1_366' title='bbox 1122 1804 1159 1836; x_wconf 90' lang='lat' dir='ltr'><strong>in</strong></span> <span class='ocrx_word' id='word_1_367' title='bbox 1176 1804 1307 1836; x_wconf 87' lang='lat' dir='ltr'><strong>Gravia</strong></span> <span class='ocrx_word' id='word_1_368' title='bbox 1329 1803 1373 1836; x_wconf 91' lang='lat' dir='ltr'><strong>de</strong></span> <span class='ocrx_word' id='word_1_369' title='bbox 1394 1803 1630 1847; x_wconf 87' lang='lat' dir='ltr'><strong>impositione</strong></span> <span class='ocrx_word' id='word_1_370' title='bbox 1647 1809 1682 1835; x_wconf 88' lang='lat' dir='ltr'><strong>et</strong></span> <span class='ocrx_word' id='word_1_371' title='bbox 1702 1803 1872 1847; x_wconf 85' lang='lat' dir='ltr'><strong>ingressu</strong></span> <span class='ocrx_word' id='word_1_372' title='bbox 1890 1803 2070 1838; x_wconf 65' lang='lat' dir='ltr'><strong>vinorum„</strong></span> 
     </span>
     <span class='ocr_line' id='line_1_27' title="bbox 203 1869 2072 1915; baseline -0.001 -13"><span class='ocrx_word' id='word_1_373' title='bbox 203 1870 432 1903; x_wconf 73' lang='lat' dir='ltr'><strong>defensorem</strong></span> <span class='ocrx_word' id='word_1_374' title='bbox 456 1882 498 1902; x_wconf 87' lang='lat' dir='ltr'><strong>ex</strong></span> <span class='ocrx_word' id='word_1_375' title='bbox 519 1869 647 1910; x_wconf 80' lang='lat' dir='ltr'><strong>altera3</strong></span> <span class='ocrx_word' id='word_1_376' title='bbox 671 1881 781 1915; x_wconf 88' lang='lat' dir='ltr'><strong>super</strong></span> <span class='ocrx_word' id='word_1_377' title='bbox 802 1882 845 1903; x_wconf 93' lang='lat' dir='ltr'><strong>eo</strong></span> <span class='ocrx_word' id='word_1_378' title='bbox 867 1870 964 1915; x_wconf 90' lang='lat' dir='ltr'><strong>quod</strong></span> <span class='ocrx_word' id='word_1_379' title='bbox 986 1870 1071 1903; x_wconf 90' lang='lat' dir='ltr'><strong>dicti</strong></span> <span class='ocrx_word' id='word_1_380' title='bbox 1099 1877 1241 1903; x_wconf 87' lang='lat' dir='ltr'><strong>actores</strong></span> <span class='ocrx_word' id='word_1_381' title='bbox 1262 1869 1429 1902; x_wconf 83' lang='lat' dir='ltr'><strong>dicebant</strong></span> <span class='ocrx_word' id='word_1_382' title='bbox 1452 1870 1549 1914; x_wconf 91' lang='lat' dir='ltr'><strong>quod</strong></span> <span class='ocrx_word' id='word_1_383' title='bbox 1576 1881 1702 1902; x_wconf 90' lang='lat' dir='ltr'><strong>omnes</strong></span> <span class='ocrx_word' id='word_1_384' title='bbox 1729 1876 1763 1901; x_wconf 88' lang='lat' dir='ltr'><strong>et</strong></span> <span class='ocrx_word' id='word_1_385' title='bbox 1794 1869 1930 1913; x_wconf 87' lang='lat' dir='ltr'><strong>singuli</strong></span> <span class='ocrx_word' id='word_1_386' title='bbox 1961 1869 2072 1914; x_wconf 84' lang='lat' dir='ltr'><strong>magi-</strong></span> 
     </span>
     <span class='ocr_line' id='line_1_28' title="bbox 203 1936 2072 1981; baseline -0.001 -11"><span class='ocrx_word' id='word_1_387' title='bbox 203 1938 281 1978; x_wconf 90' lang='lat' dir='ltr'><strong>stri,</strong></span> <span class='ocrx_word' id='word_1_388' title='bbox 300 1936 473 1978; x_wconf 87' lang='lat' dir='ltr'><strong>scolares,</strong></span> <span class='ocrx_word' id='word_1_389' title='bbox 491 1936 627 1969; x_wconf 87' lang='lat' dir='ltr'><strong>bedelli</strong></span> <span class='ocrx_word' id='word_1_390' title='bbox 649 1943 684 1969; x_wconf 88' lang='lat' dir='ltr'><strong>et</strong></span> <span class='ocrx_word' id='word_1_391' title='bbox 704 1937 892 1981; x_wconf 87' lang='lat' dir='ltr'><strong>supposita</strong></span> <span class='ocrx_word' id='word_1_392' title='bbox 910 1937 1085 1970; x_wconf 87' lang='lat' dir='ltr'><strong>dictarum</strong></span> <span class='ocrx_word' id='word_1_393' title='bbox 1104 1937 1359 1970; x_wconf 88' lang='lat' dir='ltr'><strong>Universitatis</strong></span> <span class='ocrx_word' id='word_1_394' title='bbox 1377 1943 1412 1969; x_wconf 90' lang='lat' dir='ltr'><strong>et</strong></span> <span class='ocrx_word' id='word_1_395' title='bbox 1431 1936 1610 1969; x_wconf 83' lang='lat' dir='ltr'><strong>facultatis</strong></span> <span class='ocrx_word' id='word_1_396' title='bbox 1628 1943 1729 1968; x_wconf 88' lang='lat' dir='ltr'><strong>erant</strong></span> <span class='ocrx_word' id='word_1_397' title='bbox 1749 1936 1785 1968; x_wconf 92' lang='lat' dir='ltr'><strong>in</strong></span> <span class='ocrx_word' id='word_1_398' title='bbox 1807 1936 1955 1980; x_wconf 84' lang='lat' dir='ltr'><strong>speciali</strong></span> <span class='ocrx_word' id='word_1_399' title='bbox 1977 1936 2072 1968; x_wconf 91' lang='lat' dir='ltr'><strong>salva</strong></span> 
     </span>
     <span class='ocr_line' id='line_1_29' title="bbox 203 2003 2072 2049; baseline -0.001 -13"><span class='ocrx_word' id='word_1_400' title='bbox 203 2004 327 2049; x_wconf 88' lang='lat' dir='ltr'><strong>gardia</strong></span> <span class='ocrx_word' id='word_1_401' title='bbox 350 2009 472 2036; x_wconf 87' lang='lat' dir='ltr'><strong>nostra</strong></span> <span class='ocrx_word' id='word_1_402' title='bbox 494 2003 636 2036; x_wconf 89' lang='lat' dir='ltr'><strong>notorie</strong></span> <span class='ocrx_word' id='word_1_403' title='bbox 657 2010 692 2036; x_wconf 90' lang='lat' dir='ltr'><strong>et</strong></span> <span class='ocrx_word' id='word_1_404' title='bbox 719 2003 878 2048; x_wconf 81' lang='lat' dir='ltr'><strong>publice,</strong></span> <span class='ocrx_word' id='word_1_405' title='bbox 900 2015 1043 2036; x_wconf 88' lang='lat' dir='ltr'><strong>necnon</strong></span> <span class='ocrx_word' id='word_1_406' title='bbox 1064 2004 1245 2036; x_wconf 89' lang='lat' dir='ltr'><strong>immunes</strong></span> <span class='ocrx_word' id='word_1_407' title='bbox 1273 2003 1519 2048; x_wconf 87' lang='lat' dir='ltr'><strong>impositionis</strong></span> <span class='ocrx_word' id='word_1_408' title='bbox 1548 2015 1613 2036; x_wconf 88' lang='lat' dir='ltr'><strong>seu</strong></span> <span class='ocrx_word' id='word_1_409' title='bbox 1639 2003 1810 2035; x_wconf 74' lang='lat' dir='ltr'><strong>introitus</strong></span> <span class='ocrx_word' id='word_1_410' title='bbox 1837 2015 1900 2047; x_wconf 91' lang='lat' dir='ltr'><strong>pro</strong></span> <span class='ocrx_word' id='word_1_411' title='bbox 1921 2003 2015 2036; x_wconf 91' lang='lat' dir='ltr'><strong>vinis</strong></span> <span class='ocrx_word' id='word_1_412' title='bbox 2037 2003 2072 2034; x_wconf 90' lang='lat' dir='ltr'><strong>in</strong></span> 
     </span>
     <span class='ocr_line' id='line_1_30' title="bbox 202 2069 2071 2114; baseline -0.001 -12"><span class='ocrx_word' id='word_1_413' title='bbox 202 2070 440 2114; x_wconf 86' lang='lat' dir='ltr'><strong>hereditagiis</strong></span> <span class='ocrx_word' id='word_1_414' title='bbox 470 2070 547 2102; x_wconf 88' lang='lat' dir='ltr'><strong>suis</strong></span> <span class='ocrx_word' id='word_1_415' title='bbox 574 2069 753 2110; x_wconf 78' lang='lat' dir='ltr'><strong>collectis,</strong></span> <span class='ocrx_word' id='word_1_416' title='bbox 775 2081 840 2102; x_wconf 89' lang='lat' dir='ltr'><strong>seu</strong></span> <span class='ocrx_word' id='word_1_417' title='bbox 869 2081 933 2114; x_wconf 91' lang='lat' dir='ltr'><strong>pro</strong></span> <span class='ocrx_word' id='word_1_418' title='bbox 956 2082 1081 2102; x_wconf 91' lang='lat' dir='ltr'><strong>eorum</strong></span> <span class='ocrx_word' id='word_1_419' title='bbox 1102 2070 1320 2103; x_wconf 85' lang='lat' dir='ltr'><strong>victualibus</strong></span> <span class='ocrx_word' id='word_1_420' title='bbox 1346 2070 1490 2114; x_wconf 90' lang='lat' dir='ltr'><strong>emptis,</strong></span> <span class='ocrx_word' id='word_1_421' title='bbox 1513 2069 1603 2102; x_wconf 90' lang='lat' dir='ltr'><strong>adeo</strong></span> <span class='ocrx_word' id='word_1_422' title='bbox 1625 2069 1721 2114; x_wconf 88' lang='lat' dir='ltr'><strong>quod</strong></span> <span class='ocrx_word' id='word_1_423' title='bbox 1749 2069 1866 2101; x_wconf 81' lang='lat' dir='ltr'><strong>(lictus</strong></span> <span class='ocrx_word' id='word_1_424' title='bbox 1889 2069 2071 2109; x_wconf 84' lang='lat' dir='ltr'><strong>defensor,</strong></span> 
     </span>
     <span class='ocr_line' id='line_1_31' title="bbox 203 2136 2073 2181; baseline -0.001 -12"><span class='ocrx_word' id='word_1_425' title='bbox 203 2143 366 2181; x_wconf 87' lang='lat' dir='ltr'><strong>tempore</strong></span> <span class='ocrx_word' id='word_1_426' title='bbox 396 2147 612 2168; x_wconf 85' lang='lat' dir='ltr'><strong>excessuum</strong></span> <span class='ocrx_word' id='word_1_427' title='bbox 646 2136 682 2168; x_wconf 91' lang='lat' dir='ltr'><strong>in</strong></span> <span class='ocrx_word' id='word_1_428' title='bbox 713 2148 905 2181; x_wconf 85' lang='lat' dir='ltr'><strong>personam</strong></span> <span class='ocrx_word' id='word_1_429' title='bbox 933 2136 1018 2169; x_wconf 89' lang='lat' dir='ltr'><strong>dicti</strong></span> <span class='ocrx_word' id='word_1_430' title='bbox 1050 2137 1208 2169; x_wconf 90' lang='lat' dir='ltr'><strong>Simonis</strong></span> <span class='ocrx_word' id='word_1_431' title='bbox 1239 2148 1303 2181; x_wconf 89' lang='lat' dir='ltr'><strong>per</strong></span> <span class='ocrx_word' id='word_1_432' title='bbox 1323 2136 1440 2181; x_wconf 91' lang='lat' dir='ltr'><strong>ipsum</strong></span> <span class='ocrx_word' id='word_1_433' title='bbox 1473 2142 1774 2180; x_wconf 87' lang='lat' dir='ltr'><strong>perpetratorum,</strong></span> <span class='ocrx_word' id='word_1_434' title='bbox 1802 2136 1970 2180; x_wconf 85' lang='lat' dir='ltr'><strong>ignorare</strong></span> <span class='ocrx_word' id='word_1_435' title='bbox 2001 2148 2073 2168; x_wconf 91' lang='lat' dir='ltr'><strong>non</strong></span> 
     </span>
     <span class='ocr_line' id='line_1_32' title="bbox 204 2202 2073 2248; baseline -0.001 -12"><span class='ocrx_word' id='word_1_436' title='bbox 204 2209 356 2248; x_wconf 88' lang='lat' dir='ltr'><strong>poterat,</strong></span> <span class='ocrx_word' id='word_1_437' title='bbox 375 2202 546 2247; x_wconf 89' lang='lat' dir='ltr'><strong>quodque</strong></span> <span class='ocrx_word' id='word_1_438' title='bbox 568 2202 687 2235; x_wconf 90' lang='lat' dir='ltr'><strong>dictus</strong></span> <span class='ocrx_word' id='word_1_439' title='bbox 709 2203 881 2236; x_wconf 86' lang='lat' dir='ltr'><strong>defensor</strong></span> <span class='ocrx_word' id='word_1_440' title='bbox 897 2215 991 2236; x_wconf 88' lang='lat' dir='ltr'><strong>anno</strong></span> <span class='ocrx_word' id='word_1_441' title='bbox 1013 2204 1142 2236; x_wconf 88' lang='lat' dir='ltr'><strong>LXXl⁰</strong></span> <span class='ocrx_word' id='word_1_442' title='bbox 1160 2203 1284 2248; x_wconf 89' lang='lat' dir='ltr'><strong>plures</strong></span> <span class='ocrx_word' id='word_1_443' title='bbox 1306 2203 1426 2248; x_wconf 84' lang='lat' dir='ltr'><strong>pecias</strong></span> <span class='ocrx_word' id='word_1_444' title='bbox 1443 2203 1531 2240; x_wconf 83' lang='lat' dir='ltr'><strong>vini,</strong></span> <span class='ocrx_word' id='word_1_445' title='bbox 1550 2214 1639 2247; x_wconf 80' lang='lat' dir='ltr'><strong>quas</strong></span> <span class='ocrx_word' id='word_1_446' title='bbox 1660 2203 1778 2235; x_wconf 88' lang='lat' dir='ltr'><strong>dictus</strong></span> <span class='ocrx_word' id='word_1_447' title='bbox 1801 2203 1923 2235; x_wconf 88' lang='lat' dir='ltr'><strong>Simon</strong></span> <span class='ocrx_word' id='word_1_448' title='bbox 1944 2202 2073 2234; x_wconf 87' lang='lat' dir='ltr'><strong>adduci</strong></span> 
     </span>
     <span class='ocr_line' id='line_1_33' title="bbox 202 2269 2021 2314; baseline -0.001 -12"><span class='ocrx_word' id='word_1_449' title='bbox 202 2270 336 2302; x_wconf 84' lang='lat' dir='ltr'><strong>fecerat</strong></span> <span class='ocrx_word' id='word_1_450' title='bbox 356 2269 530 2310; x_wconf 86' lang='lat' dir='ltr'><strong>Parisius,</strong></span> <span class='ocrx_word' id='word_1_451' title='bbox 554 2269 672 2302; x_wconf 88' lang='lat' dir='ltr'><strong>eidem</strong></span> <span class='ocrx_word' id='word_1_452' title='bbox 695 2269 833 2302; x_wconf 90' lang='lat' dir='ltr'><strong>Simoni</strong></span> <span class='ocrx_word' id='word_1_453' title='bbox 854 2276 1021 2314; x_wconf 81' lang='lat' dir='ltr'><strong>tanquam</strong></span> <span class='ocrx_word' id='word_1_454' title='bbox 1043 2269 1189 2302; x_wconf 91' lang='lat' dir='ltr'><strong>bedello</strong></span> <span class='ocrx_word' id='word_1_455' title='bbox 1211 2270 1305 2302; x_wconf 85' lang='lat' dir='ltr'><strong>dicte</strong></span> <span class='ocrx_word' id='word_1_456' title='bbox 1327 2269 1506 2302; x_wconf 81' lang='lat' dir='ltr'><strong>facultatis</strong></span> <span class='ocrx_word' id='word_1_457' title='bbox 1527 2269 1642 2302; x_wconf 89' lang='lat' dir='ltr'><strong>libere</strong></span> <span class='ocrx_word' id='word_1_458' title='bbox 1664 2269 1797 2301; x_wconf 83' lang='lat' dir='ltr'><strong>fecerat</strong></span> <span class='ocrx_word' id='word_1_459' title='bbox 1816 2269 2021 2301; x_wconf 87' lang='lat' dir='ltr'><strong>deliberari.</strong></span> 
     </span>
    </p>

    <p class='ocr_par' dir='ltr' id='par_1_9' title="bbox 202 2335 2073 2846">
     <span class='ocr_line' id='line_1_34' title="bbox 292 2335 2071 2380; baseline -0.001 -12"><span class='ocrx_word' id='word_1_460' title='bbox 292 2335 469 2368; x_wconf 86' lang='lat' dir='ltr'><strong>Dicebant</strong></span> <span class='ocrx_word' id='word_1_461' title='bbox 495 2335 646 2380; x_wconf 86' lang='lat' dir='ltr'><strong>insuper</strong></span> <span class='ocrx_word' id='word_1_462' title='bbox 667 2336 765 2380; x_wconf 91' lang='lat' dir='ltr'><strong>quod</strong></span> <span class='ocrx_word' id='word_1_463' title='bbox 791 2336 886 2368; x_wconf 89' lang='lat' dir='ltr'><strong>circa</strong></span> <span class='ocrx_word' id='word_1_464' title='bbox 913 2336 1044 2368; x_wconf 87' lang='lat' dir='ltr'><strong>festum</strong></span> <span class='ocrx_word' id='word_1_465' title='bbox 1066 2336 1235 2369; x_wconf 87' lang='lat' dir='ltr'><strong>Omnium</strong></span> <span class='ocrx_word' id='word_1_466' title='bbox 1260 2337 1471 2369; x_wconf 87' lang='lat' dir='ltr'><strong>Sanctorum</strong></span> <span class='ocrx_word' id='word_1_467' title='bbox 1495 2336 1769 2380; x_wconf 68' lang='lat' dir='ltr'><strong>ejusdenranni</strong></span> <span class='ocrx_word' id='word_1_468' title='bbox 1801 2348 1906 2367; x_wconf 90' lang='lat' dir='ltr'><strong>unam</strong></span> <span class='ocrx_word' id='word_1_469' title='bbox 1937 2336 2071 2380; x_wconf 84' lang='lat' dir='ltr'><strong>peciam</strong></span> 
     </span>
     <span class='ocr_line' id='line_1_35' title="bbox 202 2402 2073 2447; baseline -0.001 -11"><span class='ocrx_word' id='word_1_470' title='bbox 202 2403 276 2436; x_wconf 87' lang='lat' dir='ltr'><strong>vini</strong></span> <span class='ocrx_word' id='word_1_471' title='bbox 297 2403 342 2435; x_wconf 91' lang='lat' dir='ltr'><strong>de</strong></span> <span class='ocrx_word' id='word_1_472' title='bbox 357 2402 452 2436; x_wconf 91' lang='lat' dir='ltr'><strong>vinis</strong></span> <span class='ocrx_word' id='word_1_473' title='bbox 474 2402 560 2435; x_wconf 81' lang='lat' dir='ltr'><strong>dicti</strong></span> <span class='ocrx_word' id='word_1_474' title='bbox 582 2402 753 2443; x_wconf 83' lang='lat' dir='ltr'><strong>Simonis,</strong></span> <span class='ocrx_word' id='word_1_475' title='bbox 772 2409 808 2435; x_wconf 87' lang='lat' dir='ltr'><strong>et</strong></span> <span class='ocrx_word' id='word_1_476' title='bbox 828 2414 893 2447; x_wconf 89' lang='lat' dir='ltr'><strong>pro</strong></span> <span class='ocrx_word' id='word_1_477' title='bbox 915 2415 982 2435; x_wconf 90' lang='lat' dir='ltr'><strong>suo</strong></span> <span class='ocrx_word' id='word_1_478' title='bbox 999 2403 1108 2443; x_wconf 81' lang='lat' dir='ltr'><strong>victu,</strong></span> <span class='ocrx_word' id='word_1_479' title='bbox 1132 2414 1196 2447; x_wconf 90' lang='lat' dir='ltr'><strong>per</strong></span> <span class='ocrx_word' id='word_1_480' title='bbox 1218 2409 1354 2447; x_wconf 88' lang='lat' dir='ltr'><strong>portam</strong></span> <span class='ocrx_word' id='word_1_481' title='bbox 1378 2402 1497 2435; x_wconf 89' lang='lat' dir='ltr'><strong>Sancti</strong></span> <span class='ocrx_word' id='word_1_482' title='bbox 1519 2402 1667 2435; x_wconf 90' lang='lat' dir='ltr'><strong>Antonii</strong></span> <span class='ocrx_word' id='word_1_483' title='bbox 1689 2402 1801 2434; x_wconf 86' lang='lat' dir='ltr'><strong>Paris.</strong></span> <span class='ocrx_word' id='word_1_484' title='bbox 1825 2402 1982 2434; x_wconf 84' lang='lat' dir='ltr'><strong>audduci</strong></span> <span class='ocrx_word' id='word_1_485' title='bbox 2000 2403 2073 2444; x_wconf 71' lang='lat' dir='ltr'><strong>(sic)</strong></span> 
     </span>
     <span class='ocr_line' id='line_1_36' title="bbox 202 2469 2073 2514; baseline -0.001 -13"><span class='ocrx_word' id='word_1_486' title='bbox 202 2470 348 2508; x_wconf 85' lang='lat' dir='ltr'><strong>fecerat,</strong></span> <span class='ocrx_word' id='word_1_487' title='bbox 376 2481 440 2514; x_wconf 91' lang='lat' dir='ltr'><strong>pro</strong></span> <span class='ocrx_word' id='word_1_488' title='bbox 462 2470 567 2513; x_wconf 88' lang='lat' dir='ltr'><strong>cujus</strong></span> <span class='ocrx_word' id='word_1_489' title='bbox 592 2469 742 2502; x_wconf 87' lang='lat' dir='ltr'><strong>introitu</strong></span> <span class='ocrx_word' id='word_1_490' title='bbox 773 2481 880 2501; x_wconf 91' lang='lat' dir='ltr'><strong>unum</strong></span> <span class='ocrx_word' id='word_1_491' title='bbox 911 2469 1119 2514; x_wconf 85' lang='lat' dir='ltr'><strong>gobeletum</strong></span> <span class='ocrx_word' id='word_1_492' title='bbox 1151 2470 1292 2514; x_wconf 84' lang='lat' dir='ltr'><strong>argenti</strong></span> <span class='ocrx_word' id='word_1_493' title='bbox 1322 2481 1385 2514; x_wconf 84' lang='lat' dir='ltr'><strong>pro</strong></span> <span class='ocrx_word' id='word_1_494' title='bbox 1407 2469 1512 2502; x_wconf 86' lang='lat' dir='ltr'><strong>vadio</strong></span> <span class='ocrx_word' id='word_1_495' title='bbox 1542 2469 1739 2509; x_wconf 84' lang='lat' dir='ltr'><strong>dimiserat,</strong></span> <span class='ocrx_word' id='word_1_496' title='bbox 1765 2481 1828 2513; x_wconf 85' lang='lat' dir='ltr'><strong>pro</strong></span> <span class='ocrx_word' id='word_1_497' title='bbox 1855 2481 1925 2513; x_wconf 89' lang='lat' dir='ltr'><strong>quo</strong></span> <span class='ocrx_word' id='word_1_498' title='bbox 1954 2469 2073 2501; x_wconf 71' lang='lat' dir='ltr'><strong>reddi-‹</strong></span> 
     </span>
     <span class='ocr_line' id='line_1_37' title="bbox 204 2535 2072 2569; baseline -0.001 -1"><span class='ocrx_word' id='word_1_499' title='bbox 204 2536 335 2568; x_wconf 90' lang='lat' dir='ltr'><strong>mendo</strong></span> <span class='ocrx_word' id='word_1_500' title='bbox 353 2535 516 2568; x_wconf 87' lang='lat' dir='ltr'><strong>cedulam</strong></span> <span class='ocrx_word' id='word_1_501' title='bbox 534 2548 552 2568; x_wconf 87' lang='lat' dir='ltr'><strong>a</strong></span> <span class='ocrx_word' id='word_1_502' title='bbox 570 2535 666 2568; x_wconf 92' lang='lat' dir='ltr'><strong>dicto</strong></span> <span class='ocrx_word' id='word_1_503' title='bbox 689 2542 829 2568; x_wconf 87' lang='lat' dir='ltr'><strong>rectore</strong></span> <span class='ocrx_word' id='word_1_504' title='bbox 851 2536 886 2568; x_wconf 90' lang='lat' dir='ltr'><strong>in</strong></span> <span class='ocrx_word' id='word_1_505' title='bbox 903 2536 1017 2569; x_wconf 89' lang='lat' dir='ltr'><strong>forma</strong></span> <span class='ocrx_word' id='word_1_506' title='bbox 1038 2543 1212 2568; x_wconf 87' lang='lat' dir='ltr'><strong>consueta</strong></span> <span class='ocrx_word' id='word_1_507' title='bbox 1229 2536 1325 2568; x_wconf 88' lang='lat' dir='ltr'><strong>dicto</strong></span> <span class='ocrx_word' id='word_1_508' title='bbox 1343 2536 1529 2568; x_wconf 87' lang='lat' dir='ltr'><strong>defensori</strong></span> <span class='ocrx_word' id='word_1_509' title='bbox 1550 2542 1583 2568; x_wconf 88' lang='lat' dir='ltr'><strong>et</strong></span> <span class='ocrx_word' id='word_1_510' title='bbox 1605 2536 1682 2568; x_wconf 86' lang='lat' dir='ltr'><strong>suis</strong></span> <span class='ocrx_word' id='word_1_511' title='bbox 1699 2535 1882 2567; x_wconf 84' lang='lat' dir='ltr'><strong>consociis</strong></span> <span class='ocrx_word' id='word_1_512' title='bbox 1902 2535 2072 2567; x_wconf 87' lang='lat' dir='ltr'><strong>directam</strong></span> 
     </span>
     <span class='ocr_line' id='line_1_38' title="bbox 204 2601 2073 2647; baseline -0.001 -13"><span class='ocrx_word' id='word_1_513' title='bbox 204 2602 422 2642; x_wconf 84' lang='lat' dir='ltr'><strong>obtinuerat,</strong></span> <span class='ocrx_word' id='word_1_514' title='bbox 441 2602 678 2646; x_wconf 86' lang='lat' dir='ltr'><strong>eamdemque</strong></span> <span class='ocrx_word' id='word_1_515' title='bbox 699 2602 794 2634; x_wconf 90' lang='lat' dir='ltr'><strong>idem</strong></span> <span class='ocrx_word' id='word_1_516' title='bbox 818 2603 941 2635; x_wconf 91' lang='lat' dir='ltr'><strong>Simon</strong></span> <span class='ocrx_word' id='word_1_517' title='bbox 963 2609 1092 2635; x_wconf 88' lang='lat' dir='ltr'><strong>tenens</strong></span> <span class='ocrx_word' id='word_1_518' title='bbox 1108 2603 1245 2647; x_wconf 86' lang='lat' dir='ltr'><strong>virgam</strong></span> <span class='ocrx_word' id='word_1_519' title='bbox 1264 2609 1471 2647; x_wconf 82' lang='lat' dir='ltr'><strong>argenteam</strong></span> <span class='ocrx_word' id='word_1_520' title='bbox 1494 2602 1677 2646; x_wconf 82' lang='lat' dir='ltr'><strong>generalis</strong></span> <span class='ocrx_word' id='word_1_521' title='bbox 1699 2601 1822 2634; x_wconf 85' lang='lat' dir='ltr'><strong>bidelli</strong></span> <span class='ocrx_word' id='word_1_522' title='bbox 1848 2602 1942 2633; x_wconf 83' lang='lat' dir='ltr'><strong>(licto</strong></span> <span class='ocrx_word' id='word_1_523' title='bbox 1964 2601 2073 2633; x_wconf 83' lang='lat' dir='ltr'><strong>facul-</strong></span> 
     </span>
     <span class='ocr_line' id='line_1_39' title="bbox 203 2668 2071 2714; baseline -0.001 -14"><span class='ocrx_word' id='word_1_524' title='bbox 203 2669 285 2701; x_wconf 87' lang='lat' dir='ltr'><strong>tatis</strong></span> <span class='ocrx_word' id='word_1_525' title='bbox 307 2668 402 2701; x_wconf 84' lang='lat' dir='ltr'><strong>dicto</strong></span> <span class='ocrx_word' id='word_1_526' title='bbox 425 2668 617 2701; x_wconf 89' lang='lat' dir='ltr'><strong>defensore</strong></span> <span class='ocrx_word' id='word_1_527' title='bbox 639 2669 712 2711; x_wconf 81' lang='lat' dir='ltr'><strong>(sic)</strong></span> <span class='ocrx_word' id='word_1_528' title='bbox 741 2676 1022 2713; x_wconf 85' lang='lat' dir='ltr'><strong>presentaverat,</strong></span> <span class='ocrx_word' id='word_1_529' title='bbox 1047 2669 1286 2714; x_wconf 91' lang='lat' dir='ltr'><strong>supplicando</strong></span> <span class='ocrx_word' id='word_1_530' title='bbox 1316 2669 1453 2713; x_wconf 89' lang='lat' dir='ltr'><strong>pluries</strong></span> <span class='ocrx_word' id='word_1_531' title='bbox 1484 2675 1517 2701; x_wconf 89' lang='lat' dir='ltr'><strong>ut</strong></span> <span class='ocrx_word' id='word_1_532' title='bbox 1547 2669 1726 2712; x_wconf 85' lang='lat' dir='ltr'><strong>aequitum</strong></span> <span class='ocrx_word' id='word_1_533' title='bbox 1756 2668 1849 2700; x_wconf 76' lang='lat' dir='ltr'><strong>dicte</strong></span> <span class='ocrx_word' id='word_1_534' title='bbox 1879 2668 1978 2712; x_wconf 85' lang='lat' dir='ltr'><strong>pecie</strong></span> <span class='ocrx_word' id='word_1_535' title='bbox 2000 2668 2071 2699; x_wconf 90' lang='lat' dir='ltr'><strong>vini</strong></span> 
     </span>
     <span class='ocr_line' id='line_1_40' title="bbox 204 2734 2073 2779; baseline -0.001 -12"><span class='ocrx_word' id='word_1_536' title='bbox 204 2735 274 2768; x_wconf 89' lang='lat' dir='ltr'><strong>sibi</strong></span> <span class='ocrx_word' id='word_1_537' title='bbox 297 2735 465 2774; x_wconf 85' lang='lat' dir='ltr'><strong>traderet,</strong></span> <span class='ocrx_word' id='word_1_538' title='bbox 489 2735 585 2779; x_wconf 91' lang='lat' dir='ltr'><strong>quod</strong></span> <span class='ocrx_word' id='word_1_539' title='bbox 612 2735 730 2768; x_wconf 88' lang='lat' dir='ltr'><strong>dictus</strong></span> <span class='ocrx_word' id='word_1_540' title='bbox 753 2735 925 2768; x_wconf 89' lang='lat' dir='ltr'><strong>defensor</strong></span> <span class='ocrx_word' id='word_1_541' title='bbox 946 2736 1087 2768; x_wconf 86' lang='lat' dir='ltr'><strong>tradere</strong></span> <span class='ocrx_word' id='word_1_542' title='bbox 1110 2742 1351 2768; x_wconf 85' lang='lat' dir='ltr'><strong>recusaverat.</strong></span> <span class='ocrx_word' id='word_1_543' title='bbox 1375 2736 1555 2779; x_wconf 86' lang='lat' dir='ltr'><strong>Quinymo</strong></span> <span class='ocrx_word' id='word_1_544' title='bbox 1578 2736 1695 2767; x_wconf 70' lang='lat' dir='ltr'><strong>dictus</strong></span> <span class='ocrx_word' id='word_1_545' title='bbox 1717 2735 1899 2773; x_wconf 62' lang='lat' dir='ltr'><strong>defensor,</strong></span> <span class='ocrx_word' id='word_1_546' title='bbox 1924 2734 1966 2765; x_wconf 83' lang='lat' dir='ltr'><strong>(le</strong></span> <span class='ocrx_word' id='word_1_547' title='bbox 1994 2745 2073 2777; x_wconf 85' lang='lat' dir='ltr'><strong>prc-</strong></span> 
     </span>
     <span class='ocr_line' id='line_1_41' title="bbox 204 2801 2070 2846; baseline -0.001 -13"><span class='ocrx_word' id='word_1_548' title='bbox 204 2802 328 2834; x_wconf 84' lang='lat' dir='ltr'><strong>missis</strong></span> <span class='ocrx_word' id='word_1_549' title='bbox 350 2813 422 2833; x_wconf 91' lang='lat' dir='ltr'><strong>non</strong></span> <span class='ocrx_word' id='word_1_550' title='bbox 443 2808 649 2842; x_wconf 89' lang='lat' dir='ltr'><strong>contentus,</strong></span> <span class='ocrx_word' id='word_1_551' title='bbox 673 2802 807 2834; x_wconf 89' lang='lat' dir='ltr'><strong>dictum</strong></span> <span class='ocrx_word' id='word_1_552' title='bbox 840 2803 1021 2835; x_wconf 88' lang='lat' dir='ltr'><strong>Simonem</strong></span> <span class='ocrx_word' id='word_1_553' title='bbox 1054 2803 1231 2846; x_wconf 88' lang='lat' dir='ltr'><strong>injuriose</strong></span> <span class='ocrx_word' id='word_1_554' title='bbox 1260 2814 1323 2846; x_wconf 88' lang='lat' dir='ltr'><strong>per</strong></span> <span class='ocrx_word' id='word_1_555' title='bbox 1351 2814 1476 2834; x_wconf 87' lang='lat' dir='ltr'><strong>nasum</strong></span> <span class='ocrx_word' id='word_1_556' title='bbox 1508 2808 1691 2845; x_wconf 77' lang='lat' dir='ltr'><strong>acecperat</strong></span> <span class='ocrx_word' id='word_1_557' title='bbox 1724 2814 1762 2833; x_wconf 75' lang='lat' dir='ltr'><strong>ac</strong></span> <span class='ocrx_word' id='word_1_558' title='bbox 1793 2801 1836 2832; x_wconf 90' lang='lat' dir='ltr'><strong>‹le</strong></span> <span class='ocrx_word' id='word_1_559' title='bbox 1866 2812 1987 2844; x_wconf 84' lang='lat' dir='ltr'><strong>pugno</strong></span> <span class='ocrx_word' id='word_1_560' title='bbox 2008 2812 2070 2831; x_wconf 82' lang='lat' dir='ltr'><strong>seu</strong></span> 
     </span>
    </p>
   </div>
   <div class='ocr_carea' id='block_1_9' title="bbox 206 2868 1524 2913">
    <p class='ocr_par' dir='ltr' id='par_1_10' title="bbox 206 2868 1524 2913">
     <span class='ocr_line' id='line_1_42' title="bbox 206 2868 1524 2913; baseline 0.001 -14"><span class='ocrx_word' id='word_1_561' title='bbox 206 2868 318 2912; x_wconf 85' lang='lat' dir='ltr'><strong>palma</strong></span> <span class='ocrx_word' id='word_1_562' title='bbox 341 2880 447 2912; x_wconf 85' lang='lat' dir='ltr'><strong>supra</strong></span> <span class='ocrx_word' id='word_1_563' title='bbox 469 2879 581 2912; x_wconf 87' lang='lat' dir='ltr'><strong>genas</strong></span> <span class='ocrx_word' id='word_1_564' title='bbox 603 2875 638 2900; x_wconf 90' lang='lat' dir='ltr'><strong>et</strong></span> <span class='ocrx_word' id='word_1_565' title='bbox 657 2869 773 2913; x_wconf 84' lang='lat' dir='ltr'><strong>capud</strong></span> <span class='ocrx_word' id='word_1_566' title='bbox 794 2869 912 2901; x_wconf 89' lang='lat' dir='ltr'><strong>animo</strong></span> <span class='ocrx_word' id='word_1_567' title='bbox 934 2869 1102 2902; x_wconf 89' lang='lat' dir='ltr'><strong>malivolo</strong></span> <span class='ocrx_word' id='word_1_568' title='bbox 1124 2869 1262 2913; x_wconf 84' lang='lat' dir='ltr'><strong>pluries</strong></span> <span class='ocrx_word' id='word_1_569' title='bbox 1283 2875 1524 2913; x_wconf 79' lang='lat' dir='ltr'><strong>percusserat.</strong></span> 
     </span>
    </p>
   </div>
  </div>
 </body>
</html>
