2488 3386
461 347 524 379 612
1032 353 1350 376 cuAa’rcLAmUM
1387 351 1576 373 UNIVERS.
1613 351 1743 372 mnis
2224 335 2323 373 [1394

550 432 616 462 Pro
638 426 703 462 hac
723 430 778 462 via
803 429 938 461 faciunt
966 428 1128 473 exempla
1156 434 1294 473 patrum
1324 433 1547 466 nostrorum,
1570 425 1630 470 qui
1658 425 1695 457 in
1724 424 1843 457 minus
1869 424 1999 465 et[iam]
2027 423 2151 456 arduis
2178 423 2323 457 casibus

461 498 693 530 incurrerunt
712 496 755 528 ad
777 495 992 537 Consilium,
1014 502 1053 528 ut
1072 501 1168 540 patet
1188 494 1224 526 in
1245 493 1369 526 multis
1385 491 1546 537 juribus.

550 564 636 595 Item
659 562 856 595 immutatio
879 561 1094 595 universalis
1115 567 1228 594 status
1250 559 1418 600 ecclesie,
1445 570 1514 603 que
1542 558 1578 590 in
1604 570 1688 591 casu
1716 557 1879 603 presenti
1903 557 2023 590 locum
2044 555 2163 598 habet,
2186 556 2223 589 in
2251 568 2322 601 quo

462 636 585 662 contra
606 629 805 674 predictum
829 635 957 661 statum
976 629 1047 661 duo
1069 634 1235 673 papatum
1254 632 1431 670 occupant
1451 631 1486 658 et
1506 624 1643 658 nullius
1659 626 1721 670 jus
1743 631 1799 658 est
1819 635 2080 670 usquequaque
2102 623 2324 656 sufficienter

462 703 611 729 certum.

551 764 636 795 Item
660 763 742 807 quia
763 762 888 795 dicunt
908 762 1076 795 doctores
1098 760 1296 800 canoniste,
1322 758 1419 804 quod
1441 758 1535 791 sicut
1554 758 1592 791 in
1615 770 1701 791 casu
1726 758 1869 791 heresis
1895 769 1996 803 papa,
2022 757 2066 790 de
2092 757 2197 801 cujus
2218 756 2322 789 etiam

462 836 581 862 mente
602 841 674 861 non
695 829 951 873 ambigeretur,
979 827 1106 861 subest
1125 827 1256 859 ceteris
1277 825 1449 858 fidelibus
1470 825 1557 858 alias
1579 824 1649 858 sibi
1670 825 1860 869 subjectis,
1880 824 1927 857 ita
1953 830 1989 857 et
2014 824 2050 856 in
2072 823 2218 856 materia
2244 834 2324 868 pre-

463 896 568 928 senti.
591 897 701 936 Patet,
727 896 808 940 quia
834 907 897 940 per
919 907 999 927 eum
1023 906 1094 927 non
1116 900 1196 934 stat,
1222 893 1309 937 quin
1329 898 1506 937 perpetuo
1528 891 1634 924 duret
1660 891 1804 933 scisma,
1828 891 1926 936 quod
1952 897 2007 923 est
2033 896 2157 923 contra
2178 890 2324 922 ordina-

461 962 595 995 tionem
618 963 695 1002 Dei,
714 962 774 1007 qui
796 961 977 1006 disposuit
993 961 1180 993 ecclesiam
1199 959 1409 993 catholicam
1428 970 1510 992 esse
1529 970 1649 1000 unam,
1668 958 1801 991 nedum
1823 970 1866 990 ex
1887 958 2021 990 unitate
2043 957 2170 1002 capitis
2187 956 2324 990 Christi

460 1031 564 1070 Jesu,
593 1029 657 1061 sed
687 1029 790 1061 etiam
819 1029 897 1072 ejus
924 1028 1047 1060 vicarii
1081 1026 1316 1067 universalis,
1346 1026 1426 1071 ipso
1457 1025 1613 1058 Domino
1644 1031 1737 1058 teste
1767 1024 1850 1057 dum
1877 1024 1993 1057 dixit:
2018 1025 2106 1056 «Tu
2134 1022 2324 1056 vocaberis

462 1095 593 1140 cephas
612 1109 627 1125 »
650 1095 755 1135 [J0l1.,
774 1106 797 1134 1,
819 1096 886 1135 42],
910 1101 944 1127 et
965 1093 1174 1127 similia‘....

549 1163 636 1194 Item
658 1173 722 1206 per
743 1161 945 1195 Consilium
967 1160 1242 1205 pacificarentur
1263 1159 1372 1192 corda
1392 1158 1578 1200 o[mnium]
1599 1158 1774 1191 fidelium.

549 1229 635 1260 Item
658 1240 722 1272 per
742 1227 832 1260 illud
853 1227 1003 1260 hereses
1026 1227 1252 1260 tollerentur.

549 1295 635 1327 Item
658 1294 755 1327 istud
776 1294 907 1327 scisma
929 1294 1044 1339 tangit
1064 1293 1306 1327 universalem
1328 1293 1518 1326 ecclesiam
1539 1304 1546 1325 ε
1570 1292 1694 1337 igitur,
1718 1298 1787 1324 etc.

549 1362 635 1393 Item
658 1361 740 1405 quia
762 1361 865 1405 pauci
885 1361 1026 1393 facilius
1048 1366 1358 1405 presentarentur,
1378 1372 1482 1404 quam
1504 1365 1576 1392 tota
1597 1357 1791 1391 multitudo
1813 1357 1989 1390 fidelium.

549 1428 635 1460 Item
667 1426 795 1460 fideles
824 1427 998 1460 libentius
1028 1426 1220 1459 obedirent
1246 1426 1299 1458 illi
1330 1426 1391 1471 qui
1418 1432 1518 1459 esset
1542 1425 1680 1458 electus
1707 1436 1772 1469 per
1797 1424 1988 1469 deputatos
2013 1423 2056 1457 ab
2084 1423 2137 1456 eis
2162 1423 2199 1455 in
2225 1435 2324 1456 com-

461 1494 572 1534 muni,
595 1505 698 1538 quam
727 1494 780 1526 illi
808 1494 869 1538 qui
899 1500 997 1526 esset
1027 1493 1178 1526 ellectus
1210 1505 1274 1538 per
1301 1493 1493 1538 deputatos
1520 1504 1538 1525 a
1565 1490 1690 1537 paucis
1719 1503 1792 1524 non
1823 1490 2043 1523 habentibus
2072 1489 2321 1523 auctoritatem

461 1572 685 1593 communem
698 1561 721 1592 ⁵.
731 1587 736 1592 .
746 1587 751 1592 .
761 1587 766 1592 .

664 1676 729 1696 PRO
754 1677 982 1697 SUBmssonE
1005 1677 1073 1698 PER
1095 1677 1223 1698 MODUM
1246 1676 1481 1698 couPRoulssx
1502 1675 1653 1696 FACIUNT
1676 1674 1812 1695 MOTIVA
1835 1674 1903 1695 0111:
1925 1673 2119 1694 SEQUNTUR.

550 1760 667 1792 Primo
696 1760 792 1805 quod
820 1761 850 1793 si
882 1761 1081 1794 nolluerInt
1100 1761 1379 1803 contendentes,
1403 1767 1485 1801 etc.,
1508 1760 1552 1793 ad
1577 1760 1668 1793 viam
1695 1758 1907 1804 predictam,
1932 1757 2084 1790 maxime
2105 1756 2167 1789 ubi
2195 1768 2323 1790 omnes

461 1826 625 1859 catholici
647 1828 896 1871 cujuscunque
918 1834 1031 1860 status
1053 1828 1305 1860 consentirent
1324 1834 1359 1860 et
1379 1827 1423 1860 de
1440 1838 1623 1860 consensu
1641 1837 1768 1858 omnes
1790 1830 1927 1857 starent
1947 1823 2013 1865 eis,
2032 1823 2195 1868 suspecti
2216 1829 2325 1856 erunt

461 1892 496 1925 in
518 1893 588 1925 fide
610 1894 727 1938 quoad
748 1893 952 1935 articulum,
975 1906 1077 1927 unam
1097 1900 1255 1928 sanctam
1275 1894 1497 1928 catholicam.
1904 1936 1909 1942 .

549 1961 637 1992 Item
658 1960 693 1992 in
715 1961 785 1993 isto
807 1961 915 1993 modo
938 1960 1124 1994 solvantur
1144 1961 1254 1994 multa
1276 1973 1345 2006 que
1373 1966 1627 2006 reputarentur
1654 1958 1814 1992 difficilia
1842 1970 1906 2003 pro
1928 1956 2096 1990 habendo
2118 1956 2322 1990 Consilium
2357 1990 2361 1993 ,

461 2026 643 2071 generale,
666 2027 864 2072 ponderato
887 2027 984 2072 quod
1004 2027 1107 2060 ambo
1129 2028 1381 2061 consentirent
1400 2038 1573 2072 expresse
1595 2033 1630 2059 et
1649 2025 1709 2058 alii
1730 2024 1910 2058 catholici.

549 2094 636 2125 Item
659 2093 933 2138 pacificarentur
954 2094 1114 2127 fidelium
1137 2094 1373 2127 conscientie.

549 2161 636 2192 Item
659 2172 722 2204 per
742 2160 837 2193 hunc
865 2161 1010 2193 modum
1033 2173 1106 2194 non
1126 2168 1370 2206 exponeretur
1391 2160 1646 2206 patrimonium
1668 2159 1824 2192 ecclesie
1853 2158 1956 2192 sicud
1982 2156 2159 2203 periculo,
2182 2156 2213 2190 si
2237 2155 2324 2189 sub-

462 2226 606 2258 stractio
628 2226 731 2259 fieret
751 2234 990 2271 proventuum
1013 2227 1167 2260 ecclesie
1189 2228 1380 2273 presertim
1403 2239 1467 2272 per
1487 2239 1615 2260 manus
1637 2226 1841 2272 principum
1864 2224 2094 2258 secularium.

550 2294 637 2324 Item
658 2293 727 2326 isto
750 2294 855 2326 modo
878 2294 1077 2327 salvaretur
1097 2294 1214 2327 honor
1234 2295 1441 2327 tenencium
1463 2294 1670 2327 alterutram
1693 2299 1843 2338 partem.

551 2360 638 2391 Item
659 2359 728 2392 isto
750 2360 857 2392 modo
879 2361 1032 2393 evitatur
1048 2361 1138 2393 illud
1153 2361 1416 2395 inconveniens
1437 2361 1535 2406 quod
1554 2360 1665 2405 aliqui
1682 2359 1821 2400 dicunt,
1839 2358 1980 2392 scilicet
2000 2357 2098 2402 quod
2118 2355 2322 2390 Consilium

463 2424 631 2468 generale
653 2426 768 2469 possit
789 2438 907 2458 errare
929 2427 1079 2459 maxime
1101 2427 1137 2459 in
1157 2428 1304 2460 materia
1326 2439 1395 2473 que
1417 2439 1490 2460 non
1510 2434 1567 2460 est
1588 2426 1686 2467 fidei,
1709 2427 1814 2470 cujus
1835 2436 1988 2470 presens
2011 2429 2209 2468 reputatur.

552 2492 638 2523 Item
660 2503 723 2535 per
743 2492 850 2524 istum
874 2493 1018 2525 modum
1042 2494 1264 2526 evitarentur
1283 2494 1403 2539 magni
1430 2500 1610 2538 sumptus,
1635 2504 1727 2538 quos
1753 2491 1832 2525 fieri
1857 2497 2043 2536 oporteret
2063 2490 2093 2522 si
2118 2488 2321 2523 Consilium

463 2556 565 2589 fieret
584 2558 766 2601 generale.

551 2624 638 2655 Item
660 2624 715 2656 via
742 2624 807 2656 hec
835 2625 957 2658 brevis
984 2633 1019 2658 et
1045 2627 1242 2669 tutissima,
1272 2640 1315 2660 ex
1347 2639 1418 2672 quo
1446 2626 1552 2660 ambo
1580 2625 1884 2659 contendencium
1914 2624 1952 2657 in
1982 2621 2323 2668 compromissarios

462 2689 711 2722 consentirent
731 2696 766 2722 et
785 2697 897 2722 totum
920 2692 1074 2724 ecclesie
1096 2693 1312 2727 universalis
1334 2694 1535 2735 residuum,
1554 2692 1636 2738 quia
1658 2698 1691 2724 et
1708 2691 1957 2736 equivalenter
1977 2690 2138 2723 facerent
2157 2698 2323 2733 compro-

464 2755 618 2787 missarii
639 2755 841 2788 Consilium
863 2758 1045 2801 gencrale.

551 2822 637 2853 Item
660 2822 690 2854 si
712 2822 755 2854 ad
775 2823 866 2854 viam
889 2824 1085 2867 predictam
1107 2826 1404 2859 condescendere
1426 2826 1578 2868 nollent,
1602 2837 1667 2858 nec
1688 2825 1732 2858 ad
1752 2824 1845 2858 viam
1865 2822 2020 2857 Consilii
2040 2820 2236 2867 generalis,
2255 2830 2321 2853 nec

462 2887 603 2926 cedere,
630 2894 690 2920 aut
718 2888 805 2921 alias
834 2888 1047 2922 submittere
1076 2902 1114 2923 se
1139 2892 1293 2935 justitie,
1326 2893 1597 2937 procedendum
1627 2898 1726 2925 esset
1755 2898 1879 2924 contra
1908 2902 1971 2923 eos
2000 2895 2167 2934 tanquam
2197 2893 2321 2920 contra
