2488 3386
481 334 544 365 102
1055 340 1374 363 CHARTULARIUM
1408 338 1598 361 UvaERs.
1635 337 1765 359 rmus.
2244 327 2344 364 [1363

482 470 623 507 1274.
652 480 782 505 Urbanus
803 479 986 514 V(Grimerio
1002 479 1160 513 Bonifacii)
1178 478 1353 504 cancellario
1366 477 1529 503 Parisiensi
1539 485 1593 513 pro
1608 477 1744 512 Dionysio
1759 476 1951 511 Foullechat',
1971 477 2037 504 Ord.
2054 479 2179 512 fratrum
2194 478 2342 511 Minor-um,

568 529 617 564 qui
632 528 803 563 theologiam
819 532 846 554 et
859 528 984 553 Parisiis
999 527 1125 553 Bibliam
1148 527 1294 553 ordinarie
1309 526 1420 552 duobus
1436 526 1520 551 annis
1536 525 1613 560 legit,
1632 529 1671 559 ut,
1693 534 1754 550 cum
1767 526 1879 561 primus
1894 534 1994 551 cursus
2013 526 2054 551 ad
2068 525 2206 561 legendas
2224 529 2341 555 Senten-

567 577 624 602 tias
640 577 669 603 in
684 576 779 602 studio
795 576 957 602 Parisiensi
977 576 1016 601 ad
1037 576 1211 612 provinciam
1232 575 1352 601 Francie
1363 575 1451 610 juxta
1471 583 1575 600 morem
1598 573 1669 599 dicti
1691 573 1807 599 Ordinis
1820 574 1974 610 pertinens,
1992 574 2147 601 secundum
2166 575 2341 604 determina-

569 626 671 651 tionem
688 625 811 651 ministri
824 624 986 659 generalis2
1001 633 1036 650 ac
1052 625 1253 658 magistrorum
1269 623 1491 649 ministeriorum
1507 626 1534 648 et
1554 622 1676 648 omnium
1694 622 1847 658 proborum
1860 624 1985 657 fratrum
2007 623 2078 649 dicti
2095 623 2160 650 Ord.
2179 625 2208 650 in
2223 624 2342 652 coneilio

566 678 630 700 tunc
646 675 827 700 existentium
849 673 907 699 sibi
922 673 1069 707 debeatur,
1095 673 1249 698 Sententiis
1263 681 1315 708 per
1330 672 1422 707 ipsum
1438 671 1467 697 in
1482 671 1644 697 Parisiensi
1657 670 1754 697 studio
1776 670 1866 701 lectis.
1886 671 1977 697 eidem
1992 671 2071 706 infra
2091 676 2148 698 tres
2163 672 2205 699 vel
2219 677 2343 710 quatuor·

566 732 674 748 menses
688 731 706 748 a
720 724 778 757 fine
800 722 875 748 dicte
894 721 1000 747 lecture
1015 721 1231 756 computandos,
1255 721 1506 754 examinationem,
1525 720 1687 754 magisterii
1703 719 1836 746 honorem
1852 723 1879 746 et
1897 720 2019 746 docendi
2032 720 2177 747 licentiam
2192 722 2338 751 concedat.

563 772 673 798 Datum
690 771 830 797 Avinione
843 771 900 804 xiiij
916 771 973 796 kal.
991 770 1105 804 Aprilis,
1120 778 1198 796 anno
1214 770 1319 803 primo.
1336 779 1350 794 «
1365 769 1424 795 viri
1438 776 1515 795 sacre
1528 768 1659 795 lectionis
1674 778 1699 794 n.

1681 866 1754 896 1363,
1769 867 1859 892 Martii
1871 867 1909 896 19,
1923 867 2053 893 Arenione.

566 917 630 947 Reg.
645 917 701 941 Vnt.
718 916 798 939 Aven.
815 916 916 939 Urbani
931 916 960 944 V,
979 916 1031 939 vol.
1045 916 1073 943 V,
1091 916 1135 938 sol.
1153 915 1207 939 514.

565 1013 588 1036 1.
606 1013 642 1036 De
658 1013 709 1036 isto
723 1014 811 1042 fratre,
827 1013 923 1036 celebri
940 1016 1049 1043 propter
1067 1020 1128 1035 suas
1149 1012 1295 1043 opiniones,
1312 1011 1389 1039 infru,
1409 1011 1541 1043 imprimis
1562 1011 1596 1035 n¹¹
1619 1011 1761 1041 1298-1300,
1778 1012 1857 1035 etiam
1874 1012 1985 1044 pluries.
2001 1012 2107 1042 Deli-le,
2125 1013 2189 1038 Cab.
2205 1014 2252 1038 des
2263 1020 2339 1044 m,

472 1057 491 1084 1,
508 1058 538 1079 39
551 1065 601 1088 sq.;
618 1057 662 1086 111,
680 1058 734 1088 138,
748 1061 777 1079 n⁰
790 1058 843 1086 501,
860 1056 956 1087 probat
976 1065 1035 1079 eum
1052 1056 1133 1079 fuisse
1148 1057 1326 1079 traductorem
1340 1056 1375 1086 (in
1390 1056 1455 1088 ling.
1472 1056 1551 1086 Gall.)
1565 1056 1728 1081 Policratici
1742 1056 1870 1080 Jolmnnis
1887 1056 2028 1087 Surisber„
2041 1060 2067 1082 ot
2086 1057 2191 1088 quidem
2209 1066 2251 1081 un.
2268 1058 2339 1082 1372.

471 1101 537 1124 Eum
548 1109 682 1132 nunquam
693 1101 725 1124 ad
740 1101 921 1132 magisterium
932 1101 959 1123 in
972 1101 1052 1124 theol.
1064 1100 1216 1132 pervenisse
1229 1100 1298 1123 infra
1309 1104 1338 1123 n⁰
1349 1101 1409 1124 1352
1421 1100 1580 1125 videbimus.
1591 1114 1619 1118 -
1633 1101 1656 1125 2.
1669 1095 1749 1124 Marci
1761 1101 1792 1124 de
1804 1101 1931 1130 Viterbio,
1944 1109 2014 1135 mag.
2026 1101 2053 1127 in
2064 1101 2154 1131 theol..
2166 1101 2200 1125 ab
2210 1109 2253 1126 an.
2268 1102 2341 1136 1359;

470 1153 512 1168 an.
531 1145 598 1173 1366,
616 1145 748 1176 Septemb.
766 1146 802 1173 18,
818 1145 889 1168 card.
905 1145 931 1168 S.
948 1145 1071 1168 Praxedis
1089 1145 1248 1174 (Contelori).

471 1345 613 1382 1275.
636 1354 805 1389 Jolzannes',
816 1355 898 1390 prior
911 1354 1056 1389 generalis
1066 1357 1190 1389 fratrum
1209 1355 1274 1381 Ord.
1288 1357 1398 1382 Beatae
1414 1357 1529 1382 Mariae
1543 1355 1578 1382 de
1594 1357 1689 1382 Monte
1707 1356 1838 1392 Carmeli,
1857 1356 1970 1383 Urbano
1986 1356 2174 1393 V-wpplicat,
2190 1361 2221 1383 ut
2234 1346 2337 1384 Petras

555 1403 642 1437 Riviss,
662 1403 728 1429 Ord.
746 1403 887 1429 antedicti
902 1403 1090 1429 haccalareus
1110 1404 1139 1429 in
1160 1404 1303 1438 theologia
1323 1405 1456 1439 Parisiis,
1478 1405 1528 1440 qui
1541 1405 1664 1439 gradum
1680 1405 1842 1440 magisterii
1861 1405 1890 1431 in
1911 1405 1994 1438 dicta,
2003 1405 2148 1440 facultate
2167 1405 2250 1441 longo
2265 1410 2337 1433 tem-

553 1460 623 1487 pore
645 1453 828 1488 exspectavit,
844 1461 896 1488 per
916 1452 1119 1479 cancellarium
1133 1453 1227 1479 Paris.
1244 1453 1323 1487 infra
1345 1462 1429 1479 unum
1450 1462 1572 1479 mensem
1593 1463 1612 1479 a
1629 1454 1865 1490 praesentatione
1889 1453 2048 1480 litterarum
2065 1454 2227 1481 licentietur
2250 1458 2278 1481 et
2297 1453 2338 1482 ad

556 1501 716 1535 magisterii
734 1501 855 1535 gradum
879 1501 1060 1527 admittatur.
1076 1517 1112 1520 —
1126 1502 1196 1528 Fiat.
1214 1503 1244 1528 B.
1259 1518 1294 1521 —
1310 1502 1376 1529 Sine
1394 1503 1450 1529 alia
1468 1503 1601 1530 lectione.
1618 1519 1652 1522 —
1671 1503 1742 1531 Fiat.
1760 1503 1791 1529 B.
1809 1519 1843 1522 —
1860 1503 1925 1530 Dat.
1948 1503 2090 1530 Avinione
2104 1504 2262 1531 undecimo
2275 1504 2333 1531 kal.

555 1549 669 1582 Aprilis,
687 1557 765 1575 anno
781 1550 886 1583 primo.

1820 1610 1893 1640 7363,
1910 1611 1998 1637 Martii
2006 1611 2050 1637 22.

558 1704 620 1734 Reg.
639 1704 696 1727 Vat.
716 1704 810 1734 Suppl.
832 1704 933 1727 Urbani
951 1705 980 1734 V,
998 1713 1040 1729 un.
1054 1705 1077 1734 1,
1099 1714 1126 1736 p.
1143 1706 1166 1734 3,
1188 1706 1232 1728 [ol.
1255 1706 1294 1729 84.
1315 1720 1345 1723 —
1365 1707 1393 1729 In
1416 1707 1479 1737 Reg.
1503 1707 1560 1731 Vnt.
1581 1707 1661 1730 Aven.
1680 1707 1746 1731 Urb.
1761 1707 1792 1736 V,
1810 1707 1863 1731 vol.
1883 1707 1914 1737 V,
1934 1708 1980 1731 fol.
2002 1708 2057 1737 551⁴,
2075 1710 2160 1731 exstat
2178 1707 2230 1731 nub
2243 1708 2335 1732 eadem

463 1747 590 1778 temporis
606 1750 667 1770 nota
685 1748 837 1771 mandatum
852 1752 940 1779 apost.
956 1749 990 1771 ad
1006 1749 1176 1778 (Grimerium
1191 1749 1330 1781 Bonisncii)
1345 1751 1485 1774 cancellar.
1501 1750 1587 1775 Paris⁴
1604 1760 1617 1772 c
1634 1751 1689 1774 Viri
1707 1759 1781 1775 more
1794 1751 1914 1775 lectionis
1930 1760 1953 1775 ».

559 1843 582 1867 1.
597 1843 729 1867 Johannes
749 1844 893 1867 Balistarii.
911 1859 938 1862 —
954 1846 976 1869 2.
990 1846 1038 1869 An.
1057 1847 1127 1875 1358,
1144 1847 1216 1877 Sept.
1232 1847 1255 1876 8,
1272 1847 1298 1869 in
1316 1847 1402 1878 Capit.
1414 1847 1532 1879 generali
1550 1848 1710 1880 Burdigalae
1732 1834 1874 1878 celebrato,
1894 1852 1924 1872 ut
1939 1849 2022 1872 lector
2038 1848 2123 1873 Paris.
2140 1848 2335 1873 Sententiarum

464 1895 513 1918 pro
530 1887 616 1918 primo
634 1895 701 1911 anno
714 1888 742 1917 (i.
758 1896 780 1912 e.
795 1892 824 1911 ut.
842 1889 913 1920 legat
929 1898 969 1912 an.
988 1890 1128 1920 1358-1359)
1146 1891 1302 1922 designatur
1318 1892 1528 1922 (Lezana,Ann.
1547 1892 1612 1917 Ord.
1629 1893 1759 1922 Carmel.,
1771 1893 1813 1922 lv,
1823 1893 1888 1923 620).
1898 1893 1973 1925 Apud
1984 1893 2098 1923 villiers,
2118 1893 2191 1918 Bibl.
2203 1893 2334 1922 Carmel„

465 1932 498 1960 11,
517 1932 571 1960 598,
587 1941 600 1953 ιι
615 1932 707 1955 Petrus
723 1932 754 1955 de
766 1932 814 1956 Riu
827 1943 850 1956 n.
868 1933 928 1956 Fuit
944 1934 1048 1957 natione
1065 1934 1216 1964 Catalanus‚
1234 1936 1321 1967 patria
1335 1936 1531 1967 Perpinincens.

471 2131 611 2169 1276.
635 2142 835 2168 Bosembiante
851 2143 996 2178 Badoara.
1014 2145 1131 2171 Eremit.
1151 2147 1177 2173 S.
1195 2147 1326 2181 Auyust„
1342 2147 1468 2173 Parisiis
1483 2147 1523 2173 ad
1538 2148 1735 2182 magisterium
1751 2148 1780 2174 in
1796 2147 1939 2182 theologia
1952 2151 2158 2184 promoveatur.

1823 2244 1900 2273 1363,
1915 2243 2006 2276 Aprilis
2019 2244 2045 2270 θ.

556 2332 784 2377 Supplicatur
805 2335 983 2368 sanctitati
1000 2343 1120 2369 vestre
1137 2349 1202 2381 pro
1219 2344 1318 2382 parte
1339 2339 1451 2371 vestri
1472 2339 1593 2372 devoti
1614 2339 1679 2372 filii
1700 2346 1736 2372 et
1754 2339 1903 2372 humilis
1924 2339 2079 2372 oratoris
2093 2339 2215 2372 fratris
2236 2339 2331 2372 Bon-

465 2397 689 2431 silnblantis¹
713 2399 756 2432 de
777 2400 907 2442 padua,
931 2401 1146 2435 bacchalarii
1167 2404 1294 2445 Paris.7
1318 2405 1405 2437 Ord.
1428 2405 1506 2438 frat.
1526 2406 1699 2439 Heremit.
1723 2407 1758 2439 S.
1777 2406 1886 2451 Aug.,
1904 2405 2002 2451 quod
2022 2417 2102 2438 cum
2124 2405 2203 2450 ipse
2222 2404 2332 2438 fuerit

465 2462 579 2495 lector
600 2464 731 2505 Padue,
749 2467 912 2499 Venetiis
934 2474 969 2500 et
988 2468 1148 2510 Trivisii,
1170 2469 1232 2501 ubi
1254 2477 1339 2503 sunt
1363 2471 1482 2504 studia
1507 2471 1691 2516 generalia
1712 2472 1862 2505 Ordinis
1882 2471 2066 2513 antedicti,
2087 2471 2227 2516 fuitque
2247 2482 2332 2516 pro-

466 2529 630 2562 vincialis
652 2531 836 2574 provincie
859 2544 922 2565 sue
944 2533 1110 2577 pluribus
1127 2536 1243 2576 annis,
1263 2543 1297 2568 et
1313 2537 1454 2570 duabus
1474 2538 1616 2571 vicibus
1637 2538 1811 2571 diffinitor
1831 2538 1988 2583 Capituli
2007 2537 2203 2583 generalis,
2223 2537 2330 2582 legit—

467 2607 537 2639 que
559 2596 761 2629 Sententias
784 2598 965 2631 ordinarie
987 2600 1146 2633 parisius
1166 2627 1231 2641 ....,
1251 2609 1369 2635 tamen
1390 2611 1538 2648 propter
1559 2611 1687 2637 statuta
1709 2605 1766 2637 sui
1782 2605 1870 2638 Ord.
1890 2611 1925 2638 et
1944 2604 2199 2637 Universitatis
2216 2603 2328 2636 Paris.

467 2668 631 2705 oporteat
660 2674 740 2695 eum
770 2664 885 2697 adhuc
920 2665 1074 2710 amplius
1110 2675 1297 2711 expectare
1334 2670 1513 2703 facultatis
1548 2670 1754 2716 theologice
1789 2671 2035 2716 magistratum
2158 2670 2331 2715 dignetur

466 2727 590 2759 eadem
612 2729 781 2762 sanctitas
798 2737 916 2763 vestra
938 2731 981 2763 de
1003 2732 1115 2776 gratia
1137 2734 1286 2777 speciali
1307 2735 1476 2768 mandare
1493 2737 1709 2770 cancellario
1730 2737 1939 2778 parisiensi,
1959 2736 2055 2781 quod
2075 2736 2106 2769 si
2127 2736 2327 2781 predictum

465 2793 609 2825 fratrem
638 2795 946 2828 Bonsimblantem
976 2797 1211 2831 sufficientem
1239 2800 1419 2834 invenerit
1441 2828 1507 2843 ....,
1529 2803 1646 2847 ipsum
1669 2803 1855 2836 licentiare
1877 2802 2005 2836 debeat
2034 2802 2077 2835 ad
2104 2802 2199 2835 dicte
2218 2801 2330 2835 facul-

466 2859 548 2891 tatis
575 2859 779 2905 theologice
808 2861 1031 2895 doctoratum
1060 2870 1095 2896 et
1124 2864 1194 2897 sibi
1221 2866 1372 2910 gradum
1400 2869 1601 2913 magisterii
1630 2870 1791 2902 conferat
1819 2870 1856 2902 in
1883 2869 2021 2902 eadem.
2050 2870 2130 2902 Non
2157 2868 2331 2901 obstanti-
