2488 3386
210 320 304 357 1391]
627 334 672 355 AB
706 333 811 355 ANB-0
846 333 976 355 MCCCL
1013 333 1141 361 USQUE
1177 334 1224 354 An
1260 334 1523 356 BENEnicrUM
1560 335 1648 357 xiii.
2002 325 2064 357 527

204 415 262 433 esse
278 409 400 433 curatos.
423 408 524 440 Quoad
542 408 616 433 illud
634 408 670 434 de
688 407 943 433 administracione
965 407 1114 433 eucaristie
1129 407 1193 433 dico
1215 408 1295 440 quod
1316 408 1337 433 si
1357 408 1387 433 in
1408 408 1457 433 tali
1480 408 1609 441 predicto
1629 417 1695 434 casu
1714 409 1838 442 religiosi
1855 409 2064 437 ministrarent,

203 458 297 483 essent
318 457 579 486 excommunicati;
603 458 631 482 et
650 465 701 490 per
722 456 849 490 amplius
867 456 942 485 dico,
965 456 1046 489 quod
1067 456 1098 481 in
1118 456 1239 482 materIa
1254 457 1382 489 subjecta
1398 465 1458 482 non
1475 457 1583 483 habent
1599 458 1740 490 majorem
1756 458 1959 484 auctoritatem
1975 466 2065 491 quam

204 505 306 533 curati.
321 506 349 531 et
364 513 415 538 per
429 506 483 531 hoc
498 505 562 531 dico
577 513 624 531 me
637 505 712 531 male
724 507 752 531 et
767 505 835 530 salse
849 505 950 530 dixisse
965 505 995 530 in
1011 505 1154 538 predictis.

292 554 365 580 Item
377 554 436 579 dixi
451 554 531 587 quod
546 561 598 587 ego
614 554 667 579 favi
681 554 819 586 magistro
829 554 956 579 Joltanni
971 554 1006 579 de
1021 554 1200 579 Montesono.
1218 553 1287 579 Dico
1302 554 1382 587 quod
1398 554 1476 580 fatue
1491 555 1519 580 et
1531 554 1701 587 insipienter
1715 555 1774 580 dixi
1789 557 1817 581 et
1830 555 1893 581 savi.

294 603 367 629 Item
377 603 436 628 dixi
444 605 472 629 et
480 603 586 629 asserui
597 603 676 636 quod
687 603 900 636 proposiciones
909 603 944 628 (le
953 603 1132 632 Montesono,
1144 610 1216 636 quas
1225 602 1321 636 posuit
1330 603 1360 628 in
1371 603 1503 636 vesperiis
1514 603 1571 628 suis
1579 604 1607 628 et
1617 603 1754 629 aliislocis
1763 604 1831 629 alias
1842 604 2065 637 condempnate,

203 653 286 677 erant
301 659 374 678 vere.
391 652 461 678 Dico
480 659 528 677 me
546 651 577 677 in
602 652 657 678 hoc
678 652 755 681 salse,
772 651 938 677 traudulose
952 653 980 677 et
995 659 1114 678 erronee
1132 651 1248 680 dixisse;
1272 653 1300 677 et
1315 651 1400 677 credo
1416 651 1540 677 firmiter
1555 652 1635 685 quod
1659 652 1800 678 sententia
1815 653 1928 678 domini
1943 653 2066 686 episcopi

203 700 373 729 Parisiensis‚
384 701 414 726 in
426 701 561 726 facultate
572 700 715 733 theologie
730 700 889 734 approbata
902 702 930 726 et
945 700 1124 726 substentata
1135 708 1186 733 per
1195 701 1320 726 matrem
1336 708 1433 726 meam
1448 700 1669 726 Universitatem
1682 701 1879 730 parisiensem,
1889 701 1955 726 data
1965 703 2065 727 contra

202 749 425 782 quatuordecim
440 749 653 782 proposiciones
674 749 768 775 fratris
786 749 927 775 Johannis
948 749 983 775 de
1003 749 1172 775 Montesono
1187 749 1223 774 sit
1242 749 1315 775 bene
1330 750 1358 775 et
1376 749 1453 782 juste
1475 756 1507 774 ac
1522 750 1618 774 sancte
1633 749 1698 774 data
1721 751 1749 774 et
1768 749 1841 775 bene
1860 750 1916 775 sive
1938 750 2067 782 legitime

201 798 343 826 ordinata.
360 800 447 831 prout
462 806 561 824 casum
578 798 659 824 decet
677 798 732 824 sive
754 800 842 831 prout
857 806 937 824 casus
952 798 1053 831 exigit:
1069 800 1096 824 et
1113 798 1181 831 juro
1196 806 1247 831 per
1262 798 1351 824 fidem
1367 806 1463 824 meam
1479 799 1507 823 et
1522 798 1575 823 sub
1590 806 1665 831 pena
1683 798 1811 831 relapsus
1832 798 1972 831 promitto
1986 799 2066 831 quod

202 854 358 880 nunquam
373 847 504 873 decetero
526 847 608 873 dictis
626 847 877 880 proposicionibus
897 855 949 873 nec
968 847 1054 873 alicui
1076 847 1195 872 illarum
1214 847 1326 873 assertis
1347 854 1397 872 seu
1418 847 1518 880 positis
1539 854 1590 880 per
1608 846 1775 872 Johannem
1790 847 1826 872 de
1842 847 2009 872 Montesono
2031 847 2066 873 dc

201 895 309 922 Ordine
325 897 423 922 nostro
438 896 512 922 dabo
527 896 681 925 auxilium,
698 896 855 922 concilium
871 897 915 922 vel
933 897 1070 926 savorem,
1087 904 1140 922 nec
1155 896 1203 922 ibo
1218 898 1319 922 contra
1332 895 1510 922 sentenciam
1523 895 1622 921 datam
1638 903 1690 928 per
1703 895 1861 921 dominum
1878 896 2064 921 Parisiensem

200 944 368 978 episcopum
383 946 411 970 et
424 953 475 978 per
490 945 659 971 facultatem
674 945 819 978 theologie
834 945 1059 978 supradictos...

289 994 362 1019 Item
377 995 462 1020 teneo
481 995 509 1019 et
523 994 608 1020 credo
623 994 703 1027 quod
717 994 812 1020 dictus
827 994 862 1019 de
877 994 1045 1020 Montesono
1062 994 1140 1020 fatue
1152 995 1181 1020 et
1196 994 1272 1020 male
1286 994 1402 1019 locutus
1417 993 1452 1019 sit
1466 993 1497 1018 in
1513 993 1652 1019 omnibus
1667 993 1916 1026 proposicionibus
1932 1001 1982 1026 per
1996 1001 2065 1019 eum

200 1042 311 1068 assertis
326 1042 382 1068 sive
405 1042 497 1072 dictis,
514 1044 542 1068 et
561 1043 583 1068 si
605 1043 716 1076 aliquid
738 1043 843 1069 salsum
865 1045 916 1069 aut
938 1045 1105 1076 suspectum
1128 1043 1294 1069 inveniatur
1315 1042 1347 1067 in
1371 1042 1446 1068 libro
1468 1042 1607 1067 translato
1631 1050 1682 1075 per
1703 1042 1878 1075 magistrum
1900 1043 2064 1068 Johannem

200 1090 324 1117 Thome¹
343 1092 481 1117 nundum
498 1092 663 1118 examinato
684 1092 720 1117 ad
736 1092 870 1125 plenum,
887 1092 967 1125 quod
982 1092 1018 1117 ad
1040 1099 1088 1118 me
1104 1091 1271 1125 processerit
1287 1091 1323 1117 ad
1338 1091 1367 1117 id
1382 1091 1581 1117 revocandum
1597 1098 1630 1117 ex
1651 1099 1731 1117 nunc
1750 1093 1779 1117 et
1793 1099 1827 1117 ex
1846 1093 1918 1117 tunc
1933 1099 1980 1117 me
1993 1091 2064 1117 sub—

200 1140 286 1166 mitto
301 1142 444 1174 tanquam
459 1140 537 1166 illius
551 1141 693 1174 particeps
705 1142 757 1167 aut
771 1141 903 1166 conscius
907 1161 959 1166 .....

288 1274 375 1305 Acta
395 1273 542 1305 fuerunt
562 1273 627 1306 hec
649 1273 799 1306 multum
822 1273 1074 1318 sollempniter
1094 1273 1254 1306 Parisius
1276 1273 1321 1305 (le
1343 1284 1445 1305 mane
1466 1272 1554 1305 hora
1577 1274 1679 1317 quasi
1701 1273 1852 1318 septima
1875 1273 1912 1305 in
1934 1273 2063 1306 Sancto

200 1339 384 1372 Bernardo
410 1347 490 1372 ante
512 1351 718 1372 sermonem
740 1339 789 1372 ibi
810 1340 1014 1372 faciendum
1036 1340 1079 1372 ad
1101 1339 1237 1372 clerum
1260 1351 1367 1380 anno7
1391 1339 1610 1380 indiccione,
1633 1352 1772 1381 mense7
1799 1340 1857 1372 die
1886 1346 1921 1372 et
1945 1340 2064 1385 ponti-

200 1405 304 1438 ficatu
335 1406 522 1450 predictis,
558 1406 791 1451 presentibus
818 1406 1090 1439 venerabilibus
1125 1413 1159 1439 et
1191 1406 1360 1439 discretis
1392 1406 1480 1439 viris
1507 1406 1670 1439 Johanne
1701 1406 1869 1447 Goulain,
1902 1408 2063 1439 Hemone

200 1472 325 1513 Bohic,
349 1473 504 1505 Henrico
527 1473 570 1505 de
588 1474 802 1506 Tremonia²
823 1474 860 1506 in
877 1485 977 1506 sacra
994 1473 1178 1519 theologia
1198 1473 1396 1518 magistris,
1416 1472 1605 1518 Radulpho
1624 1473 1667 1506 de
1685 1473 1855 1506 Ulmonte
1872 1473 1907 1505 in
1925 1473 2062 1505 artibus

200 1539 373 1584 magistro
401 1551 440 1572 ac
473 1540 508 1571 in
543 1546 695 1584 utroque
721 1541 804 1584 jure
838 1540 1040 1581 licenciato,
1073 1540 1270 1573 Gaufsredo
1307 1539 1450 1572 Morelli
1481 1546 1516 1572 et
1544 1539 1707 1573 Johanne
1742 1541 1882 1572 Danton
1915 1540 2062 1584 juniore

198 1606 348 1639 notariis
369 1606 579 1651 apostolicis
602 1606 770 1651 publicis7
796 1614 831 1639 et
851 1607 1128 1652 quamplurimis
1149 1607 1230 1639 aliis
1257 1606 1412 1639 testibus
1433 1607 1475 1639 ad
1500 1607 1675 1651 premissa
1696 1607 1832 1639 vocatis
1858 1606 2063 1651 specialiter

198 1679 233 1705 et
253 1673 401 1718 rogatis.

286 1740 374 1772 Item
410 1740 547 1772 eisdem
584 1752 691 1781 anno,
723 1740 928 1773 indiccione
959 1747 993 1773 et
1030 1740 1240 1785 pontificatu
1274 1740 1407 1785 quibus
1442 1752 1562 1785 supra,
1597 1740 1655 1772 die
1690 1740 1872 1772 dominico
1904 1740 1939 1772 in
1968 1740 2061 1772 sesto

197 1805 463 1840 Decollacionis
484 1806 578 1840 beati
594 1806 769 1840 Johannis
791 1807 964 1852 Baptiste,
984 1819 1053 1852 que
1076 1814 1151 1840 erat
1167 1807 1304 1840 mensis
1321 1807 1477 1852 Augusti
1499 1807 1577 1840 dies
1597 1807 1878 1847 vicesimanona⁷
1902 1807 1938 1839 in
1955 1818 2062 1839 vene-

196 1872 363 1905 rabilium
385 1886 423 1906 ac
444 1874 777 1918 circonspectorum
795 1874 955 1907 virorum
977 1874 1233 1919 magistrorum
1253 1881 1287 1906 et
1308 1874 1537 1906 dominorum
1554 1873 1729 1907 Johannis
1746 1874 1887 1907 Caverii
1908 1874 2060 1906 rectoris

197 1940 451 1973 Universitatis
472 1940 583 1973 studii
605 1941 835 1980 Parisiensis‚
857 1940 1076 1974 Christosori
1098 1941 1142 1973 de
1164 1941 1373 1986 Cugneriis⁷
1398 1941 1509 1974 Eveni
1532 1940 1656 1981 Bohic,
1678 1940 1856 1985 Alphonsi
1878 1940 1922 1972 de
1943 1941 2060 1972 Bona-

196 2006 280 2039 villa
311 2018 412 2039 sacre
443 2006 627 2052 theologie
658 2007 862 2049 doctorum,
891 2007 1066 2040 Johannis
1095 2007 1361 2048 Baudouardi²⁴⁷
1392 2007 1533 2040 Ricardi
1564 2007 1677 2047 Belet‚
1714 2007 1870 2039 Eustacii
1899 2007 1943 2039 de
1970 2007 2058 2039 Rivo

196 2073 425 2106 decretorum
448 2073 650 2114 doctorum7
673 2074 854 2107 Guidonis
881 2074 1020 2115 Garini,
1049 2074 1145 2107 Petri
1176 2075 1290 2107 Dares
1320 2074 1356 2106 in
1386 2074 1552 2107 facultate
1581 2074 1759 2106 medicine
1790 2073 2057 2117 magistrorum,

194 2139 369 2172 Johannis
401 2140 491 2172 Fioti
522 2141 685 2182 Francie‚
714 2141 844 2173 Reneri
878 2140 1148 2174 l'robihominis
1177 2141 1352 2182 Picardie,
1376 2140 1569 2174 Guillermi
1597 2140 1821 2185 Carpentarii
1852 2139 2057 2179 Normanie,

197 2206 382 2239 Bertholdi
404 2207 448 2239 de
464 2207 642 2239 Alctnaria
658 2207 858 2252 Anglicane
881 2208 1064 2240 nationum
1088 2214 1375 2252 procuratorum,
1394 2208 1429 2239 in
1451 2207 1577 2239 artium
1601 2206 1766 2238 facultate
1789 2206 2057 2250 magistrorum,

195 2272 506 2318 plurimorumque
527 2274 678 2306 aliorum
697 2274 884 2306 doctorum
980 2274 1167 2319 presencia
1190 2274 1431 2319 personaliter
1447 2273 1665 2305 constitutus
1688 2273 1860 2317 magister
1875 2272 2058 2305 Johannes

194 2339 284 2380 Ade,
306 2340 478 2380 Jacobssa,
502 2341 538 2372 in
560 2340 743 2385 theologia
763 2341 948 2385 magister,
971 2353 1043 2373 non
1063 2341 1098 2374 vi
1119 2347 1179 2374 aut
1204 2348 1300 2373 metu
1322 2341 1365 2373 ad
1387 2340 1454 2372 hoc
1475 2340 1646 2372 inductus
1667 2351 1732 2371 nec
1755 2339 2058 2372 incarceracionis

194 2412 254 2438 aut
274 2406 394 2451 aliquo
415 2406 484 2439 alio
506 2407 770 2452 compulsionis
791 2407 919 2440 timore
941 2408 984 2440 ad
1011 2407 1079 2440 hoc
1105 2414 1251 2440 coactus
1349 2406 1536 2451 quemdam
1561 2417 1723 2438 errorum
1747 2417 1894 2438 suorum
1917 2405 2058 2450 predic-

195 2479 312 2505 torum
336 2474 582 2506 revocacionis
604 2474 759 2507 rotulum
782 2474 819 2506 in
841 2474 963 2507 verbis
991 2474 1133 2519 gallicis
1159 2475 1333 2519 scriptum
1361 2473 1428 2506 alta
1457 2480 1490 2505 et
1518 2472 1742 2517 intelligibili
1762 2484 1850 2505 voce
1882 2472 1925 2504 de
1946 2471 2057 2505 verbo

195 2539 238 2571 ad
259 2539 408 2572 verbum
437 2540 526 2585 legit
556 2547 590 2573 et
616 2541 734 2573 omnia
756 2548 791 2573 et
818 2541 962 2586 singula
988 2541 1024 2573 in
1051 2541 1178 2573 eodem
1208 2540 1326 2573 rotulo
1349 2546 1515 2572 contenta
1544 2551 1606 2571 ore
1635 2539 1782 2583 proprio
1807 2539 2059 2583 pronunciavit

195 2605 426 2638 audientibus
453 2613 486 2639 et
513 2606 776 2640 ascultantibus
798 2614 833 2640 et
859 2607 1150 2651 intelligentibus
1173 2608 1362 2651 utriusque
1385 2617 1493 2638 sexus
1520 2605 1645 2650 populi
1672 2605 1715 2637 ad
1743 2605 1811 2637 hoc
1837 2605 2055 2637 audiendum

195 2672 328 2705 ibidem
350 2674 557 2706 convocatis
578 2673 809 2707 multitudine
830 2675 988 2719 copiosa.
1013 2675 1126 2719 Cujus
1150 2673 1258 2706 rotuli
1284 2680 1388 2705 tenor
1409 2672 1573 2717 sequitur
1595 2678 1629 2704 et
1650 2678 1705 2704 est
1725 2672 1824 2704 talis³

282 2740 369 2772 Acta
390 2740 535 2772 suerunt
552 2739 618 2772 hec
640 2741 790 2773 multum
812 2741 1062 2786 sollempniter
1079 2741 1239 2773 Parisius
1258 2740 1301 2772 de
1323 2751 1425 2771 mane
1447 2738 1533 2771 hora
1550 2739 1652 2783 quasi
1675 2745 1796 2771 octava
1818 2739 1853 2770 in
1871 2739 1905 2770 S.
1923 2737 2055 2770 Jacobo

195 2806 239 2838 de
260 2805 504 2846 Carnificeria⁷
528 2806 564 2838 in
586 2807 704 2839 medio
727 2808 907 2840 sermonis
928 2807 1061 2840 ibidem
1085 2807 1219 2852 incepti
1240 2806 1283 2839 ad
1307 2805 1538 2850 populum....

284 2873 371 2905 Item
394 2872 531 2905 eisdem
553 2885 662 2915 anno7
683 2873 888 2906 indiccione
917 2881 952 2906 et
981 2873 1191 2918 pontificatu
1221 2872 1354 2917 quibus
1376 2884 1497 2916 supra,
1527 2871 1584 2904 die
1607 2871 1789 2903 dominico
1818 2877 1898 2914 post
1923 2870 2051 2902 festum
