2488 3386
458 297 481 329 8
1037 302 1354 325 CHARTULARIUM
1390 302 1578 323 uutvssns.
1616 302 1743 323 PARIS.
2223 288 2321 325 [1351

461 380 538 412 suis
564 379 721 424 propriis
743 378 935 423 stipendiis
957 377 1123 417 militare,
1150 377 1253 420 cujus
1276 375 1360 408 licet
1382 375 1570 407 laboribus
1592 381 1626 407 et
1650 375 1816 419 dampnis
1843 374 2051 407 satisfacere
2073 378 2322 419 nequ[e]amus

460 452 720 491 competenter,
742 444 866 477 saltem
884 444 920 476 in
938 443 1107 488 expensis
1124 442 1241 487 ipsum
1260 454 1324 486 pro
1342 453 1450 486 posse
1469 441 1629 474 relevare
1645 441 1846 486 cupientes,
1871 440 1914 473 de
1936 441 2118 473 communi
2139 452 2321 474 consensu

460 512 619 545 omnium
642 511 901 551 ordinavimus,
927 509 1208 542 deliberavimus
1229 514 1264 541 et
1284 508 1493 540 ordinamus
1519 519 1583 552 per
1608 513 1811 552 presentes,
1839 506 1937 551 quod
1965 507 2124 552 prefatus
2149 507 2323 552 magister

461 578 572 611 Adam
591 577 738 610 habebit
750 589 767 610 a
782 576 946 622 quolibet
961 575 1134 620 magistro
1151 575 1187 607 in
1205 574 1323 607 rotulo
1341 574 1643 618 supplicationum
1662 574 1797 618 scripto
1812 580 1848 606 et
1863 573 2019 619 signato,
2038 573 2130 606 ultra
2146 585 2320 606 summam

460 645 577 678 eidem
600 644 813 689 promissam
834 643 870 675 in
892 643 970 687 ejus
998 653 1146 674 recessu
1171 641 1214 673 ad
1240 640 1389 681 curiam,
1416 652 1526 672 unum
1553 639 1731 672 florenum
1758 640 1802 672 ad
1827 646 1986 680 scutum,
2009 646 2045 673 et
2069 646 2108 673 ut
2131 640 2320 673 articulum

461 711 506 744 de
527 711 652 743 illicite
674 708 953 755 practicantibus
975 707 1111 753 signari
1134 707 1346 751 diligentius
1368 713 1549 751 procuret,
1573 706 1617 738 de
1634 706 1786 750 pecunia
1803 707 1985 739 communi
2002 706 2181 740 facultatis
2198 713 2322 740 nostre

461 777 667 822 quindecim
691 783 803 816 scuta,
826 776 910 808 dum
931 781 1049 807 tamen
1070 774 1106 806 in
1128 775 1285 806 Romana
1301 773 1399 805 curia
1417 772 1508 805 ultra
1531 772 1723 805 terminum
1745 772 1815 805 sibi
1838 773 1954 817 primo
1975 785 2054 806 cum
2076 773 2157 806 aliis
2178 773 2322 806 nunciis

462 843 716 877 Universitatis
738 842 911 887 prefixum
934 852 1068 873 moram
1090 840 1205 880 saciat,
1228 851 1419 884 quousque
1440 839 1534 871 dicte
1556 845 1680 872 nostre
1697 839 1984 884 supplicationes
2005 851 2070 884 per
2088 840 2207 885 ipsum
2229 839 2323 873 bene

460 917 496 943 et
516 909 652 942 utiliter
672 921 751 942 cum
774 908 909 940 nostris
934 919 999 940 non
1024 907 1243 940 obstantibus
1262 906 1412 938 formate
1434 912 1467 938 et
1489 905 1630 938 articuli
1652 917 1792 947 omnes,
1815 906 2005 951 presertim
2031 906 2218 951 predictus
2239 906 2323 939 arti-

460 976 565 1009 culus
583 976 626 1008 de
647 975 772 1007 illicite
793 972 1087 1019 practicantibus,
1106 984 1170 1017 pro
1192 971 1325 1016 quibus
1342 971 1455 1004 extitit
1478 971 1694 1013 destinatus,
1717 983 1781 1016 per
1802 971 1987 1004 dominum
2011 979 2173 1014 nostrum
2197 984 2322 1018 papam

460 1042 596 1075 fuerint
615 1041 747 1086 signati
764 1047 797 1073 et
819 1052 882 1085 per
899 1040 1017 1084 ipsum
1039 1039 1076 1071 in
1096 1040 1254 1071 Romana
1274 1038 1372 1071 curia
1394 1038 1430 1070 in
1447 1044 1523 1071 tuto
1541 1044 1576 1071 et
1591 1045 1690 1071 certo
1711 1038 1792 1071 loco
1810 1039 1933 1083 positi,
1955 1051 2021 1083 per
2040 1039 2178 1084 copiam
2197 1050 2321 1072 eorum

461 1120 528 1141 nos
557 1108 752 1152 diligenter
777 1106 1017 1146 informando,
1047 1112 1118 1146 aut,
1150 1105 1246 1149 quod
1272 1104 1379 1145 absit,
1411 1105 1441 1137 si
1466 1105 1625 1149 predicta
1654 1105 1831 1150 signanda
1858 1117 1922 1150 per
1946 1105 2132 1138 dominum
2157 1111 2321 1138 nostrum

462 1186 585 1219 papam
613 1179 880 1213 recusarentur,
908 1172 952 1204 de
979 1171 1166 1216 diligentia
1192 1171 1235 1203 ad
1261 1170 1329 1203 hoc
1354 1183 1419 1216 per
1440 1171 1559 1215 ipsum
1581 1170 1740 1204 adhibita
1766 1178 1799 1204 et
1821 1183 1919 1204 mora
1941 1178 2183 1216 competente,
2204 1171 2322 1213 sic[ut]

460 1240 519 1272 alii
546 1240 681 1280 nuncii,
709 1239 744 1271 in
771 1240 849 1283 ejus
875 1238 1067 1271 adventum
1095 1237 1202 1270 fidem
1233 1237 1339 1270 nobis
1364 1237 1469 1270 faciat
1497 1237 1704 1274 certiorem,
1735 1237 1765 1270 si
1794 1237 1954 1282 predicta
1985 1238 2193 1283 quindecim
2223 1244 2324 1271 scuta

460 1306 592 1338 habere
613 1305 780 1338 voluerit.
801 1306 843 1337 Et
858 1304 902 1337 ad
919 1305 1088 1348 majorem
1113 1303 1255 1337 roboris
1273 1303 1475 1336 firmitatem
1494 1316 1621 1336 omnes
1638 1310 1673 1336 et
1690 1303 1858 1349 singulos
1874 1303 1988 1337 libros
2005 1304 2184 1337 facultatis
2200 1310 2324 1338 nostre

459 1385 499 1405 ac
520 1373 624 1405 etiam
647 1378 682 1404 et
701 1371 905 1404 communia
925 1371 1043 1403 omnia
1072 1377 1106 1403 et
1127 1370 1271 1415 singula
1287 1370 1417 1414 jocalia
1444 1377 1479 1403 et
1509 1370 1602 1403 bona
1634 1370 1779 1403 mobilia
1806 1371 1970 1415 ejusdem
1997 1370 2176 1404 facultatis
2206 1371 2323 1404 eidem

461 1439 633 1484 magistro
654 1438 732 1471 Ade
754 1437 995 1482 obligavimus
1022 1443 1056 1469 et
1081 1436 1286 1482 obligamus
1312 1449 1376 1481 per
1402 1444 1605 1481 presentes,
1628 1444 1663 1470 et
1688 1449 1801 1482 penes
1826 1437 1945 1482 ipsum
1976 1438 2188 1483 magistrum
2209 1437 2322 1471 Adam

460 1505 618 1550 obligata
649 1516 834 1537 remanere
866 1503 1048 1544 volumus,
1078 1515 1268 1548 quousque
1297 1503 1341 1536 de
1367 1503 1557 1548 premissis
1592 1504 1799 1548 quindecim
1832 1503 1983 1537 florenis
2013 1504 2131 1537 eidem
2157 1503 2215 1537 vel
2244 1504 2324 1549 ejus

460 1578 558 1604 certo
594 1571 758 1604 mandato
795 1571 863 1603 erit
900 1570 1059 1615 plenarie
1095 1570 1328 1602 satisfactum.
1368 1571 1523 1614 Insuper
1555 1570 1671 1602 eidem
1705 1570 1971 1615 promittentes,
2012 1570 2113 1603 illum
2152 1570 2210 1604 vel
2239 1570 2323 1604 illos

462 1638 637 1682 signatos,
660 1637 721 1681 qui
741 1637 784 1669 ad
801 1636 1019 1669 solutionem
1037 1635 1280 1680 predictorum
1299 1642 1483 1668 scutorum
1502 1636 1737 1681 singulariter
1753 1636 1870 1669 eidem
1888 1648 2146 1669 concessorum
2164 1636 2323 1670 rebelles

461 1704 655 1744 extiterint,
674 1715 737 1748 per
754 1703 882 1735 dictam
904 1702 1106 1735 facultatem
1128 1702 1171 1734 ad
1193 1702 1406 1735 solvendum
1429 1702 1611 1747 compelli.
1635 1704 1674 1735 In
1695 1704 1800 1748 cujus
1822 1703 1873 1736 rei
1895 1703 2141 1736 testimonium
2159 1703 2322 1749 sigillum

460 1771 621 1815 predicte
652 1769 829 1802 facultatis
860 1775 983 1801 nostre
1014 1768 1246 1813 presentibus
1289 1769 1420 1801 litteris
1460 1769 1628 1802 duximus
1668 1770 1937 1814 apponendum.
1979 1771 2108 1803 Datum
2146 1770 2321 1812 Parisius,

460 1836 620 1869 secunda
642 1836 699 1868 die
720 1835 870 1880 Aprilis,
892 1835 979 1867 hora
1001 1835 1115 1880 prime
1137 1835 1255 1868 Sancti
1276 1835 1400 1868 Jacobi
1421 1835 1516 1880 apud
1539 1836 1707 1868 Sanctum
1730 1836 1949 1869 Maturinum
1971 1836 2008 1868 in
2030 1843 2152 1869 nostra
2173 1848 2323 1882 congre-

459 1903 605 1948 gatione
638 1902 815 1935 facultatis
850 1908 932 1946 post
968 1901 1112 1934 missam
1147 1908 1319 1942 nostram,
1358 1901 1591 1946 presentibus
1622 1902 1807 1947 magistris
1835 1902 1999 1936 Johanne
2029 1903 2074 1936 de
2111 1903 2285 1937 Cossiaco
2297 1903 2323 1944 ²,

461 1969 624 2002 Gerardo
647 1969 690 2001 de
717 1969 845 2001 Sancto
867 1968 1093 2004 Desiderio³,
1115 1967 1277 2001 Johanne
1299 1968 1487 2008 Savarici⁴,
1516 1968 1688 2001 Nicholao
1720 1969 1857 2011 Fabri⁵,
1879 1969 2063 2002 Johanne⁶
2087 1969 2132 2002 de
2159 1969 2323 2003 Autisio-
2360 1976 2362 1980 ’

461 2035 564 2076 doro,
588 2041 623 2067 et
643 2034 809 2080 pluribus
831 2034 911 2067 aliis
931 2034 975 2066 ad
995 2033 1061 2066 hec
1079 2046 1142 2079 per
1157 2035 1360 2078 juramenta
1383 2035 1517 2067 vocatis
1535 2041 1570 2067 et
1589 2036 1835 2080 congregatis.

553 2131 629 2154 Arch.
647 2134 700 2154 nat.
717 2130 800 2154 Paris.
822 2131 880 2153 MM.
899 2131 953 2160 266,
970 2139 995 2161 p.
1013 2131 1065 2158 161,
1088 2131 1137 2153 sub
1153 2131 1324 2162 inscriptione
1340 2139 1345 2154 ·.
1364 2139 1375 2154 «
1392 2131 1461 2154 circa
1477 2132 1538 2155 1350
1554 2140 1580 2159 »;
1597 2132 1777 2156 verisimiliter
1791 2136 1868 2161 recte,
1886 2132 1947 2156 licet
1965 2132 1991 2155 in
2009 2133 2147 2162 Charcul„
2166 2133 2198 2162 11,
2219 2137 2249 2156 n⁰
2263 2133 2325 2156 1138

461 2175 553 2198 ultimo
577 2176 608 2198 de
633 2175 722 2198 illicite
745 2174 952 2206 practicantibus
975 2183 1017 2198 an.
1043 2175 1103 2198 1347
1123 2178 1252 2206 agei-etur.
1277 2175 1382 2198 Certum
1404 2179 1444 2198 est
1462 2184 1475 2199 e
1495 2176 1614 2207 Supplic.
1636 2176 1772 2205 Clement.,
1794 2185 1836 2201 an.
1859 2178 1881 2205 8,
1903 2185 1929 2208 p,
1951 2177 1973 2205 1,
1990 2177 2035 2200 fol.
2052 2178 2090 2205 28,
2106 2177 2190 2200 Adam
2204 2185 2247 2201 an.
2263 2177 2325 2201 1350

462 2219 558 2249 (Martii
578 2220 616 2250 23)
637 2220 763 2242 decanum
779 2218 911 2242 facultatis
928 2219 1071 2242 medicinae
1093 2219 1180 2247 fuisse,
1203 2222 1231 2242 ut
1246 2223 1270 2242 et
1290 2227 1371 2251 supra
1389 2219 1563 2251 significatur,
1579 2224 1604 2243 et
1624 2221 1662 2243 sic
1683 2221 1867 2244 documentum
1885 2222 1996 2245 sortasse
2012 2221 2045 2244 ad
2065 2221 2183 2245 an.1350
2201 2221 2323 2253 pertinet.

462 2264 481 2286 E
499 2264 568 2288 libro
581 2267 729 2293 procurat.
745 2267 805 2286 nat.
822 2263 905 2293 Anyl.
921 2263 983 2292 (vid.
999 2263 1171 2287 Auctarium
1187 2264 1314 2288 chartul.
1340 2264 1471 2292 Univers„
1490 2265 1508 2294 Ι)
1526 2264 1633 2294 scimus,
1650 2265 1754 2288 nuntios
1770 2265 1892 2289 Univers.
1911 2274 1953 2288 nn.
1977 2266 2045 2294 1349,
2064 2266 2135 2296 Sept.
2152 2266 2191 2295 26,
2209 2265 2237 2289 in
2251 2265 2325 2289 curia

463 2308 552 2330 fuisse.
569 2308 619 2330 Sed
633 2308 714 2330 ultera
729 2309 804 2338 parte
817 2307 881 2330 ibid.
894 2308 973 2330 rotuli
986 2308 1019 2330 ad
1035 2316 1132 2339 papum
1147 2308 1267 2331 mittendi
1280 2316 1322 2332 an.
1335 2308 1404 2336 1350,
1416 2309 1639 2340 Aug.-Septe1nb.,
1655 2310 1751 2333 mentio
1767 2310 1804 2338 fit,
1816 2318 1867 2341 quo
1880 2318 1944 2333 casu
1957 2310 2141 2333 documentum
2155 2310 2188 2333 ud
2205 2318 2248 2334 an.
2264 2310 2323 2334 1³51

462 2351 614 2382 pertineret.
626 2351 684 2375 Vid.
701 2355 836 2382 praeterea
851 2352 919 2375 infra
935 2352 968 2374 ad
984 2360 1025 2375 un.
1043 2352 1111 2380 1352,
1127 2352 1258 2380 Decemb.,
1270 2356 1299 2375 n⁰
1317 2352 1387 2376 1211.

556 2436 579 2459 1.
595 2436 652 2458 Vid.
669 2436 804 2462 chartul„
824 2436 857 2464 11,
870 2435 1003 2460 Iudicem.
1017 2450 1046 2453 —
1060 2437 1082 2459 2.
1100 2437 1120 2460 Ι.
1134 2444 1156 2459 e.
1173 2436 1307 2459 Cussiaco.
1318 2450 1349 2454 —
1361 2438 1383 2460 3.
1398 2437 1455 2461 Vid.
1474 2438 1611 2466 ChartuI.‚
1623 2438 1655 2466 ΙΙ,
1671 2439 1725 2466 500,
1739 2439 1794 2461 630.
1806 2439 1866 2461 —4.
1876 2438 1924 2461 Ms.
1937 2446 1942 2461 2
1961 2446 1973 2461 «
1988 2437 2112 2461 Fimarici
2121 2446 2144 2462 ».
2155 2437 2190 2461 De
2207 2438 2325 2462 Johanne

463 2479 580 2502 Savarici
596 2479 648 2502 vid.
667 2479 806 2507 Chartul.,
821 2480 853 2508 ll,
867 2481 920 2507 630,
938 2480 982 2503 ubi
996 2488 1008 2503 e
1024 2481 1087 2511 Reg.
1103 2489 1112 2503 (ι
1131 2481 1247 2503 Savarici
1264 2489 1286 2509 »,
1303 2481 1371 2504 sicut
1388 2481 1468 2504 scribi
1488 2482 1565 2505 debet
1579 2485 1670 2505 contra
1686 2490 1750 2506 mss.
1764 2482 1834 2506 citat.
1852 2482 1921 2505 infra
1938 2482 2045 2505 nu1213
2060 2485 2085 2505 et
2099 2482 2169 2507 1230.
2180 2495 2212 2500 —
2224 2484 2246 2506 5.
2263 2481 2322 2505 Vid.

466 2523 603 2552 0hartuL,
620 2524 652 2553 II,
668 2525 722 2547 630.
734 2537 764 2541 -
774 2525 797 2547 6.
813 2524 831 2547 l.
846 2532 866 2547 e.
882 2524 1041 2547 Bel-thelelli.
