2488 3386
415 340 479 371 408
987 345 1305 368 einai-unussaisi
1345 344 1533 365 uxivssns.
1573 343 1702 364 PAnis.
2180 327 2279 363 [1385

416 423 490 455 rius
513 429 545 454 et
571 433 806 454 successores
832 421 947 465 ipsius
969 420 1011 452 ad
1034 419 1177 452 easdem
1200 417 1511 462 congregaciones
1533 415 1670 460 absque
1692 414 1840 460 sequela
1868 426 1960 459 pene
1982 413 2174 458 cujuslibet
2198 426 2277 446 cum

417 488 622 521 reverencia
645 495 680 520 et
704 487 874 532 precibus
894 493 1122 526 vocarentur,
1145 492 1179 517 et
1205 491 1323 517 cetera
1344 483 1550 528 gravamina
1578 482 1649 527 ipsi
1676 481 1891 514 cancellario
1914 488 1949 514 et
1979 481 2055 513 suis
2077 480 2279 513 scolaribus

416 555 642 588 auditoribus
664 561 697 587 et
719 554 798 586 aliis
820 553 1001 586 benivolis
1022 552 1117 585 illata
1139 551 1283 596 penitus
1304 549 1507 583 revocabat.

503 623 618 664 xxvij.
645 623 731 653 Item
754 621 784 653 is
805 620 900 653 idem
923 619 1102 664 quondam
1125 618 1295 650 dominus
1316 617 1493 649 Martinus
1514 616 1559 648 fe,
1583 627 1634 648 re.
1657 627 1745 660 papa
1763 621 1912 660 quartus
1933 626 2060 646 omnes
2083 625 2279 658 processus

416 695 539 721 contra
567 688 743 732 prefatum
770 686 1021 719 cancellarium
1050 696 1114 729 per
1135 683 1428 723 Universitatem7
1452 689 1613 715 rectores
1638 689 1672 715 et
1699 681 1865 714 bedellos
1886 680 2029 713 habitos
2057 670 2278 715 annullabat.

416 754 589 794 irritabat,
608 753 771 786 cassabat
791 760 825 785 et
845 753 979 792 nullos7
997 763 1121 784 cassos
1143 757 1178 783 et
1197 750 1320 783 irritos
1342 748 1535 782 nunciabat
1554 749 1665 782 veluti
1688 749 1724 781 in
1741 748 1827 781 dicti
1848 747 2053 781 cancellarii
2069 747 2165 792 juris
2185 747 2279 791 inju-

416 822 501 854 riam
525 827 764 865 attemptatos7
787 831 867 852 cum
889 818 968 851 aliis
989 817 1203 862 quibusdam
1225 816 1310 849 inde
1331 816 1480 849 secutis.

504 890 631 930 xxviij.
658 889 743 919 Item
777 886 873 930 quod
904 885 1066 929 quamvis
1097 885 1141 916 (10
1176 883 1365 928 premissis
1399 889 1482 915 nota
1515 882 1725 927 hujusmodi
1760 882 1885 914 eadem
1921 881 2041 914 omnia
2070 888 2104 914 et
2134 880 2279 926 singula

417 955 643 987 manifestius
673 953 880 997 exprimens
911 952 954 984 de
985 951 1100 996 ipsius
1131 950 1308 995 sepedicti
1338 949 1475 982 domini
1509 961 1599 994 pape
1629 949 1739 982 suerit
1768 949 1934 981 mandato
1965 954 2152 993 concepta,
2184 948 2279 980 dicto

417 1028 534 1054 tamen
556 1020 770 1053 cancellario
792 1018 933 1051 interim
955 1019 1047 1051 viam
1070 1018 1240 1050 universe
1262 1017 1381 1049 carnis
1407 1017 1577 1061 ingresso
1603 1016 1698 1048 idem
1721 1016 1891 1048 dominus
1919 1027 2007 1060 papa
2035 1015 2079 1047 de
2108 1026 2281 1059 prosecu-

416 1088 520 1120 cionc
543 1086 668 1131 prefati
690 1097 885 1130 processus
910 1084 1130 1129 supersedit,
1153 1084 1236 1116 novi
1258 1083 1464 1116 cancellarii
1485 1082 1788 1115 substitucionem
1811 1088 2018 1127 expectans,
2040 1081 2166 1126 sicque
2186 1081 2281 1114 inter

417 1165 535 1186 moras
557 1153 682 1185 eodem
706 1152 853 1184 domino
876 1163 963 1196 papa
986 1157 1099 1183 morte
1121 1157 1308 1195 prevento7
1327 1157 1408 1182 nota
1427 1149 1550 1182 eadem
1573 1149 1617 1182 ad
1639 1148 1772 1181 bullam
1795 1148 1987 1181 eventibus
2007 1148 2183 1181 retardata
2204 1159 2282 1193 pre·

417 1220 538 1252 missis
559 1232 631 1252 non
654 1219 829 1263 pervenit.

503 1289 605 1319 xxix.
632 1287 718 1318 Item
742 1292 775 1318 et
796 1285 894 1330 quod
915 1284 980 1317 hec
997 1284 1115 1316 onmia
1132 1296 1149 1316 a
1166 1296 1233 1316 xxv
1250 1283 1401 1316 articulo
1423 1283 1514 1316 infra
1536 1282 1714 1315 inclusive
1733 1293 1847 1326 usque
1864 1282 1907 1314 ad
1928 1281 2024 1314 hunc
2041 1281 2146 1314 xxixm
2162 1280 2280 1314 exclu-

417 1354 492 1386 sive
515 1359 652 1385 narrata
675 1364 746 1397 quo
767 1352 810 1384 ad
840 1351 1081 1384 substanciam
1105 1357 1139 1383 et
1166 1351 1380 1383 sententiam
1409 1350 1490 1382 sacti
1521 1356 1604 1382 sunt
1626 1356 1661 1382 et
1690 1350 1837 1382 suerunt
1866 1360 1930 1394 per
1949 1349 1995 1381 fe.
2018 1360 2069 1382 re.
2092 1348 2278 1381 dominum

418 1420 613 1452 Honorium
638 1431 761 1463 papam
784 1425 962 1462 quartum,
986 1418 1112 1462 prefati
1139 1417 1275 1449 domini
1303 1405 1447 1449 Martini
1475 1428 1565 1461 pape
1592 1427 1841 1449 successorem
1872 1415 2132 1456 immediatum,
2157 1421 2280 1448 aucto-

418 1487 519 1519 ritate
540 1485 737 1530 apostolica
760 1484 925 1517 roborata
943 1496 1011 1517 una
1028 1496 1107 1516 cum
1126 1483 1312 1516 nonnullis
1330 1484 1410 1516 aliis
1430 1483 1691 1523 auctoritatem,
1711 1482 1992 1528 preminenciam
2010 1488 2045 1515 et
2065 1488 2279 1526 potestatem

417 1552 629 1585 cancellarie
652 1559 686 1584 et
707 1551 910 1584 cancellarii
933 1551 1087 1583 ecclesie
1108 1551 1324 1583 Parisiensis
1345 1549 1665 1582 concernentibus.

504 1631 592 1651 xxx.
619 1620 704 1651 110111
737 1618 833 1662 quod
868 1618 912 1650 de
947 1617 1017 1649 hiis
1048 1617 1217 1650 omnibus
1253 1618 1289 1649 in
1323 1617 1465 1649 civitate
1501 1623 1535 1649 et
1565 1616 1686 1649 studio
1722 1616 1919 1649 Parisiensi
1954 1622 2010 1648 est
2039 1615 2182 1660 publica
2212 1627 2281 1648 vox

418 1692 451 1717 et
472 1686 573 1718 sama.

504 1754 607 1794 xxxj.
635 1753 719 1784 110111
743 1764 813 1783 11011
836 1751 878 1783 ad
899 1751 1081 1783 accionem
1099 1751 1310 1795 injuriarum
1335 1763 1398 1795 pro
1417 1763 1524 1791 1111110,
1544 1751 1712 1795 quoniam
1731 1750 1783 1783 sic
1806 1750 1939 1795 pendet
1959 1761 2070 1794 super
2086 1748 2280 1794 tangendis

416 1818 577 1851 articulis
612 1819 753 1851 0111153Η
785 1830 902 1850 0013111
942 1817 1250 1850 reverendissimo
1281 1818 1316 1849 in
1348 1817 1494 1850 Christo
1526 1824 1625 1862 patre
1660 1817 1807 1850 domino
1845 1816 1992 1849 domino
2032 1817 2069 1848 P.
2106 1815 2279 1849 cardinali

415 1885 641 1925 Vivariense,
669 1884 734 1917 sed
756 1884 935 1916 dumtaxat
956 1884 999 1916 ad
1021 1883 1127 1916 finem
1156 1884 1192 1916 in
1214 1884 1393 1928 principio
1415 1885 1502 1917 xxvti
1523 1883 1665 1917 articuli
1694 1883 1924 1929 precedentis
1952 1889 2097 1919 tactum,
2120 1882 2222 1927 ponit
2246 1888 2282 1915 et

416 1951 569 1996 probare
597 1951 753 1983 intendit
781 1951 876 1983 idem
910 1957 1121 1995 procurator
1149 1963 1219 1995 quo
1250 1962 1358 1995 supra
1386 1951 1546 1992 nomine7
1575 1951 1672 1995 quod
1694 1950 1838 1995 quidam
1866 1950 2040 1995 magister
2065 1949 2280 1982 Laurentius

417 2017 564 2060 Quilleti
586 2030 679 2050 anno
701 2018 845 2049 Domini
872 2017 1067 2050 millesimo
1089 2017 1218 2051 CCC¹¹¹⁰
1242 2018 1490 2062 octuagesimo
1513 2024 1652 2062 quarto,
1676 2017 1720 2050 de
1748 2029 1874 2050 mense
1894 2017 2052 2057 Junio¹⁵‚
2080 2022 2164 2048 tunc
2192 2022 2281 2048 tem-

416 2085 515 2128 poris
536 2084 627 2117 alme
649 2084 771 2117 matris
792 2091 917 2117 nostre
940 2084 1193 2117 Universitatis
1215 2085 1433 2117 parisiensis
1455 2091 1586 2126 rector,
1612 2091 1736 2117 contra
1757 2084 1942 2117 dominum
1966 2095 2083 2116 meum
2105 2082 2281 2115 cancella-

416 2151 506 2182 rium
530 2150 679 2183 multum
702 2151 831 2183 acriter
856 2151 1110 2189 inflammatus,
1138 2163 1180 2183 eo
1207 2151 1303 2196 quod
1331 2151 1437 2184 dictis
1458 2164 1552 2184 anno
1575 2158 1610 2184 et
1637 2163 1776 2192 11101150,
1803 2150 1950 2183 domino
1972 2149 2187 2183 cancellario
2213 2160 2280 2182 suo

416 2217 651 2250 cancellarico
668 2218 763 2261 jure,
783 2224 818 2250 et
837 2217 916 2262 ipso
939 2224 1078 2250 rectore
1100 2224 1139 2250 ut
1159 2229 1313 2262 persona
1336 2218 1471 2262 privata
1493 2225 1527 2251 et
1549 2225 1585 2250 ut
1606 2218 1720 2250 amico
1742 2217 1948 2262 specialiter
1969 2223 2108 2261 rogam,
2131 2216 2282 2249 interes-

417 2283 582 2315 sentibus
597 2283 633 2315 in
651 2284 757 2316 domo
775 2284 956 2316 Minorum
978 2284 1130 2328 prandio
1146 2284 1230 2317 sesti
1249 2285 1437 2329 cujusdam
1455 2285 1538 2318 novi
1560 2284 1725 2329 magistri
1746 2284 1782 2316 in
1799 2283 1982 2328 theologia
2000 2282 2099 2315 illius
2116 2282 2279 2323 Ordinis,

415 2349 585 2382 videlicet
610 2350 773 2394 magistri
794 2350 871 2382 Ade
893 2350 937 2382 de
958 2351 1024 2395 Ay7
1047 2351 1125 2395 ipse
1147 2351 1316 2384 dominus
1343 2351 1582 2384 cancellarius
1613 2357 1695 2396 post
1724 2350 1914 2396 prandium
1943 2350 1979 2382 in
2007 2348 2158 2394 quadam
2187 2348 2278 2389 aula,

416 2415 476 2447 ubi
500 2416 619 2448 vinum
643 2423 676 2448 et
699 2417 841 2461 species
866 2417 1046 2450 debebant
1068 2417 1138 2450 hiis
1161 2418 1222 2462 qui
1243 2418 1279 2450 in
1301 2418 1489 2463 prandio¹⁶
1511 2419 1653 2451 fuerant
1674 2417 1884 2457 ministrari,
1906 2428 1980 2449 non
2001 2415 2280 2461 presumpcione

418 2482 562 2526 propria
584 2489 642 2514 aut
658 2483 777 2527 aliquo
799 2483 868 2515 alio
891 2484 1024 2516 motivo
1042 2484 1204 2525 sinistro⁷
1226 2485 1291 2517 sed
1312 2497 1354 2517 ex
1376 2485 1612 2517 ordinacione
1633 2484 1779 2516 illorum
1797 2483 1858 2528 qui
1876 2483 1919 2516 de
1941 2494 2172 2515 sessurorum
2189 2481 2280 2514 locis

417 2547 595 2580 habebant
616 2548 823 2593 disponere,
847 2549 939 2582 sicut
965 2550 1001 2581 in
1023 2550 1174 2594 prandio
1196 2562 1262 2583 suo
1286 2551 1392 2584 solito
1415 2563 1515 2584 more
1538 2550 1831 2596 principaliorem
1853 2549 1971 2582 locum
1994 2548 2213 2590 obtinuerat,
2234 2548 2279 2581 ita

418 2626 481 2658 pro
503 2614 586 2646 vino
608 2621 642 2646 et
662 2615 853 2659 speciebus
876 2616 1062 2660 capiendis
1084 2623 1166 2661 post
1186 2617 1375 2661 prandium
1398 2618 1588 2650 situatus¹⁷
1609 2618 1676 2650 suit
1697 2617 1848 2662 primus⁷
1871 2622 1907 2648 et
1926 2615 2086 2661 prefatus
2107 2614 2281 2659 magister

417 2686 500 2712 tunc
518 2681 641 2712 matris
663 2687 785 2713 nostre
804 2682 1057 2715 Universitatis
1075 2690 1193 2715 rector
1209 2684 1407 2725 secundus7
1427 2696 1497 2729 quo
1515 2691 1632 2717 tamen
1654 2684 1725 2716 situ
1743 2695 1815 2715 non
1832 2682 1998 2715 obstante
2015 2682 2094 2727 ipse
2111 2681 2280 2714 dominus

418 2758 518 2778 meus
539 2747 775 2779 cancellarius
797 2759 862 2780 nec
882 2748 1005 2780 vinum
1027 2761 1092 2781 nec
1116 2750 1270 2794 species,
1295 2757 1372 2783 esto
1395 2751 1492 2795 quod
1514 2750 1583 2783 sibi
1605 2750 1707 2795 prius
1726 2750 1956 2790 offerrentur,
1980 2748 2097 2782 noluit
2117 2748 2279 2792 recipere

418 2813 554 2857 primus
583 2825 589 2845 2
620 2814 687 2846 iste
718 2814 888 2858 magister
910 2816 1144 2856 Laurencius7
1167 2823 1250 2849 tunc
1273 2824 1310 2849 ut
1331 2817 1464 2850 (lictum
1489 2824 1543 2850 est
1565 2823 1695 2853 rector,
1719 2823 1855 2849 tantum
1886 2823 1921 2848 et
1950 2815 2068 2848 taliter
2089 2814 2279 2847 occasione

418 2879 575 2923 predicta
596 2879 796 2912 facultatem
820 2881 946 2913 artium
974 2888 1097 2914 contra
1126 2882 1309 2915 dominum
1342 2896 1458 2916 meum
1488 2883 1741 2916 cancellarium
1769 2882 2014 2922 inflammavit,
2037 2888 2075 2914 ut
2100 2881 2277 2914 dictorum
