2488 3386
168 459 229 482 1664

169 561 229 584 1665

304 457 371 484 1392

304 558 369 584 1393

169 662 230 686 1666
263 660 411 686 1391-1393

170 763 230 787 1667

171 910 231 933 1668

171 967 232 990 1669

173 1114 234 1136 1670

175 1304 234 1327 1671

176 1406 236 1429 1672

177 1507 237 1531 1673

177 1609 238 1633 1674

177 1712 237 1735 1675

177 1770 238 1793 1676

177 1871 238 1895 1677

178 1974 239 1997 1678

178 2076 239 2100 1679

178 2134 239 2158 1680

178 2235 236 2259 1681

178 2338 239 2361 1682

179 2440 239 2463 1683

179 2541 238 2565 1684

179 2599 239 2622 1685

178 2657 240 2680 1686

180 2758 239 2782 1687

181 2861 242 2884 1688

305 761 371 787 1393

269 1406 419 1432 1389-1393

270 1509 420 1535 1393-1394

312 1610 378 1636 1394

448 457 653 482 Julio-Decemb.

468 559 588 583 Januarii
603 559 632 582 12

481 660 625 684 Februario

501 908 574 931 Junii
589 909 603 931 8

500 966 565 990 Julii
579 967 607 990 18

485 1113 596 1144 Augusti
611 1114 626 1135 [ι

455 1303 612 1327 Novembris
631 1304 658 1326 18

477 1609 598 1633 ⁸ianuarii
613 1610 643 1632 25

528 1726 556 1729 —
611 1713 640 1735 25

528 1783 557 1787 -
612 1770 641 1792 28

272 1872 422 1899 1391-1394
469 1871 607 1895 Februarii
622 1872 651 1895 25

314 1975 380 2001 1394

473 1973 594 1996 Januarii
607 1974 651 1996 28-

470 2004 607 2028 Februarii
622 2005 652 2027 25

475 2075 550 2099 Febr.
567 2076 605 2103 25,
622 2076 651 2098 26

491 2132 634 2156 Februario

495 2234 582 2258 Martii
599 2235 628 2259 13

460 2336 637 2362 Martii-Junii
653 2338 667 2359 6

507 2439 580 2463 Junii
597 2440 612 2462 6

527 2555 559 2559 -
597 2542 612 2564 6

526 2613 557 2616 —
597 2600 667 2628 6,w

527 2670 558 2674 -
583 2657 613 2680 w

515 2758 580 2782 Julii
596 2760 610 2781 5

536 2861 612 2883 -25

1014 340 1181 362 TABULA.
1970 330 2033 363 691

685 458 720 481 De
742 457 844 480 duobus
867 458 1081 481 Cartusiensibus
1103 466 1118 481 a
1139 458 1273 481 Bonisacio
1294 458 1327 481 IX
1349 458 1381 481 ad
1403 458 1535 487 Carolum,
1557 467 1645 490 regem
1664 459 1834 484 Francorum.
1856 458 1945 481 missis

716 510 775 524 cum
791 501 912 533 epistola,
929 510 979 533 qua
994 510 1054 525 eum
1069 502 1223 526 exhortatur
1235 502 1305 525 vires
1318 511 1380 525 suas
1395 502 1519 525 adhibeat
1534 503 1566 525 ad
1583 503 1727 526 sedandum
1740 503 1869 526 Schisma.
1888 521 1893 526 .
1913 521 1919 526 .
1939 521 1944 526 .
1991 503 2035 526 597

686 559 849 584 Universitas
872 559 965 588 Paris„
983 559 1082 582 sociata
1101 568 1160 582 cum
1176 559 1343 582 multitudine
1363 559 1491 582 nobilium
1511 560 1542 583 de
1561 560 1633 591 regio
1649 561 1785 591 sunguine,
1808 561 1944 584 stationem

717 603 779 626 facit
794 603 827 626 ad
843 604 869 626 S.
885 603 1026 626 Martinam
1041 604 1072 626 de
1086 603 1192 634 Campis
1209 612 1256 634 pro
1269 603 1435 634 impetranda
1450 604 1544 626 unione
1559 604 1683 627 ecclesiae
1686 622 1945 628 ...........
1991 605 2036 627 597

686 661 873 684 Conclusioncs
897 661 1019 691 magistri
1042 661 1144 691 Aegidii
1167 661 1198 683 dc
1219 661 1326 692 Campis
1344 661 1459 684 doctoris
1475 661 1501 683 in
1517 661 1648 692 theologia
1665 662 1816 693 propositae
1839 662 1946 685 Parisiis

719 713 807 728 coram
823 713 884 736 rege
902 706 1061 728 Francorum
1077 713 1107 728 ex
1121 708 1196 736 parte
1211 705 1396 728 Universitatis
1413 705 1569 728 parisiensis
1580 723 1946 729 ...............
1993 706 2036 728 597

687 763 756 794 Mag.
772 763 905 786 Johannes
926 762 1046 790 Goulain,
1067 763 1130 786 Ord.
1146 763 1269 789 Carmel„
1288 763 1365 794 jussu
1389 763 1530 786 Clementis
1547 763 1591 786 VH
1606 763 1800 786 conclusionem
1817 763 1949 787 Universi-

718 807 790 833 tatis,
810 807 891 830 libere
913 810 973 830 tunc
997 806 1204 838 pronuntiatam,
1226 807 1345 830 Schisma
1367 815 1418 830 non
1442 815 1520 838 posse
1542 807 1635 838 sopiri,
1660 807 1710 830 nisi
1733 807 1810 830 ambo
1830 808 1950 830 cederent

718 851 837 882 papatui,
852 851 1019 882 reprobando
1032 851 1138 882 publice
1151 852 1287 882 praedicat
1301 854 1391 874 contra
1407 851 1571 874 Bonifacium
1588 852 1619 874 lx
1632 869 1948 875 .............
1994 852 2039 874 598

689 909 794 932 Hem-ici
809 909 840 931 de
858 908 952 931 Hassia
965 917 1070 932 carmen
1087 917 1092 931 ·.
1108 908 1250 933 Inveczz‘va
1266 913 1367 933 contra
1384 913 1543 933 monstrum
1558 909 1711 939 Babylonis
1714 926 1949 932 ..........
1995 909 2040 931 598

690 966 854 990 Universitas
877 966 960 989 Paris.
982 966 1008 988 in
1023 966 1226 997 congregatione
1241 966 1358 997 generali
1382 966 1538 989 deliberavit
1556 967 1704 989 adeundum
1720 975 1776 989 esse
1792 967 1951 989 cardinalem

720 1011 825 1034 Petrum
841 1011 872 1033 de
888 1011 969 1037 Luna,
986 1011 1103 1042 legatum
1119 1010 1259 1033 Clementis
1272 1011 1318 1033 Vll
1334 1010 1442 1033 Parisiis
1457 1014 1518 1033 tune
1533 1011 1683 1041 degente1n;
1700 1011 1806 1042 quidam
1827 1011 1953 1042 magister

722 1055 829 1078 deberet
843 1055 977 1085 eleganter
991 1063 1140 1086 proponere
1150 1057 1175 1078 et
1190 1054 1319 1077 cardinali
1332 1054 1535 1078 Universitatem
1551 1055 1764 1079 recommandare
1767 1072 1952 1078 ........
1997 1055 2042 1077 599

691 1112 856 1136 Universitas
881 1112 964 1136 Paris.
987 1112 1013 1135 in
1035 1112 1238 1143 congregatione
1261 1112 1378 1143 generali
1399 1112 1479 1143 elegit
1500 1112 1668 1136 Guillelmum
1693 1113 1813 1141 Bari-aut,
1838 1113 1953 1144 priorem

723 1157 748 1180 S.
766 1157 892 1188 Dionysii,
905 1165 975 1187 mag.
992 1156 1017 1179 in
1031 1157 1122 1185 theol.‚
1133 1156 1177 1187 qui
1190 1165 1279 1179 coram
1292 1156 1419 1179 cardinali
1436 1157 1510 1179 Petro
1525 1157 1555 1179 de
1571 1157 1643 1180 Luna
1657 1157 1762 1180 easdem
1774 1157 1953 1180 conclusiones

723 1201 754 1224 de
771 1202 837 1224 sacto
854 1200 958 1223 unionis
974 1201 1099 1223 ecelesiae
1119 1204 1286 1232 proponeret,
1303 1209 1368 1231 quas
1384 1209 1453 1231 mag.
1471 1201 1595 1231 Eegidius
1611 1201 1641 1224 de
1657 1201 1763 1232 Campis
1778 1205 1853 1224 antea
1867 1210 1952 1224 coram

723 1253 784 1276 rege
800 1248 976 1276 proposuerat
991 1261 1953 1269 ......................................
1999 1245 2044 1267 599

693 1303 811 1334 Epistola
826 1303 953 1325 Bernardi
965 1302 1112 1331 Alamandi,
1124 1302 1241 1333 episcopi
1257 1302 1465 1327 CondomiensiS.
1478 1303 1510 1325 ad
1525 1302 1692 1326 Guillelmuin
1706 1303 1736 1325 de
1750 1303 1891 1331 Gaudiaco,
1905 1311 1955 1334 qua

724 1347 747 1370 ei
762 1350 904 1370 tractatum
920 1355 996 1370 suum
1010 1347 1041 1370 de
1057 1346 1166 1370 materia
1182 1347 1338 1369 Schismatis
1354 1347 1508 1369 transmittit
1513 1364 1956 1371 ..................
2000 1347 2045 1369 599

695 1404 844 1427 Bonisacius
858 1405 889 1427 lx
901 1404 1031 1435 permittit
1045 1404 1211 1427 scholaribus
1227 1404 1430 1427 ultramontanis
1447 1404 1555 1427 Parisiis
1572 1405 1676 1427 studere
1691 1408 1716 1427 et
1730 1405 1828 1435 gradus
1841 1405 1957 1436 recipere

724 1457 775 1472 non
793 1452 879 1472 tamen
895 1457 910 1472 a
926 1448 1084 1471 cancellario
1099 1449 1174 1472 Paris
1178 1465 1956 1473 ...............................
2001 1448 2044 1471 601

695 1507 786 1530 Petrus
802 1507 833 1529 de
848 1507 919 1529 Luna
935 1506 961 1529 in
976 1506 1127 1537 praesentia
1142 1506 1213 1537 regis
1234 1509 1259 1529 et
1274 1505 1460 1529 Universitatis
1473 1506 1554 1536 jurat,
1572 1507 1641 1537 quod
1657 1506 1724 1529 sicut
1739 1507 1856 1529 Clemens
1872 1515 1959 1538 papa-

725 1551 763 1574 tui
781 1551 872 1574 cedere
884 1551 970 1579 debet,
984 1551 1062 1573 etiam
1078 1550 1134 1581 ipse
1150 1551 1231 1579 cedet,
1249 1550 1270 1573 si
1291 1550 1317 1573 in
1331 1558 1429 1581 papam
1445 1550 1587 1581 eligeretur
1589 1567 1956 1576 ...............
2001 1550 2047 1572 602

695 1608 868 1632 Universitati
881 1608 965 1631 Paris.
977 1616 992 1631 a
1006 1608 1070 1631 duce
1086 1608 1243 1631 Bituricensi
1257 1608 1361 1631 nomine
1376 1608 1448 1638 regio
1461 1608 1623 1639 permittitur
1635 1608 1702 1631 viam
1715 1608 1828 1639 aliquam
1844 1609 1958 1631 invenire

725 1653 758 1676 ad
775 1653 932 1684 sopiendum
948 1652 1066 1675 Schisma
1072 1669 1958 1677 ...................................
2003 1651 2048 1673 603

695 1710 860 1734 Universitas
877 1710 972 1740 Paris.‚
986 1711 1037 1733 Deo
1053 1710 1153 1741 gratias
1170 1710 1280 1741 agendo,
1298 1710 1435 1733 stationem
1454 1710 1532 1733 habet
1550 1710 1582 1733 ad
1599 1711 1624 1734 S.
1641 1711 1781 1733 Martinam
1797 1711 1827 1734 (le
1843 1711 1957 1741 Campis.
2003 1709 2048 1731 603

696 1769 747 1792 Rex
759 1769 908 1799 deputatos,
925 1768 1012 1798 regios
1024 1767 1117 1796 dictos,
1131 1767 1280 1794 constituit:
1297 1767 1341 1798 qui
1354 1775 1413 1790 cum
1429 1767 1561 1798 deputatis
1577 1767 1762 1791 Universitatis
1778 1768 1892 1791 habeant
1904 1768 1959 1791 vias

727 1816 753 1836 et
767 1812 859 1835 modos
876 1815 951 1843 aptos
968 1820 1124 1843 proponere,
1139 1812 1234 1843 quibus
1252 1811 1371 1834 Schisma
1387 1811 1537 1834 aboleretur
1541 1829 1957 1835 .................
2004 1811 2049 1833 603

695 1870 891 1901 Propositiones
908 1869 934 1892 in
950 1869 1066 1900 generali
1089 1878 1169 1900 super
1188 1869 1284 1900 quihus
1308 1869 1429 1899 magistri
1453 1872 1477 1892 et
1498 1869 1645 1892 baccalarei
1666 1870 1798 1892 facultatis
1813 1870 1959 1901 theologiae

727 1915 822 1938 debent
837 1914 952 1937 scribere
967 1914 1137 1937 intentionem
1152 1922 1226 1937 suam
1242 1917 1267 1936 et
1280 1922 1336 1936 eam
1352 1914 1460 1936 fundare
1465 1930 1957 1937 ....................
2003 1913 2048 1935 603

696 1972 883 1995 Universitatis
900 1971 1039 2003 supposita
1052 1971 1078 1994 in
1090 1971 1223 1994 schedulis
1241 1979 1301 1994 suas
1315 1971 1451 2002 opiniones
1466 1971 1585 1994 scribunt
1598 1972 1628 1994 de
1644 1971 1693 1994 viis
1710 1971 1778 2002 aptis
1795 1972 1827 1994 ad
1840 1971 1959 1994 Schisma

726 2017 871 2040 tollendum
891 2033 1958 2041 ..........................................
2003 2018 2049 2039 604

696 2074 920 2105 Congregationes
936 2073 1123 2097 Universitatis
1138 2073 1222 2096 Paris.
1234 2076 1294 2104 post
1308 2073 1493 2095 extructionem
1508 2073 1692 2096 schedularum
1696 2090 1957 2097 ...........
2003 2075 2048 2097 604

696 2133 760 2155 Pars
777 2132 917 2155 schedulae
938 2131 1083 2154 communis
1099 2139 1146 2162 per
1162 2131 1300 2162 deputatos
1317 2130 1503 2153 Universitatis
1524 2139 1536 2153 e
1556 2131 1585 2153 10
1595 2132 1640 2153 000
1660 2131 1792 2153 schedulis
1808 2131 1959 2162 supposito-

727 2185 786 2199 rum
802 2175 989 2200 Universitatis
1005 2176 1036 2198 de
1050 2175 1099 2198 viis
1115 2178 1140 2198 et
1160 2175 1244 2198 modis
1260 2174 1381 2197 Schisma
1396 2174 1518 2197 abolendi
1533 2175 1693 2206 compositae
1696 2192 1957 2199 ...........
2003 2176 2046 2198 611

696 2234 821 2257 Dominus
842 2233 1002 2256 camerarius
1022 2240 1107 2264 papae
1128 2232 1284 2255 Franciscus
1300 2232 1515 2263 archiepiscopus
1536 2232 1698 2255 Narbonens.
1715 2241 1773 2255 cum
1792 2233 1877 2255 tribus
1899 2233 1958 2256 aliis

726 2286 774 2309 per
791 2279 951 2301 Clementem
966 2278 1011 2300 V11
1026 2277 1122 2300 missus
1138 2276 1254 2300 Parisios
1258 2293 1957 2300 ............................
2002 2278 2048 2300 616

697 2336 799 2359 Rectori
814 2339 839 2358 et
855 2335 987 2366 deputatis
1008 2334 1195 2358 Universitatis
1208 2334 1295 2357 aditus
1311 2334 1344 2356 ad
1361 2342 1458 2365 reg-emy
1480 2337 1507 2356 ut
1528 2334 1584 2356 vias
1601 2337 1653 2357 tres
1667 2334 1785 2357 inventas
1800 2339 1957 2366 proponant,

727 2383 1388 2411 negatur.....................a
1408 2395 1957 2403 ......................
2002 2384 2048 2406 616

697 2439 814 2470 Epistola
827 2437 1013 2461 Universitatis
1030 2437 1112 2460 Paris.
1125 2436 1230 2459 domino
1246 2436 1302 2467 regi
1319 2436 1477 2458 Francorum
1489 2435 1587 2458 directa
1603 2436 1634 2459 de
1647 2436 1731 2459 trihus
1747 2436 1797 2459 viis
1811 2445 1859 2468 per
1874 2437 1958 2468 ipsam

728 2482 849 2514 repertis,
869 2482 901 2505 ad
917 2481 1118 2512 extirpationem
1134 2480 1280 2512 praesentis
1304 2480 1459 2503 schismatis
1483 2480 1637 2503 necessariis
1641 2498 1955 2505 .............
2002 2485 2046 2508 617

696 2542 795 2564 Puncta
810 2541 948 2563 Tractatus
964 2538 1137 2570 componendi
1158 2538 1262 2561 nomine
1278 2538 1463 2561 Universitatis
1483 2537 1614 2561 Parisiens
1619 2555 1956 2562 ..............
2002 2544 2047 2565 625

697 2597 869 2622 Universitati
884 2597 968 2621 Paris.
985 2597 1137 2627 assignatur
1152 2596 1244 2619 ultima
1260 2595 1315 2618 dies
1330 2595 1401 2618 Junii
1417 2595 1450 2618 ad
1463 2595 1600 2626 epistolam
1617 2595 1673 2626 regi
1688 2597 1906 2626 praesentandam
1926 2616 1930 2620 .
1951 2615 1955 2620 .
2002 2600 2047 2623 627

697 2656 806 2680 Oratore
820 2655 960 2679 Guillelmo
976 2653 1105 2677 Barraudi
1121 2653 1239 2684 deputati
1256 2652 1440 2677 Universitatis
1458 2652 1513 2683 regi
1533 2652 1672 2684 epistolam
1686 2653 1717 2676 de
1732 2653 1816 2676 tribus
1831 2654 1880 2677 viis
1896 2654 1957 2677 offe-

729 2704 799 2724 runt.
818 2701 870 2723 Rex
883 2708 939 2722 eam
956 2699 981 2722 in
999 2699 1118 2729 linguam
1133 2698 1258 2729 gallicam
1271 2698 1415 2720 transferre
1428 2697 1502 2728 jubet
1512 2714 1957 2722 ..................
2002 2702 2047 2724 627

688 2758 810 2782 Litterae
826 2757 1012 2781 Universitatis
1024 2755 1187 2779 Coloniensis
1202 2755 1391 2786 gratulatoriae
1402 2755 1434 2777 ud
1449 2754 1653 2778 Universitatem
1664 2754 1746 2780 Paris,
1760 2755 1791 2778 de
1806 2755 1958 2787 extirpando

729 2802 876 2825 Schismate
887 2816 1957 2825 ..........................................
2003 2804 2048 2826 627

699 2859 843 2891 Responsio
867 2858 1053 2882 Universitatis
1075 2858 1149 2881 Paris
1154 2873 1957 2883 ................................
2003 2861 2048 2883 629
