2488 3386
200 319 295 356 1382]
619 332 665 354 ΑΒ
699 333 805 354 Anno
840 332 971 354 MCCCL
1005 333 1135 361 USQUE
1171 334 1218 355 An
1255 334 1518 356 nssnssnicTUM
1553 336 1643 357 xm.
1995 326 2061 359 305

197 406 234 439 in
256 405 499 439 Universitate
521 405 718 438 Parisiensi
735 406 972 446 studentium,
992 413 1097 450 prout
1115 406 1315 450 quemlibet
1332 419 1455 439 eorum
1475 408 1655 452 tangebat,
1673 421 1791 442 coram
1810 416 1907 442 certo
1926 409 2060 442 Castel-

197 472 260 505 leti
281 471 396 504 nostri
417 472 529 504 Paris.
552 472 794 504 examinatore
820 472 863 504 ad
890 471 957 504 hoc
984 484 1048 516 per
1069 472 1292 517 prepositum
1320 480 1482 505 nostrum
1513 474 1647 507 Paris.²
1676 475 1844 519 deputato
1871 475 2059 519 conquesti

197 538 366 579 fuissent,
389 549 499 583 super
521 549 563 570 eo
585 538 683 582 quod
704 538 789 571 licet
810 537 988 583 religiosi,
1007 537 1117 571 abbas
1136 545 1170 571 et
1186 545 1388 572 conventus
1406 539 1491 572 dicti
1513 541 1723 572 monasterii
1746 542 1852 573 Beate
1874 541 2059 574 Genovefe

197 604 353 637 fuissent
370 611 405 637 et
421 610 545 637 essent
558 604 594 636 in
612 604 849 649 possessione
867 610 902 636 et
918 604 1052 636 saisina
1070 604 1138 637 soli
1156 611 1190 637 et
1206 605 1243 637 in
1261 605 1417 637 solidum
1433 606 1606 650 ponendi,
1622 606 1835 639 instituendi
1853 614 1887 639 et
1902 607 2057 639 habendi

198 671 408 703 auctoritate
432 669 630 715 apostolica
651 670 688 702 in
709 670 863 703 ecclesia
881 682 945 703 seu
968 671 1188 703 monasterio
1214 671 1388 716 predictis
1410 684 1519 704 unum
1542 672 1810 713 cancellarium,
1832 673 1917 705 dicti
1939 685 2060 705 mona-

198 737 299 770 sterii
321 736 548 781 religiosum,
571 736 852 781 deponendique
874 743 909 769 et
929 737 1151 769 destituendi
1173 737 1306 769 dictum
1328 738 1595 778 cancellarium,
1618 738 1702 770 dum
1725 745 1759 771 et
1774 739 1942 783 quotiens
1964 739 2059 771 dicto

198 802 317 836 abbati
353 802 528 848 placebat,
562 815 601 836 ac
631 803 782 836 alterum
820 803 1088 844 cancellarium,
1121 804 1310 848 presertim
1347 804 1491 848 quando
1526 816 1632 837 causa
1664 804 1888 837 rationabilis
1920 805 2058 843 subest,

199 869 358 914 ponendi
384 876 419 902 et
443 869 675 910 instituendi3
703 870 739 902 in
765 870 1075 914 possessioneque
1103 876 1138 902 et
1165 870 1312 911 saisina,
1341 871 1437 915 quod
1464 871 1581 904 dictus
1609 870 1719 904 abbas
1745 878 1805 904 aut
1824 871 2060 904 cancellarius

199 942 353 981 possunt
382 935 516 969 habere
545 942 762 981 temptamen
797 948 861 981 pro
892 936 1110 981 temptandis
1145 936 1348 969 scolaribus
1385 937 1421 969 in
1455 937 1605 978 artibus,
1640 944 1679 970 ut
1710 938 1891 970 licentiam
1921 938 2062 970 valeant

199 1002 378 1043 obtinere,
404 1002 638 1048 eligendique
660 1009 814 1047 quatuor
835 1009 1068 1048 temptatores
1093 1003 1129 1035 in
1150 1003 1278 1035 artium
1302 1003 1482 1044 facultate,
1505 1004 1566 1048 qui
1588 1004 1660 1037 sint
1681 1005 1844 1049 magistri
1865 1005 1902 1036 in
1923 1004 2060 1037 artibus

200 1069 244 1102 de
275 1068 436 1114 qualibet
467 1069 611 1102 natione
641 1069 734 1102 dicte
761 1069 1015 1102 Universitatis
1049 1069 1176 1110 Paris„
1209 1081 1318 1102 unum
1354 1082 1419 1114 pro
1455 1070 1561 1103 dictis
1594 1070 1796 1103 scolaribus
1831 1071 2061 1103 licentiandis

200 1136 435 1181 temptandis;
459 1136 495 1168 in
517 1136 827 1181 possessioneque
849 1143 883 1169 et
911 1136 1057 1177 saisina,
1081 1136 1178 1181 quod
1200 1136 1285 1169 dicti
1307 1143 1540 1181 temptatores
1567 1138 1618 1170 sic
1646 1137 1751 1170 electi
1777 1138 1960 1183 predictos
1983 1149 2063 1170 seo-

200 1202 294 1235 lares
316 1203 352 1235 in
374 1209 473 1235 certo
495 1202 575 1235 loco
598 1203 683 1235 dicti
711 1203 922 1235 monasterii
944 1215 1008 1248 per
1031 1203 1148 1236 dictos
1170 1202 1334 1235 abbatem
1358 1210 1392 1236 et
1415 1211 1645 1244 conventum,
1669 1211 1728 1237 aut
1748 1216 1813 1249 per
1834 1204 1919 1237 dicti
1940 1216 2063 1236 mona-

201 1269 302 1301 sterii
332 1269 585 1301 cancellarium
615 1269 752 1302 eisdem
782 1269 1058 1314 temptatoribus
1089 1269 1310 1314 assignando
1346 1276 1519 1314 temptare
1550 1277 1704 1315 possunt
1732 1271 1775 1303 ad
1807 1271 2001 1303 videndum
2030 1278 2064 1303 et

201 1335 387 1368 sciendum
407 1348 450 1368 an
472 1335 558 1368 dicti
580 1335 739 1368 scolares
762 1336 834 1369 sint
853 1336 986 1381 ydonei
1008 1343 1043 1369 et
1064 1336 1285 1369 sufficientes
1304 1336 1347 1368 ad
1364 1336 1492 1369 dictam
1509 1336 1688 1369 licentiam
1706 1337 1741 1369 in
1759 1337 1918 1382 predicta
1935 1337 2062 1370 artium

200 1401 367 1434 facultate
398 1401 651 1443 obtinendam;
684 1402 721 1434 in
748 1403 986 1447 possessione
1014 1403 1165 1448 insuper
1195 1409 1229 1436 et
1259 1403 1405 1444 saisina,
1438 1403 1534 1448 quod
1565 1403 1687 1436 nullus
1715 1404 1806 1436 alius
1835 1411 2062 1448 preterquam

202 1468 320 1501 dictus
341 1468 452 1501 abbas
478 1475 513 1501 et
533 1469 770 1502 cancellarius
793 1469 927 1502 dictum
956 1476 1174 1514 temptamcn
1195 1470 1361 1514 apperire
1389 1476 1554 1514 possunt,
1582 1482 1647 1502 nec
1677 1482 1811 1515 ponere
1838 1482 1901 1503 seu
1927 1470 2064 1515 eligere

203 1541 436 1580 temptatores
462 1535 658 1580 predictos,
686 1536 859 1581 quodque
883 1536 973 1568 nulli
999 1536 1058 1569 alii
1087 1536 1193 1569 dictis
1219 1536 1495 1581 temptatoribus
1524 1536 1649 1569 electis
1672 1549 1735 1581 per
1759 1537 1875 1569 dictos
1901 1537 2065 1570 abbatem

202 1607 238 1634 et
257 1608 472 1634 conventum
497 1613 562 1634 seu
583 1602 837 1635 cancellarium
860 1603 967 1636 modo
989 1610 1024 1636 et
1043 1603 1157 1635 forma
1178 1603 1351 1647 predictis
1371 1603 1543 1647 exceptis,
1567 1603 1708 1648 aliquos
1730 1603 1889 1636 scolares
1906 1604 2068 1648 recipere

203 1679 267 1700 seu
284 1667 472 1700 admittere
489 1668 546 1701 vel
566 1675 739 1713 temptare
761 1681 826 1701 seu
847 1669 891 1702 ad
912 1676 1129 1713 temptamen
1152 1669 1328 1702 dictorum
1352 1669 1543 1701 scolarium
1566 1669 1621 1702 vel
1639 1669 1681 1702 ad
1704 1670 1893 1714 quicquam
1912 1670 2008 1702 aliud
2025 1671 2068 1703 ad

204 1734 338 1767 dictum
360 1740 578 1779 temptamen
601 1742 768 1780 spectans
791 1736 989 1781 procedere
1007 1748 1079 1768 non
1102 1743 1279 1781 poterant,
1298 1742 1333 1768 et
1349 1736 1379 1768 si
1401 1736 1488 1780 quid
1505 1736 1540 1768 in
1558 1739 1774 1769 contrarium
1792 1737 1921 1769 factum
1939 1738 2067 1775 suerat,

203 1800 346 1833 nullum
369 1807 443 1833 erat
462 1813 501 1833 ac
522 1801 658 1834 nullius
680 1801 814 1834 valoris
836 1802 994 1847 reputari
1015 1802 1186 1836 debebat:
1210 1802 1377 1835 dicebant
1398 1803 1548 1847 insuper
1569 1803 1665 1847 quod
1693 1802 1777 1835 licet
1797 1803 1882 1835 dicti
1904 1803 2014 1836 abbas
2036 1810 2070 1836 et

203 1866 442 1900 cancellarius
463 1867 618 1901 fuissent
639 1874 674 1901 et
694 1875 819 1901 essent
839 1869 875 1901 in
897 1869 1134 1913 possessione
1156 1875 1191 1901 et
1211 1869 1345 1902 saisina
1366 1869 1435 1901 soli
1457 1875 1491 1901 et
1517 1869 1554 1901 in
1575 1869 1731 1902 solidum
1755 1870 1914 1914 ponendi
1942 1876 1976 1902 et
2003 1882 2067 1914 pro

205 1933 300 1966 dicto
323 1934 554 1978 temptamine
576 1946 719 1967 necnon
740 1935 902 1968 examine
926 1942 961 1968 et
981 1935 1125 1968 licentia
1147 1935 1339 1968 scolarium
1362 1935 1606 1980 predictorum
1636 1935 1797 1980 eligendi
1816 1936 2070 1969 vicecancella-

205 1999 310 2039 rium,
329 1999 390 2044 qui
412 1999 520 2032 debet
541 2012 622 2033 esse
646 2001 819 2046 magister
842 2002 878 2033 in
900 2001 1096 2046 theologia,
1120 2002 1263 2046 quando
1285 2001 1437 2046 predicti
1464 2002 1673 2034 monasterii
1699 2002 1935 2035 cancellarius
1958 2003 2068 2047 magi—

204 2072 278 2098 ster
304 2066 340 2098 in
368 2065 505 2098 artibus
534 2078 606 2099 non
637 2067 788 2108 extabat,
818 2074 852 2100 et
879 2068 975 2112 quod
1003 2068 1126 2100 nullus
1154 2068 1246 2101 alius
1266 2068 1600 2101 vicecancellarium
1628 2080 1764 2113 ponere
1789 2076 1849 2101 aut
1878 2069 2067 2101 instituere

204 2138 355 2176 poterat,
386 2139 421 2165 et
450 2133 481 2165 si
512 2133 599 2177 quid
629 2133 666 2166 in
693 2134 913 2167 contrarium
942 2136 1071 2167 sactum
1101 2135 1228 2176 suerat,
1257 2141 1368 2167 totum
1398 2141 1473 2167 erat
1507 2135 1645 2167 nullum
1674 2142 1734 2167 aut
1761 2135 1885 2167 saltem
1916 2135 2068 2168 anullari

204 2198 376 2239 debebat;
401 2199 571 2244 quodque
593 2200 677 2232 licet
698 2200 816 2233 dictus
838 2201 1076 2233 cancellarius
1098 2201 1150 2234 sic
1176 2207 1215 2233 ut
1243 2201 1443 2245 predicitur
1470 2201 1611 2246 positus
1632 2201 1688 2234 vel
1714 2202 1852 2234 electus
1880 2203 2010 2234 suisset
2035 2209 2070 2234 et

204 2271 302 2298 esset
331 2265 367 2297 in
397 2266 634 2310 possessione
663 2273 698 2299 et
725 2267 871 2308 saisina,
901 2267 999 2312 quod
1030 2267 1115 2300 dicti
1143 2267 1461 2300 vicecancellarius
1494 2274 1529 2300 et
1557 2274 1790 2312 temptatores
1821 2269 1855 2300 in
1887 2269 2068 2313 presentia

204 2331 298 2364 dicte
319 2332 498 2365 facultatis
519 2333 647 2365 artium
665 2334 911 2378 juramentum
936 2334 1117 2367 faciebant
1145 2334 1241 2378 quod
1267 2335 1366 2378 juste
1395 2334 1528 2366 dictum
1551 2334 1706 2366 officium
1732 2342 1956 2377 exercerent,
1977 2347 2068 2379 quos

205 2397 337 2443 dignos
359 2410 423 2443 pro
444 2399 589 2432 licentia
615 2400 651 2432 in
676 2400 836 2445 predicta
862 2401 990 2433 artium
1012 2400 1179 2433 facultate
1207 2400 1403 2433 obtinenda
1425 2400 1627 2445 reperirent
1654 2401 1902 2446 approbando,
1926 2408 2067 2434 ceteros

204 2464 377 2509 indignos
398 2465 627 2510 repellend03
651 2466 735 2499 licet
756 2467 907 2512 insuper
928 2467 1021 2499 dicta
1043 2467 1138 2499 natio
1161 2467 1344 2500 Gallicana
1365 2467 1496 2499 fuisset
1523 2473 1558 2499 et
1584 2474 1683 2499 esset
1711 2468 1748 2500 in
1778 2468 2013 2512 possessione
2035 2474 2068 2500 et

205 2531 350 2572 saisina,
369 2531 453 2564 dum
476 2539 510 2564 et
532 2533 701 2577 quotiens
723 2533 856 2566 dictum
883 2540 1099 2578 temptamen
1122 2534 1157 2565 in
1179 2533 1341 2578 predicto
1363 2533 1583 2566 monasterio
1605 2535 1713 2566 Beate
1735 2535 1920 2567 Genovefe
1941 2546 2068 2579 apper-

206 2603 279 2629 tum
300 2598 427 2639 fuerat,
450 2598 608 2631 habendi
629 2599 763 2632 ibidem
786 2600 963 2645 quendam
987 2600 1199 2645 magistrum
1228 2600 1264 2632 in
1292 2599 1429 2632 artibus
1455 2600 1549 2632 dicte
1578 2600 1734 2633 nationis
1756 2601 1939 2633 Gallicane
1962 2600 2066 2632 modo

205 2670 240 2696 et
259 2664 372 2696 forma
393 2665 567 2709 predictis
589 2665 757 2707 electum,
780 2667 842 2710 qui
863 2667 1008 2711 quidem
1031 2673 1223 2711 temptator
1244 2673 1290 2707 et,
1314 2673 1352 2698 ut
1372 2666 1584 2711 predicitur,
1607 2666 1744 2699 electus
1765 2667 1897 2699 dictum
1922 2673 2069 2711 tempta-

205 2742 288 2762 men
307 2738 493 2775 appertum
516 2732 649 2765 intrare
671 2745 709 2765 ac
731 2733 848 2766 dictos
871 2733 1030 2766 scolares
1048 2740 1222 2778 temptare
1245 2739 1384 2778 poterat
1403 2745 1442 2765 ac
1464 2733 1582 2765 omnia
1603 2734 1720 2765 facere
1741 2734 1784 2766 ad
1806 2734 1937 2765 dictum
1958 2740 2067 2777 temp-

205 2802 323 2829 tamen
345 2798 542 2842 spectantia
563 2811 643 2831 cum
665 2800 796 2832 ceteris
820 2799 934 2833 tribus
956 2799 1232 2845 temptatoribus
1254 2806 1288 2832 et
1309 2799 1523 2832 cancellario
1546 2811 1609 2832 seu
1631 2799 1925 2832 vicecancellario
1948 2798 2067 2831 debite

205 2874 244 2895 ac
265 2863 372 2896 modo
395 2871 429 2896 et
449 2865 561 2897 sorma
583 2866 756 2910 predictis
778 2866 916 2906 electis,
940 2867 976 2899 in
1007 2867 1316 2911 possessioneque
1339 2872 1373 2898 et
1393 2865 1526 2898 saisina
1548 2866 1643 2910 quod
1665 2866 1756 2898 alius
1778 2866 1899 2897 nullus
1919 2866 1961 2897 ad
1989 2877 2069 2909 pre‹

330 2924 378 2941 *Η
396 2922 492 2946 Chare.
512 2922 587 2946 Univ.
607 2923 702 2947 Paris.
722 2924 767 2947 111.
1916 2924 1944 2946 39
