2488 3386
209 332 303 368 1367]
617 344 662 364 ΑΒ
698 343 803 364 ΑΝΝΟ
840 343 969 364 MCCCL
1004 342 1136 369 USQUE
1174 343 1222 363 AD
1260 343 1526 364 BENEDICTUM
1562 344 1650 365 xii1.
2005 336 2066 367 169

206 418 296 450 turis
318 418 354 449 in
375 417 553 461 capitibus
575 424 609 450 et
629 416 804 455 faciebus,
830 428 869 448 ac
897 415 977 448 aliis
999 427 1148 448 suorum
1170 416 1335 460 corporis
1358 416 1533 459 partibuS,
1557 416 1800 449 inhumaniter
1822 424 1853 449 ct
1871 418 2067 451 crudeliter

204 484 431 516 verberando
453 490 487 516 et
507 483 732 516 vulnerando
753 495 792 515 ac
814 482 1048 527 quamplures
1069 488 1210 514 atroces
1232 482 1382 525 injurias
1405 488 1437 514 et
1465 482 1671 514 blasfemias
1693 483 1746 515 eis
1775 483 1885 515 verbo
1912 491 1943 516 et
1974 486 2065 516 sacto

206 550 409 587 inserendo,
433 550 670 594 prisionarios
697 550 873 582 duxerant
899 561 938 581 ac
966 548 1058 580 ultra
1079 548 1288 592 guichetum
1317 549 1479 592 ejusdem
1508 549 1692 581 Castelleti
1721 550 1755 581 in
1785 550 1917 582 vilibus
1947 563 2065 583 carce—

205 616 306 649 ribus
329 623 536 661 posuerant,
559 623 594 648 et
614 616 699 648 dum
720 616 764 648 ad
785 616 902 660 ipsum
925 614 1159 648 Castelletum
1178 615 1229 647 sic
1252 615 1484 655 ducerentur,
1507 615 1684 659 quendam
1712 616 1881 648 famulum
1906 617 2063 660 ipsorum

206 683 368 728 magistri
398 683 493 716 Petri
524 683 568 715 de
590 683 700 727 Zippa
726 689 760 715 et
787 683 864 726 ejus
892 681 1098 720 scolarium,
1128 694 1233 725 quem
1264 693 1384 713 secum
1415 682 1521 713 modo
1550 682 1728 726 premisso
1760 683 1945 723 duxerant,
1973 684 2065 716 circa

205 750 339 782 (lictum
361 751 511 782 Parvum
534 751 682 782 Pontem
700 749 812 782 Paris.
836 748 1038 792 decapitare
1060 754 1119 780 aut
1135 748 1339 780 interficere
1360 748 1561 789 voluerant,
1585 760 1623 780 ac
1646 761 1755 780 unum
1774 749 1881 781 alium
1904 750 2064 793 ipsorum

205 815 411 856 scolarium,
440 822 603 848 vocatum
631 815 830 848 Johannem
863 815 1029 858 Crampe,
1053 814 1088 846 in
1115 814 1243 846 dictam
1267 826 1392 858 aquam
1425 815 1561 847 Sccane
1583 814 1859 847 submersurum
1890 815 2067 848 violenter

205 883 337 915 ducere
359 882 429 915 nisi
450 883 603 923 fuerant,
622 882 683 927 qui
701 888 849 926 propter
870 882 949 926 ejus
973 881 1221 914 resistenciam
1245 887 1279 913 et
1300 881 1550 913 defensionem
1579 881 1614 913 in
1636 881 1765 913 dictam
1786 893 1912 926 aquam
1938 882 2066 915 ductus

204 961 277 982 non
293 949 420 982 fuerat.

294 1017 337 1048 Et
363 1028 577 1060 quamquam
608 1016 678 1060 ipsi
708 1015 881 1060 magister
907 1021 942 1048 et
971 1015 1131 1048 scolares
1158 1015 1214 1047 sui
1242 1015 1279 1047 in
1300 1014 1396 1047 dicto
1425 1014 1622 1047 Castelleto
1651 1021 1775 1047 nostro
1798 1015 1994 1048 Parisiensi
2015 1017 2066 1048 sic

204 1082 302 1114 ducti
323 1089 358 1115 et
378 1082 507 1115 intrusi
530 1082 686 1115 fuissent
702 1089 737 1115 et
756 1088 881 1114 essent
900 1094 1051 1114 numero
1073 1082 1201 1126 viginti
1219 1082 1392 1126 quinque,
1415 1093 1567 1125 quorum
1589 1081 1711 1125 plures
1729 1082 1925 1114 enormiter
1940 1083 2067 1116 verbe-

205 1149 270 1181 rati
290 1155 324 1181 et
348 1148 526 1182 vulnerati
553 1149 743 1181 extiterant
766 1155 801 1181 et
825 1155 938 1190 erant,
968 1155 1005 1181 ut
1031 1148 1230 1193 prefertur,
1260 1154 1534 1192 verumptamen
1560 1148 1596 1180 in
1620 1148 1817 1181 fetentibus
1843 1156 1879 1182 et
1901 1149 2068 1182 obscuris

203 1215 411 1248 carceribus
436 1215 628 1260 mancipati
650 1215 768 1248 solum
794 1214 927 1247 lectum
948 1214 1160 1252 habuerant,
1189 1221 1223 1247 et
1244 1215 1296 1247 sic
1321 1214 1456 1247 ibidem
1484 1214 1545 1246 illa
1572 1221 1676 1247 nocte
1698 1221 1872 1248 steterant
1897 1222 1931 1248 et
1945 1217 2069 1260 jacue-

203 1288 294 1314 rant.

292 1347 467 1381 Dicebant
487 1355 664 1393 preterea,
686 1349 796 1393 quod,
815 1349 898 1381 licet
920 1349 1079 1393 prefatus
1098 1348 1374 1381 Bartholomeus
1396 1348 1525 1380 Divitis
1547 1361 1625 1381 cum
1648 1349 1754 1381 dictis
1772 1349 1944 1393 magistro
1962 1350 2067 1382 Petro

203 1420 239 1447 et
257 1414 337 1447 aliis
361 1414 564 1447 scolaribus
585 1427 623 1447 ac
645 1415 682 1447 in
706 1427 831 1448 eorum
853 1415 1020 1448 comitiva
1041 1415 1171 1448 suisset
1191 1415 1376 1454 continue,
1399 1415 1483 1446 dum
1506 1415 1542 1447 in
1564 1416 1671 1448 domo
1693 1415 1778 1447 dicti
1802 1415 1952 1448 rectoris
1974 1416 2066 1448 dicta

203 1487 308 1513 nocte
334 1481 476 1514 fuerant
501 1488 535 1514 et
562 1482 672 1514 eciam
706 1482 743 1514 in
771 1493 895 1514 eorum
927 1493 1088 1522 recessu,
1119 1493 1311 1526 quousque
1342 1481 1448 1513 dictis
1475 1481 1720 1514 servientibus
1753 1481 1996 1523 obviaverant,
2030 1489 2067 1515 ut

202 1547 382 1591 prefertur
404 1559 411 1580 ;
430 1554 585 1580 attamen
607 1549 838 1593 postmodum
860 1548 994 1581 dictum
1018 1548 1309 1581 Bartholomeum
1333 1560 1405 1580 non
1422 1548 1584 1580 viderant
1604 1560 1668 1580 nec
1686 1548 1780 1580 scire
1798 1555 1988 1593 potuerant
2004 1549 2065 1581 ubi

202 1620 289 1654 erat,
308 1626 521 1658 quamquam
545 1614 776 1660 diligenciam
799 1615 986 1648 maximam
1008 1614 1274 1655 adhibuissent,
1298 1621 1335 1647 ut
1356 1626 1437 1646 eum
1460 1615 1620 1659 reperire
1642 1615 1815 1648 valerent.
1839 1615 2066 1660 Quapropter

171 1672 174 1673 ⁷
200 1679 317 1712 fuerat
336 1687 371 1713 et
397 1687 472 1713 erat
494 1681 762 1714 verissimiliter
787 1682 1084 1726 presumendum,
1111 1688 1216 1726 prout
1242 1681 1311 1725 ipsi
1339 1680 1608 1725 presumebant,
1631 1681 1749 1726 ipsum
1772 1681 2063 1714 Bartholomeum

202 1758 266 1790 per
291 1746 408 1780 dictos
438 1748 641 1781 servientes
667 1755 813 1781 nostros
838 1755 898 1781 aut
926 1748 1017 1781 alios
1039 1748 1083 1781 de
1112 1760 1176 1781 sua
1204 1747 1371 1781 comitiva
1399 1747 1628 1780 interfectum
1657 1755 1692 1780 et
1720 1748 1757 1780 in
1782 1760 1908 1792 aquam
1931 1749 2065 1781 Secane

202 1813 401 1857 projectum
419 1820 479 1846 aut
498 1814 585 1847 alias
606 1814 823 1848 absconsum
846 1815 959 1848 fuisse
977 1821 1009 1847 et
1032 1827 1126 1847 csse.

291 1879 467 1913 Dicebant
487 1880 645 1922 demum,
673 1881 770 1926 quod
795 1882 971 1926 premissa
993 1882 1112 1914 omnia
1138 1888 1173 1914 et
1202 1881 1346 1926 singula
1376 1893 1439 1926 per
1463 1881 1580 1914 dictos
1607 1881 1755 1914 militem
1784 1882 1884 1925 gueti
1912 1883 2063 1926 ejusque

201 1945 506 1979 locumtenentem
541 1959 579 1979 ac
608 1959 695 1980 suos
725 1948 885 1980 fautores
918 1948 955 1980 in
987 1947 1051 1980 hac
1083 1955 1182 1992 parte
1211 1948 1284 1980 odii
1316 1955 1350 1980 et
1381 1948 1542 1980 rancoris
1570 1954 1693 1980 contra
1725 1948 1824 1992 ipsos
1853 1949 2061 1991 magistrum

201 2013 344 2044 Petrum
363 2013 407 2045 de
424 2013 534 2058 Zippa
551 2020 586 2046 et
602 2014 761 2047 scolares
779 2021 913 2047 temere
931 2021 1188 2059 conceptorum
1206 2015 1343 2054 fomite,
1362 2027 1434 2046 non
1451 2021 1568 2047 autem
1590 2014 1666 2047 zelo
1685 2015 1839 2047 racionis
1857 2015 2061 2058 etjusticie,

200 2079 302 2119 facta,
330 2079 522 2112 commissa
552 2087 586 2112 et
614 2087 815 2125 perpetrata
843 2082 985 2113 fuerant
1010 2088 1042 2113 et
1073 2088 1192 2120 erant,
1223 2081 1367 2113 attentis
1397 2081 1514 2113 modis
1548 2081 1685 2113 illicitis
1714 2088 1746 2113 et
1772 2081 2063 2125 dampnabilibus

201 2156 414 2177 excessuum
443 2152 477 2178 et
507 2146 763 2179 maleficiorum
794 2147 1056 2192 predictorum,
1089 2154 1223 2180 attento
1250 2147 1361 2179 eciam
1394 2147 1491 2191 quod
1523 2147 1689 2179 nonnulli
1718 2148 1920 2180 servientes
1948 2149 2062 2180 nostri

201 2210 338 2255 pluries
365 2224 458 2244 anno
488 2213 649 2257 presenti
678 2214 806 2246 dictam
835 2214 981 2246 domum
1009 2214 1170 2258 ipsorum
1194 2213 1357 2258 magistri
1380 2213 1474 2246 l’etri
1501 2213 1545 2246 de
1570 2214 1678 2258 Zippa
1703 2220 1738 2246 et
1765 2215 1843 2258 ejus
1869 2214 2060 2246 scolarium

200 2289 279 2309 cum
302 2278 411 2310 armis
432 2278 684 2321 circumerant,
707 2286 742 2312 et
762 2287 885 2312 contra
909 2292 972 2312 eos
998 2280 1279 2312 informaciones
1297 2279 1464 2312 'secretas
1485 2280 1613 2312 odiose
1635 2281 1805 2319 fecerant,
1828 2287 1861 2312 et
1891 2280 2062 2312 nonnulla

200 2343 309 2376 verba
332 2344 463 2383 rixosa,
491 2345 732 2389 opprobriosa
757 2353 791 2378 et
814 2347 990 2391 injuriosa
1016 2346 1085 2379 sibi
1108 2346 1272 2378 dixerant
1298 2353 1333 2378 et
1354 2346 1594 2390 protulerant,
1618 2353 1752 2378 attento
1780 2347 1942 2391 insuper,
1966 2347 2062 2391 quod

200 2409 270 2454 ipsi
301 2411 503 2443 servientes
530 2412 657 2453 nostri,
690 2413 726 2444 in
756 2413 879 2457 vigilia
907 2413 989 2446 sesti
1016 2413 1118 2445 beate
1150 2412 1346 2445 lx'atherine
1374 2424 1490 2456 nuper
1520 2412 1645 2456 elapsi,
1680 2413 1812 2445 dictum
1851 2414 2058 2458 magistrum

201 2477 344 2508 Petrum
376 2477 420 2509 de
446 2478 556 2522 Zippa
580 2478 617 2511 in
642 2479 722 2511 vico
748 2479 842 2512 dicte
869 2480 999 2512 domus
1032 2492 1097 2512 sue
1124 2479 1270 2524 pacifice
1297 2485 1331 2511 et
1357 2479 1492 2510 nemini
1520 2479 1748 2522 injuriantem
1779 2480 1814 2511 iu
1842 2491 1907 2511 suo
1939 2480 2058 2513 habitu

200 2541 353 2574 honesto
388 2549 423 2575 et
457 2543 594 2588 absque
626 2545 734 2577 armis
769 2546 998 2586 existentem,
1027 2546 1247 2578 tumultuose
1279 2551 1313 2577 et
1345 2545 1560 2589 impetuose,
1592 2557 1630 2576 ac
1666 2545 1782 2588 ipsum
1819 2546 2059 2589 percuciendo

200 2615 370 2652 ceperant
391 2616 423 2641 et
445 2610 482 2642 in
506 2611 740 2643 Castelletum
759 2618 922 2644 nostrum
948 2612 1060 2644 Paris.
1085 2612 1340 2656 prisionarium
1365 2611 1553 2651 duxerant,
1580 2623 1685 2654 quem
1710 2612 1915 2655 prepositus
1937 2619 2060 2644 noster

201 2674 418 2708 Parisiensis
436 2683 600 2721 tanquam
624 2678 759 2722 injuste
776 2685 917 2723 captum
939 2685 974 2711 et
994 2679 1177 2711 detentum
1200 2691 1217 2710 a
1236 2678 1396 2722 prisione
1419 2677 1646 2717 liberaverat,
1665 2677 1811 2709 eosdem
1836 2678 1879 2709 de
1901 2685 1935 2710 et
1952 2690 2060 2722 super

199 2739 409 2783 hujusmodi
431 2743 597 2786 captione
619 2743 743 2776 illicita
763 2751 798 2776 et
818 2745 950 2788 injusta
972 2757 1011 2777 ac
1032 2751 1155 2777 contra
1178 2744 1356 2776 racionem
1380 2743 1608 2786 etjusticiam
1626 2743 1713 2774 sacta
1736 2743 1968 2787 increpando.

289 2807 329 2838 ln
352 2808 541 2851 premissis
563 2809 614 2841 sic
643 2810 810 2854 nequiter
831 2817 865 2843 et
891 2810 1169 2855 dampnabiliter
1194 2810 1282 2842 actis
1304 2816 1337 2841 ct
1359 2809 1573 2853 perpetratis
1600 2808 1667 2840 vim
1694 2808 1869 2852 publicam
1892 2816 1926 2841 et
1946 2821 2060 2842 armo-

202 2883 280 2904 rum
303 2872 527 2906 dclacioneni
549 2876 820 2918 committendo,
845 2877 1052 2921 salvamque
1069 2877 1229 2921 gardiam
1252 2882 1411 2907 nostram
1431 2874 1639 2919 predictam,
1666 2874 1700 2905 iu
1723 2886 1789 2917 qua
1812 2875 1887 2918 ipsa
1914 2876 2062 2908 Univer-

325 2933 373 2950 *Η
393 2932 488 2956 Chart.
512 2933 589 2957 Univ.
607 2933 703 2958 Paris.
721 2934 765 2957 111.
1913 2933 1942 2954 22
