2488 3386
442 360 506 393 664
1084 366 1272 388 ADDENDA
1306 366 1351 387 ET
1386 365 1660 388 conquENnA.

530 444 633 469 duobus
650 443 690 468 rel
705 442 792 468 tribus
808 442 908 468 nuntiis
924 443 1027 468 tantum
1043 441 1144 476 (πρίων,
1157 441 1204 475 qui
1214 442 1269 467 tam
1284 441 1361 466 vivae
1376 441 1446 466 vocis
1462 441 1572 466 oraculo
1587 448 1669 474 quam
1684 440 1828 473 scripturis
1843 448 1859 466 a
1869 448 1944 473 papa
1961 440 2026 473 ipsis
2040 440 2147 466 traditis
2166 448 2257 466 omnes
2272 441 2308 467 ad

529 500 595 526 quos
611 492 739 524 epistolae
751 491 869 517 directae
883 492 955 519 sunt,
971 491 1003 516 dc
1017 498 1082 516 vera
1095 490 1222 516 electione
1239 490 1342 516 Urbani
1360 491 1392 515 1⁷1
1411 489 1546 515 instruere
1563 489 1700 515 deberent.
1721 489 1859 522 Epistolae
1877 489 1926 514 1-8
1941 489 2053 514 eandem
2072 489 2199 522 temporis
2217 491 2307 515 notam

529 541 656 573 offerunt.
679 540 736 565 scil.
762 530 827 565 Dat.
851 540 959 565 Romae
978 539 1057 572 apud
1075 539 1101 564 S.
1121 539 1240 564 Mariam
1260 538 1467 564 Transtiberim
1487 538 1513 571 xj
1535 538 1592 563 kal.
1615 538 1762 567 Decemb.,
1782 537 1969 571 pontificatus
1991 538 2082 563 nostri
2101 545 2180 563 anno
2199 538 2305 571 primo.

530 590 627 615 Omnes
642 589 722 614 eliam
737 588 848 614 litterae
863 589 975 614 clausae
989 589 1050 614 sunt
1066 595 1125 613 cam
1142 587 1316 620 inscriptione
1334 595 1351 612 a
1374 588 1450 620 teryo
1469 586 1505 620 (v.
1523 595 1549 621 9.
1568 594 1622 620 pro
1640 586 1819 613 Universitate
1830 586 1921 613 Paris.
1936 586 1987 612 dil.
2002 586 2068 611 filiis
2085 606 2102 611 ..
2119 586 2233 615 rectori,
2247 594 2306 612 ma-

528 637 631 672 gistris,
653 637 829 666 doctoribus,
851 636 1006 663 scolaribus
1025 644 1057 662 ac
1074 636 1255 662 Universitati
1271 635 1359 661 studii
1377 635 1548 670 Parisiens.).
1565 643 1682 669 quaram
1700 636 1877 669 epistolarum
1890 635 1958 661 duas
1972 635 2044 661 solas
2061 634 2087 660 in
2103 636 2213 661 eaetenso
2232 635 2308 669 infra

529 687 631 712 edimus
651 686 704 719 (n⁰·⁵
720 686 734 715 [ι
751 687 775 711 el
791 685 827 715 8),
844 694 903 711 cum
921 693 973 718 pro
994 686 1085 711 nostro
1099 685 1160 718 fine
1178 684 1293 718 majoris
1313 684 1366 710 sint
1388 684 1524 710 momenti.
1538 686 1560 710 Ε
1580 690 1610 710 n⁰
1629 684 1643 713 4
1662 684 1755 713 elucet,
1776 684 1959 710 Bernardum
1979 683 2134 709 Alamandi
2154 683 2307 717 episcopum

529 735 749 761 Condomiensem
759 735 822 768 Jam
836 736 897 760 tanc
912 734 1024 760 eundem
1037 734 1103 767 sere
1119 733 1245 766 spiritam
1258 733 1384 767 gessisse.
1401 741 1433 759 ac
1449 741 1494 759 an.
1516 733 1582 767 1393
1598 733 1664 767 (vid.
1682 739 1739 759 num
1758 732 1846 767 1671).
1867 733 2018 759 Ludovicus
2037 740 2100 758 vero
2113 732 2171 758 darc
2183 733 2307 767 Andeqa-

529 791 601 809 vens.
619 783 664 818 (n0
678 782 705 817 8)
717 783 886 816 palinodiam
900 783 1002 808 cecinit.
1020 783 1079 808 Non
1089 790 1179 815 panca
1195 782 1277 807 verba
1292 781 1407 807 istarum
1420 782 1596 814 epistolarum
1611 782 1637 807 in
1651 782 1733 807 litura
1747 783 1818 808 sant.

601 832 654 858 Sed
665 839 718 866 qao
732 833 851 868 tempore
865 831 953 857 nuntii
969 831 993 856 in
1010 831 1154 856 Francianz
1164 830 1285 864 profecti
1299 831 1382 856 sunt?
1397 832 1475 856 Certe
1491 832 1553 863 post
1568 831 1697 857 Novemb.
1714 830 1747 855 28
1760 829 1825 864 (vicl.
1843 830 1920 864 infra
1938 830 1974 865 9).
1991 832 2085 859 Immo.
2106 832 2133 856 ut
2151 830 2306 863 opinamur,

529 889 582 906 non
602 882 664 906 ante
683 887 728 906 an.
749 880 825 915 1379,
842 880 908 906 Maii
927 889 952 914 9,
974 888 1037 905 nam
1056 879 1107 905 sab
1127 879 1177 905 hac
1197 879 1325 912 temporis
1345 880 1409 905 noia
1430 879 1555 905 Urbanus
1575 880 1606 905 VI
1621 879 1809 912 Raymundum
1823 879 1857 905 de
1878 880 1972 912 Capua
1996 880 2024 905 ut
2039 887 2060 905 s.
2077 878 2149 905 sedis
2164 878 2307 904 nuntium

529 930 564 955 ad
579 931 674 963 partes
687 929 767 962 regni
784 930 802 954 F
805 929 917 954 ranciae
931 929 1110 954 destinatum
1127 929 1207 954 Petro
1224 928 1283 962 reyi
1297 928 1454 962 Araqoniae
1466 928 1633 954 commendat
1648 927 1797 960 (originale
1816 927 1880 954 olim
1901 928 1978 954 Senis
1997 928 2071 961 apud
2088 927 2306 957 Praedicatores,

529 986 598 1004 nanc
619 978 806 1008 desideratum-,-
822 977 862 1003 ed.
882 978 956 1010 apud
973 977 1077 1010 Ripolt.
1094 977 1165 1003 Ball,
1183 977 1248 1003 Ord.
1266 977 1379 1005 Praed..
1396 977 1430 1005 ΙΙ.
1447 984 1475 1010 p.
1492 977 1564 1011 297),
1579 977 1604 1003 si
1617 977 1716 1003 scilicet
1732 977 1819 1002 eundo
1839 977 1866 1002 in
1879 976 2024 1002 Franciam
2041 976 2165 1011 regiones
2188 976 2308 1002 transire

528 1027 646 1054 deberet,
663 1034 733 1062 qaae
745 1026 795 1052 sub
810 1026 992 1051 dominatione
1007 1026 1079 1060 reyis
1093 1025 1249 1060 Arayoniae
1261 1027 1359 1051 essent.

442 1085 463 1101 1.
480 1075 581 1101 Carolo
596 1075 655 1108 regi
671 1075 850 1100 Francorum
868 1085 880 1098 ιι
897 1075 1026 1100 nobilem
1042 1075 1138 1100 virum
1153 1074 1296 1100 Jacobum
1311 1075 1388 1100 Ceua
1404 1074 1530 1100 militem
1550 1076 1577 1100 et
1597 1075 1652 1108 leg.
1668 1074 1828 1103 doctorem,
1846 1074 1928 1102 Rom.
1951 1073 2031 1100 curie
2050 1073 2265 1101 marescallum.
2279 1074 2308 1099 et

527 1124 736 1157 Ilaymundum
752 1124 787 1150 de
802 1124 910 1157 Capua,
928 1123 997 1149 Ord.
1017 1124 1082 1149 frat.
1103 1123 1184 1149 Pred.
1202 1124 1404 1157 professorem,
1421 1123 1663 1156 penitentiarium
1679 1125 1814 1149 nostrum
1832 1133 1857 1151 ».
1874 1124 1902 1148 et
1918 1132 1931 1146 «
1948 1130 2012 1148 ven.
2031 1123 2096 1148 frat.
2112 1122 2307 1148 Guillelmum

528 1173 672 1198 Valentin.
689 1174 717 1198 et
733 1173 822 1205 Dyen.
845 1173 1024 1205 episcopum,
1041 1172 1093 1206 qui
1115 1174 1247 1205 tempore
1266 1173 1332 1198 date
1354 1173 1536 1205 presentium
1551 1173 1582 1198 in
1604 1172 1735 1206 partibus
1755 1171 1983 1198 ultramontanis
1997 1179 2111 1197 moram
2127 1171 2261 1198 trahebat
2279 1172 2308 1198 et

527 1222 626 1250 trahit,
650 1222 680 1247 in
702 1222 776 1247 sacto
796 1221 962 1254 plenissime
982 1222 1176 1247 informatum
1199 1232 1224 1251 n,
1246 1223 1280 1247 ut
1305 1221 1434 1250 nuntios.
1458 1229 1532 1255 quos
1554 1221 1679 1254 benigne
1699 1221 1809 1247 audiat.
1833 1220 2031 1247 commendat.
2051 1220 2116 1246 Dat.
2133 1220 2234 1250 Rome,
2256 1222 2305 1247 etc.

529 1281 541 1294 «
559 1271 633 1296 Cum
650 1278 701 1304 pro
716 1271 799 1296 certis
814 1271 911 1296 arduis
927 1270 1050 1303 negotiis
1064 1280 1088 1295 ».
1106 1271 1190 1296 Deest
1205 1270 1344 1303 sigillum.

599 1321 672 1345 Ilaec
686 1320 744 1345 sola
759 1319 882 1352 epistola,
900 1319 1057 1348 incorrecte,
1073 1319 1144 1345 edita
1160 1320 1198 1345 est
1214 1327 1259 1352 ap.
1274 1319 1379 1352 Ripoll,
1398 1319 1468 1345 Ball.
1485 1319 1550 1345 Ord.
1566 1319 1678 1348 Praed..
1695 1319 1729 1348 11,
1747 1318 1808 1353 296.

441 1377 464 1393 2.
482 1368 582 1394 Carolo
598 1368 657 1400 regi
674 1369 862 1397 Francorum,
879 1370 913 1393 ut
930 1368 1036 1394 Jacobo
1050 1368 1086 1393 (le
1101 1368 1178 1394 Ccua
1191 1370 1219 1394 et
1234 1368 1460 1402 Raymundode
1473 1368 1571 1401 Capua
1587 1368 1676 1394 fidem
1696 1367 1842 1393 adhibeat.
1859 1367 1970 1393 Dolosis
1984 1367 2190 1395 assertionibus
2205 1368 2306 1395 contra

525 1425 607 1443 suam
629 1417 800 1443 electionem
822 1425 905 1443 aures
928 1425 991 1442 suas
1012 1424 1071 1442 non
1091 1417 1235 1450 praebeat.
1262 1428 1274 1440 κ
1296 1417 1339 1442 Ad
1359 1419 1387 1443 te
1406 1417 1497 1450 igitur
1516 1417 1595 1443 velut
1619 1417 1766 1449 singulare
1789 1416 1949 1450 presidium
1974 1416 2153 1442 recurrimus
2167 1418 2195 1442 et
2211 1416 2273 1446 tibi,
2289 1423 2305 1442 a

525 1466 608 1499 cujus
623 1466 722 1491 innata
737 1466 898 1491 constantia
913 1466 1057 1499 dependet.
1073 1466 1236 1499 plurimum
1252 1474 1314 1499 spes
1329 1467 1436 1493 nostra.
1454 1467 1579 1492 matrem
1595 1466 1687 1499 ipsam
1704 1467 1786 1491 tuam
1802 1467 1830 1491 et
1849 1466 1977 1491 nostram
1990 1464 2138 1498 justiciam
2157 1472 2305 1492 commen-

524 1514 629 1540 damus
705 1525 729 1540 ».
747 1515 811 1540 Dat.
828 1515 945 1544 Romae,
962 1516 1011 1540 etc.
1031 1526 1043 1538 u
1057 1515 1131 1547 Quia
1146 1515 1266 1541 dilectos
1281 1515 1355 1541 filios
1372 1524 1395 1540 ».
1414 1515 1598 1541 Fnaxsfflsccs.
1615 1515 1699 1540 Deest
1715 1515 1854 1548 sigillum.

437 1563 462 1588 3.
480 1563 550 1589 Ven.
568 1563 601 1588 sr.
619 1563 780 1589 Guillermo
799 1564 884 1596 episc.
903 1563 1046 1589 Valentin.
1065 1574 1078 1587 «
1095 1564 1170 1589 Cum
1186 1572 1273 1597 super
1293 1563 1410 1596 negotio
1426 1565 1523 1590 nostre
1537 1563 1732 1596 promotionis
1747 1563 1783 1589 ad
1803 1571 1956 1589 summum
1972 1563 2161 1596 pontificatus
2181 1563 2304 1596 apicem.

526 1613 608 1646 cujus
630 1619 794 1645 processum
810 1614 838 1638 et
857 1612 980 1638 modum
998 1620 1030 1638 ac
1045 1612 1144 1638 omnia
1159 1613 1227 1638 inde
1243 1614 1339 1638 secuta
1354 1614 1491 1646 gesteque
1506 1613 1547 1638 rei
1562 1612 1664 1638 seriem
1680 1614 1713 1638 tu
1729 1612 1780 1646 qui
1795 1620 1911 1645 presens
1926 1612 2005 1638 suisti
2026 1612 2057 1637 in
2077 1611 2216 1638 omnibus
2229 1611 2306 1638 inter

526 1662 633 1687 ceteros
655 1662 758 1687 melius
784 1661 918 1690 nostri,...
943 1661 1080 1687 Carolum
1105 1669 1203 1694 regem
1225 1662 1403 1688 Francorum
1421 1662 1558 1695 cupimus
1579 1661 1733 1687 informari
1756 1671 1781 1691 »,
1802 1661 1900 1694 primo
1921 1661 1956 1687 ad
1979 1661 2076 1694 ipsum
2098 1661 2172 1686 duos
2186 1660 2306 1686 nuntios

526 1710 666 1735 jacobum
682 1710 716 1735 de
732 1710 808 1735 Ceua
828 1712 855 1735 et
877 1710 1086 1743 Raymundum
1102 1711 1138 1736 (le
1153 1711 1250 1744 Capua
1272 1710 1413 1740 destinat:
1430 1711 1534 1737 deinde
1555 1718 1658 1736 omnes
1680 1712 1736 1736 tres
1758 1710 1879 1736 insimul
1903 1710 1968 1735 «ad
1990 1710 2050 1735 loca
2072 1709 2103 1735 in
2127 1709 2236 1743 quibus
2256 1716 2306 1735 rex

527 1766 641 1784 moram
652 1759 738 1784 trahit
755 1770 767 1782 11
782 1759 927 1787 accedant.
944 1759 1062 1792 ipseque
1080 1759 1289 1792 principaliter,
1301 1759 1361 1785 duo
1379 1760 1426 1785 alii
1443 1761 1476 1785 ut
1491 1760 1660 1787 assistentes.
1678 1759 1788 1792 regiam
1802 1759 2004 1785 celsitudinem
2019 1758 2055 1784 de
2070 1759 2145 1784 facto
2159 1758 2306 1785 electionis

528 1808 644 1840 plenius
657 1807 829 1833 informent.
847 1807 911 1833 Dat.
927 1808 1027 1836 Rome.
1045 1810 1093 1834 etc.
1111 1819 1123 1831 «
1139 1808 1214 1834 Cum
1226 1817 1313 1842 super
1329 1819 1342 1832 »
1357 1810 1384 1834 ut
1398 1816 1493 1841 supra.
1511 1809 1541 1834 B.
1559 1816 1595 1834 ωε
1612 1809 1812 1834 Fommmus.
1831 1808 1966 1841 Superest
1981 1807 2120 1841 sigillum.

598 1856 754 1882 Guillelmus
769 1857 802 1882 de
820 1858 911 1885 ts'outa,
929 1857 964 1882 ab
983 1864 1028 1882 an.
1052 1857 1118 1883 1368
1138 1857 1219 1890 episc.
1238 1858 1413 1887 Massiliens.,
1430 1865 1475 1884 an.
1499 1858 1564 1892 1378
1584 1858 1620 1883 ab
1637 1858 1746 1883 Urbano
1765 1858 1796 1883 l'I
1811 1857 1960 1883 translatas
1982 1858 2021 1882 est
2044 1857 2080 1882 ad
2101 1856 2191 1882 sedem
2209 1855 2304 1882 Valen-

528 1906 623 1930 tinens.
644 1905 670 1930 in
686 1905 813 1934 Francia,
833 1907 860 1931 at
876 1905 1017 1931 ediscimus
1033 1914 1047 1931 e
1062 1908 1178 1932 tractatu
1194 1907 1291 1932 Jacobi
1314 1907 1347 1932 de
1367 1908 1440 1933 Ceua
1459 1909 1492 1939 (v.
1509 1914 1535 1941 9.
1555 1906 1582 1932 in
1603 1906 1689 1932 Arch.
1702 1906 1777 1934 Vat..
1794 1913 1868 1931 arm.
1886 1905 1930 1934 54.
1947 1910 1980 1931 n⁰
1997 1905 2037 1935 18,
2053 1905 2108 1939 sol.
2126 1905 2170 1934 28,
2193 1906 2218 1931 et
2232 1904 2307 1938 apud

528 1954 680 1983 Bulaeum„
701 1954 746 1983 IV,
762 1962 789 1987 p.
806 1955 878 1989 504).
894 1956 944 1980 An.
966 1955 1043 1990 1379,
1058 1957 1124 1981 Jun.
1140 1964 1163 1983 1.
1179 1964 1196 1981 α
1209 1955 1343 1981 Clemente
1360 1957 1405 1981 ΠΙ
1417 1955 1594 1989 confirmatas
1609 1956 1688 1988 ffleg.
1701 1955 1764 1983 ΑΥ..
1782 1955 1837 1981 vol.
1856 1955 1949 1989 X11.s.
1968 1963 2013 1980 111
2027 1962 2033 1982 ;
2051 1954 2144 1988 XVJ.
2158 1953 2230 1988 445).
2246 1953 2303 1980 Vid-

528 2003 560 2028 de
577 2003 633 2035 ipso
649 2003 761 2031 Baluze,
782 2003 831 2029 Vit.
844 2011 911 2036 pap.
928 2006 1024 2031 Auen..
1040 2004 1060 2032 1,
1081 2004 1156 2029 1206.

439 2051 464 2080 Δ.
483 2062 495 2073 «
513 2052 646 2077 Urbanus
661 2052 811 2085 episcopus
827 2060 924 2078 servus
941 2060 1089 2078 servorum
1110 2053 1160 2078 Dei
1177 2061 1239 2079 ven.
1255 2053 1289 2078 sr.
1306 2053 1452 2079 Bernardo
1472 2053 1605 2086 episcopo
1625 2052 1833 2078 Condomiensi
1855 2053 1916 2081 sal.,
1937 2041 1986 2078 etc.
2006 2052 2079 2085 Quia
2099 2052 2217 2078 dilectos
2230 2051 2306 2078 filios

526 2100 666 2126 Jacobum
691 2101 726 2126 de
750 2101 826 2126 Ceua
914 2109 1028 2127 necnon
1050 2102 1260 2135 Raymuudum
1276 2102 1312 2127 de
1327 2102 1424 2135 Capua
1506 2102 1626 2127 nuntios
1643 2103 1755 2128 nostros
1770 2109 1823 2135 pro
1844 2101 1928 2127 certis
1948 2101 2046 2127 arduis
2062 2100 2187 2134 negociis
2201 2100 2306 2126 nostris

527 2150 636 2174 statum
665 2151 761 2174 sancte
789 2150 888 2175 matris
909 2150 1022 2176 ecclesie
1042 2158 1074 2176 ac
1095 2152 1230 2176 nostrum
1251 2151 1400 2183 fidemque
1422 2150 1594 2176 catholicam
1615 2150 1859 2176 concernentibus
1880 2150 1917 2175 ad
1936 2149 2119 2175 carissimum
2139 2149 2172 2175 in
2191 2148 2306 2175 Christo

526 2197 622 2222 filium
638 2197 776 2223 Carolum
792 2206 890 2231 regem
906 2198 1084 2224 Francorum
1100 2199 1244 2224 illustrem
1260 2199 1400 2224 duximus
1414 2199 1611 2227 destinandos,
1628 2199 1734 2224 idcirco
1750 2198 1961 2224 fraternitatem
1978 2199 2071 2224 tuam.
2094 2197 2130 2224 de
2150 2205 2219 2231 qua,
2235 2204 2305 2223 cum

528 2246 563 2271 sis
579 2246 620 2271 vir
635 2246 792 2272 catholicus
806 2255 837 2272 ac
853 2247 964 2272 veritati
977 2249 1006 2273 et
1017 2248 1132 2280 justicie
1147 2256 1260 2281 semper
1275 2248 1382 2277 favens,
1406 2248 1545 2274 fiduciam
1561 2248 1592 2272 in
1608 2247 1734 2273 Domino
1756 2247 1894 2280 gerimus,
1912 2247 2090 2280 requirimus
2108 2248 2137 2272 et
2151 2246 2306 2272 hortamur

527 2296 646 2324 attente,
664 2297 806 2327 rogantes,
824 2297 856 2320 ut
871 2296 954 2321 dictis
970 2297 1074 2322 nostris
1091 2297 1205 2322 nunciis
1219 2297 1294 2322 circa
1310 2297 1436 2322 votivam
1451 2296 1667 2330 expeditionem
1683 2304 1797 2325 eorum.
1812 2304 1870 2329 que
1885 2295 1964 2329 apud
1977 2295 2179 2321 celsitudinem
2194 2294 2304 2327 regiam

526 2345 592 2368 sunt
618 2344 719 2371 acturi.
743 2344 852 2369 assistas
873 2345 1006 2374 consitiis,
1024 2346 1136 2371 auxiliis
1151 2347 1179 2371 et
1194 2346 1339 2371 favoribus
1354 2346 1516 2379 oportunis,
1538 2352 1571 2371 eo
1592 2345 1628 2371 de
1650 2345 1693 2370 tui
1717 2344 1819 2370 favoris
1842 2344 1998 2370 assistentia
2013 2351 2080 2377 erga
2101 2343 2304 2369 celsitudinem

527 2392 652 2425 amplius
674 2394 701 2418 et
723 2393 850 2418 securius
870 2394 1048 2419 confidentes
1063 2394 1155 2427 quod,
1172 2395 1245 2420 sicut
1261 2395 1451 2427 quorundam
1467 2394 1606 2420 relatione
1628 2394 1821 2427 percepimus.
1838 2401 1907 2419 cum
1929 2393 2041 2426 pridem
2056 2393 2092 2419 de
2107 2391 2227 2418 materia
2243 2393 2303 2418 tan-

528 2443 613 2473 gente
626 2442 807 2474 propositum
824 2442 993 2475 hujusmodi
1010 2443 1112 2468 fierent
1132 2443 1240 2469 ibidem
1263 2451 1419 2471 sermones,
1437 2445 1470 2468 tu
1483 2451 1536 2476 pro
1552 2442 1677 2468 veritatis
1692 2450 1723 2468 ac
1741 2442 1855 2475 justicie
1871 2443 1967 2467 nostre
1982 2441 2148 2467 defensione
2160 2442 2303 2474 tanquam

530 2489 571 2514 vir
594 2491 687 2515 rectus
709 2492 736 2515 et
759 2491 864 2516 timens
886 2491 981 2517 Deum
1005 2492 1148 2517 nonnulla
1169 2492 1255 2518 verba
1276 2492 1535 2525 quamplurimum
1558 2493 1639 2525 grata
1658 2493 1686 2517 et
1707 2491 1909 2524 congruentia.
1926 2491 2092 2516 constanter
2111 2491 2141 2515 et
2159 2488 2304 2523 intrepide

528 2538 683 2570 protulisti.
701 2538 764 2563 Dat.
783 2539 882 2568 Rome,
899 2541 947 2565 etc.
965 2540 1009 2565 Jo.
1027 2548 1062 2565 nr:
1079 2540 1206 2566 CAsrtus.
1223 2551 1236 2564 1>
1254 2541 1388 2574 Superest
1401 2541 1540 2573 sigillum.

603 2587 689 2612 Verba
712 2587 762 2612 isla
779 2598 791 2609 (ι
815 2588 1073 2621 quamplurimum
1089 2591 1170 2622 grata
1187 2600 1200 2613 ι)
1215 2590 1296 2622 episc.
1314 2590 1501 2616 Condomiens,
1519 2588 1704 2615 verisimiliter
1719 2588 1746 2613 in
1762 2588 1879 2614 Concilio
1903 2587 1978 2622 reyio
2000 2595 2045 2613 an.
2066 2586 2142 2621 1378.
2166 2586 2302 2620 Septemb.

529 2635 544 2660 8
561 2635 601 2660 vel
617 2644 644 2660 11
659 2636 782 2668 protulit.
800 2638 838 2661 De
851 2637 908 2669 ipso
923 2638 1064 2663 Bernardo
1081 2640 1108 2663 ul
1121 2638 1200 2664 etiam
1216 2639 1249 2664 de
1261 2639 1394 2672 sequenti,
1409 2639 1536 2671 Philippo
1551 2639 1584 2664 de
1595 2635 1736 2663 Maisieres
1751 2644 1798 2662 seu
1813 2635 1949 2666 Mezieres,
1967 2636 2019 2662 vid.
2038 2641 2072 2661 n⁰
2087 2635 2163 2670 1671.

441 2684 465 2709 5.
483 2683 573 2709 Nobili
596 2684 656 2709 viro
680 2684 812 2717 Philippo
832 2685 867 2710 de
889 2685 1014 2711 Mazeriis
1036 2687 1132 2716 militi,
1156 2687 1342 2713 Ambianens.
1368 2687 1455 2716 dioc..
1471 2686 1633 2713 consiliario
1655 2685 1731 2719 regie
1755 2684 1922 2718 maJestatis.
1944 2685 1978 2709 ut
1998 2684 2105 2710 Jacobo
2119 2684 2155 2710 de
2177 2683 2255 2710 Ceua
2275 2685 2304 2710 et

529 2732 703 2765 Raymundo
722 2732 757 2758 dc
781 2733 878 2765 Capua
902 2734 979 2766 apud
1005 2735 1112 2767 regiam
1137 2736 1340 2761 celsitudinem
1364 2735 1486 2764 auxiliis,
1509 2734 1633 2761 consiliis
1654 2735 1682 2760 et
1706 2733 1852 2759 favoribus
1874 2733 2028 2766 oportunis
2051 2733 2171 2762 assistat,
2196 2732 2304 2766 quibus

528 2781 662 2806 Urbanus
676 2780 814 2814 injunxit.
830 2783 863 2806 ut
877 2783 987 2814 agenda
1003 2791 1054 2816 per
1069 2791 1115 2809 eos
1130 2784 1160 2809 in
1177 2784 1229 2810 hac
1242 2786 1323 2818 parte
1338 2784 1391 2818 ipsi
1406 2784 1637 2812 communicent,
1653 2792 1666 2806 ι(
1682 2790 1813 2816 quorum
1828 2781 1966 2807 relatibus
1981 2781 2049 2807 velis
2067 2781 2221 2807 indubiam
2235 2780 2304 2807 dare

529 2829 618 2855 fidem
635 2840 658 2854 ».
674 2829 738 2855 Dat.
755 2830 855 2859 Rome,
873 2832 920 2856 etc.
939 2841 951 2853 (ι
969 2832 1043 2857 Cum
1060 2840 1111 2858 nos
1126 2842 1149 2857 n.
1166 2833 1335 2858 Dromrsrus.
1354 2833 1488 2866 Superest
1501 2832 1640 2866 sigillum.

441 2878 465 2902 6.
482 2878 549 2904 Ven.
569 2879 601 2903 sr.
619 2878 780 2904 Guillermo
798 2879 882 2912 episc.
897 2880 1094 2910 Ambianensi,
1108 2881 1144 2906 (16
1159 2889 1218 2914 quo
1231 2882 1293 2915 Jam
1306 2882 1342 2907 ab
1355 2883 1473 2915 experto
1487 2881 1650 2915 plurimum
1666 2879 1797 2907 confidit.
1812 2879 1945 2905 Urbanus
1960 2878 2147 2905 commendat
2160 2878 2301 2904 Jacohum
