2488 3386
207 330 302 366 1379]
975 345 1020 366 DE
1061 345 1304 367 SCHISMATE.
1999 337 2070 370 -567

205 429 283 450 sum
315 417 496 462 deputatis
527 419 613 451 dicti
641 419 778 451 domini
814 418 930 451 nostri
964 419 1076 463 regis.
1114 419 1253 451 Deinde
1282 418 1501 451 venerabilis
1529 419 1583 451 vir
1613 420 1785 463 magister
1811 420 1994 453 Johannes
2025 421 2070 453 de

206 483 433 517 Bellomonte
466 485 625 518 decanus
645 485 843 530 facultatis
875 484 1044 518 medicine
1073 485 1219 517 nomine
1248 485 1365 529 ipsius
1397 485 1575 517 facultatis
1604 493 1638 518 et
1672 498 1736 530 pro
1764 486 1840 530 ipsa
1874 487 2070 520 deliberata

204 550 338 591 retulit,
358 551 455 596 quod
471 551 576 592 alias,
594 563 667 584 non
685 551 800 584 solum
820 551 933 584 semel
949 551 1013 584 sed
1031 551 1182 596 pluries,
1203 551 1362 596 predicta
1380 551 1529 584 facultas
1547 559 1783 584 consenserat
1799 559 1833 585 et
1847 553 1891 585 de
1910 554 2070 597 presenti

204 617 455 650 consentiebat
482 618 572 662 parti
600 624 634 650 et
660 617 851 650 adhesioni
873 618 999 662 prefati
1028 617 1164 649 domini
1191 618 1307 650 nostri
1329 617 1466 650 domini
1488 617 1687 650 Clementis
1709 630 1797 663 pape
1819 619 1961 663 septimi
1983 626 2070 651 tam-

204 695 308 728 quam
332 695 417 716 vero
440 696 581 717 summo
609 683 783 728 pontifici.
814 685 856 717 Et
884 691 968 716 tunc
997 683 1266 728 subsequenter
1288 684 1460 729 magister
1480 684 1678 717 Gervasius
1709 685 1922 729 Boysouche
1945 686 2070 718 decre-

204 756 319 782 torum
342 750 469 783 doctor
490 750 649 783 decanus
671 750 835 795 ejusdem
853 749 1052 795 facultatis
1078 750 1301 783 decretorum
1328 750 1474 783 nomine
1496 750 1612 794 ipsius
1640 757 1674 782 et
1702 762 1766 795 pro
1794 751 1870 795 ipsa
1892 751 2069 784 delibera-

203 816 334 848 tionem
358 816 512 849 habitam
536 828 600 861 per
620 817 815 862 magistros
837 817 1016 849 facultatis
1037 817 1172 857 retulit,
1195 824 1231 849 et
1251 817 1340 849 dixit
1356 817 1484 849 dictam
1508 816 1710 849 facultatem
1732 817 1824 850 alias
1845 817 2069 850 deliberasse

201 881 376 915 adherere
399 883 489 927 parti
511 890 546 916 et
569 883 739 916 electioni
761 883 898 916 domini
920 883 1120 917 Clementis
1142 895 1231 928 pape
1254 883 1413 928 septimi,
1431 889 1465 915 et
1487 883 1636 925 eandem
1659 882 1871 915 electionem
1892 890 2066 928 tamquam

195 949 328 993 justam
352 956 489 990 tenere,
517 956 552 982 et
579 949 694 982 adhuc
716 949 910 988 adherebat
933 950 1049 982 eidem
1073 950 1220 982 domino
1243 957 1367 982 nostro
1390 949 1568 983 Clementi
1600 961 1688 994 pape
1715 950 1869 994 septimo
1891 957 2067 995 tamquam

198 1027 284 1048 vero
316 1016 450 1049 vicario
479 1017 565 1049 Jesu
597 1016 745 1058 Christi7
782 1023 816 1050 et
850 1016 1065 1049 electionem
1102 1016 1187 1049 dicti
1219 1016 1355 1049 domini
1384 1015 1584 1049 Clementis
1612 1016 1726 1048 fuisse
1756 1022 1789 1048 et
1819 1028 1901 1049 esse
1933 1029 2066 1057 veram,

194 1083 342 1126 justam,
363 1089 521 1115 sanctam
543 1090 578 1116 et
602 1083 824 1124 canonicam,
848 1090 883 1116 et
908 1083 1040 1116 dictum
1069 1082 1363 1115 Bartholomeum
1390 1082 1591 1127 antipapam
1614 1082 1793 1115 intrusum
1816 1083 2066 1116 antichristum

199 1155 234 1181 et
253 1149 489 1193 apostaticum
512 1149 711 1194 reputabat.
736 1150 813 1183 Hiis
835 1150 941 1182 dictis
963 1150 1018 1182 vir
1038 1149 1259 1182 venerabilis
1282 1149 1454 1193 magister
1476 1148 1686 1193 Radulphus
1707 1148 1944 1190 G[l]aschardi
1966 1162 2066 1183 sacre

198 1215 328 1259 pagine
350 1216 538 1260 professor
559 1216 959 1260 presidensfacultatz's
976 1216 1137 1260 predicte
1154 1215 1331 1260 theologie
1347 1215 1493 1247 nomine
1515 1215 1631 1260 ipsius
1653 1222 1685 1247 et
1708 1227 1771 1260 pro
1794 1216 1870 1260 ipsa
1888 1216 2066 1249 delibera-

196 1281 330 1314 tionem
355 1282 488 1323 retulit,
512 1282 609 1326 quod
630 1283 734 1327 pauci
755 1283 919 1327 magistri
941 1283 977 1314 in
999 1282 1059 1314 illa
1079 1282 1365 1327 congregatione
1386 1283 1539 1322 fuerant,
1560 1288 1594 1314 et
1614 1283 1743 1314 sactum
1762 1282 1797 1314 in
1813 1283 1919 1315 dictis
1935 1283 2066 1316 litteris

196 1354 406 1380 contentum
429 1355 504 1381 erat
532 1348 683 1381 multum
712 1349 863 1381 arduum
893 1356 927 1381 et
954 1348 1123 1393 tangebat
1152 1355 1259 1381 totam
1288 1348 1600 1389 christianitatem,
1630 1355 1665 1381 et
1692 1360 1802 1393 super
1829 1349 1896 1382 hoc
1922 1349 2067 1382 volebat

195 1414 288 1447 dicta
308 1414 459 1447 facultas
480 1414 613 1448 habere
636 1416 808 1460 majorem
831 1415 1146 1448 deliberationem.

285 1481 427 1523 Quibus
454 1482 505 1514 sic
534 1481 745 1514 deliberatis
772 1489 806 1514 et
834 1482 870 1514 in
892 1482 1074 1514 communi
1104 1481 1308 1526 proloqutis
1339 1482 1467 1526 prefati
1495 1481 1622 1514 decani
1652 1482 1869 1521 facultatum,
1897 1483 2066 1515 videlicet

190 1548 381 1588 medicine,
413 1548 643 1581 decretorum
672 1555 706 1581 et
736 1548 919 1593 theologie
947 1555 982 1581 et
1012 1549 1184 1592 magister
1214 1548 1439 1581 Guillermus
1475 1548 1507 1580 le
1546 1549 1619 1580 Dos
1656 1555 1869 1593 procurator
1899 1550 2058 1582 nationis

192 1614 341 1647 Francie
363 1614 572 1647 nominibus
595 1615 769 1647 dictarum
790 1614 996 1647 facultatum
1020 1621 1053 1647 et
1081 1615 1237 1647 nationis
1263 1615 1511 1659 requisierunt
1536 1615 1712 1659 prefatum
1738 1615 1922 1647 dominum
1946 1622 2062 1648 recto-

193 1692 282 1722 rem,
311 1687 489 1725 quatenus
511 1681 569 1713 die
591 1681 714 1714 martis
736 1681 942 1714 immediate
964 1681 1131 1725 sequenti
1160 1681 1368 1725 generalem
1390 1681 1712 1725 congregationem
1741 1682 1874 1714 faceret
1905 1688 1939 1714 et
1968 1681 2062 1714 cele-

192 1747 313 1780 braret
346 1747 442 1792 apud
477 1748 643 1780 Sanctum
680 1748 903 1780 Bernardum
940 1747 1027 1780 hora
1063 1748 1261 1788 tertiarum,
1293 1747 1430 1780 vocatis
1465 1748 1650 1792 magistris
1681 1747 1894 1792 regentibus
1925 1755 1959 1780 et
1987 1761 2059 1780 non

192 1813 417 1858 regentibus,
446 1821 480 1847 et
507 1826 571 1859 per
592 1814 737 1847 modum
767 1814 995 1859 expedientis
1022 1820 1190 1846 contenta
1218 1814 1254 1846 in
1284 1813 1390 1846 dictis
1418 1813 1549 1846 litteris
1580 1821 1803 1858 ponerentur
1824 1815 1859 1846 in
1881 1814 2059 1847 delibera—

191 1880 303 1921 tione,
324 1880 368 1913 ad
390 1880 497 1913 finem
526 1881 623 1925 quod
654 1881 848 1926 responsio
877 1880 1053 1913 dictarum
1083 1880 1282 1913 litterarum
1316 1880 1417 1912 fieret
1451 1880 1632 1924 deputatis
1661 1880 1746 1913 dicti
1777 1880 1913 1912 domini
1944 1881 2058 1913 nostri

191 1947 303 1991 regis,
325 1947 495 1980 videlicet
522 1947 679 1980 dominis
710 1947 882 1992 episcopo
920 1947 1153 1980 Laudunensi
1187 1954 1221 1979 et
1253 1946 1372 1979 abbati
1407 1947 1525 1979 Sancti
1552 1947 1702 1979 Vedasti
1737 1959 1755 1979 a
1787 1947 1882 1979 dicto
1911 1947 2056 1979 domino

190 2020 315 2046 nostro
347 2025 433 2058 rege
464 2014 669 2046 commissis
702 2026 767 2058 pro
801 2014 1043 2059 responsione
1072 2013 1279 2046 earumdem
1312 2013 1510 2045 litterarum
1548 2013 1591 2045 ab
1623 2013 1864 2045 Universitate
1897 2014 2056 2058 predicta

189 2080 409 2124 recipienda.
443 2081 520 2123 Que
549 2081 694 2125 quidem
724 2081 961 2125 congregatio
996 2081 1032 2112 in
1066 2080 1160 2113 dicto
1197 2080 1277 2112 loco
1310 2080 1429 2112 Sancti
1460 2080 1635 2112 Bernardi
1666 2080 1708 2112 ad
1740 2080 1833 2111 diem
1866 2086 1900 2112 et
1932 2079 2054 2112 horam

189 2147 418 2191 supradictos
438 2147 505 2179 suit
525 2159 589 2192 per
606 2147 740 2180 dictum
758 2147 943 2180 dominum
966 2154 1143 2180 rectorem
1166 2154 1203 2179 ut
1225 2147 1422 2191 requisitus
1441 2147 1555 2178 suerat
1576 2146 1769 2190 assignata.
1790 2146 1905 2190 Super
1921 2146 2053 2190 quibus

189 2213 358 2246 omnibus
391 2220 425 2246 et
459 2200 616 2259 singulis
652 2214 870 2259 supradictis
898 2214 1119 2247 venerabilis
1151 2220 1182 2246 et
1213 2214 1500 2257 circumspectus
1533 2213 1586 2245 vir
1616 2213 1784 2245 (lominus
1812 2212 1975 2245 Amelius
2008 2213 2051 2245 (le

188 2279 311 2312 Brolio
329 2280 557 2312 decretorum
577 2280 716 2321 doctor,
734 2288 859 2313 cantor
876 2282 1097 2321 Turonens.,
1116 2287 1281 2324 tanquam
1301 2279 1456 2311 nuncius
1479 2279 1605 2323 prefati
1627 2278 1763 2310 domiui
1786 2279 1900 2311 nostri
1917 2279 2053 2311 domini

187 2346 386 2380 Clementis
413 2359 503 2392 pape
525 2348 627 2380 Vllmi
650 2354 684 2380 et
704 2347 1094 2380 reverendissimorum
1124 2347 1159 2379 in
1181 2346 1327 2380 Christo
1355 2352 1491 2390 patrum
1516 2352 1547 2377 et
1570 2345 1799 2377 dominorum
1822 2345 2049 2378 dominorum

187 2413 421 2446 cardinalium
444 2420 566 2446 sancte
589 2415 747 2446 Romane
771 2414 938 2455 ecclesie,
962 2426 1025 2459 per
1046 2426 1101 2446 me
1129 2414 1305 2446 notarium
1334 2412 1577 2456 subscriptum
1610 2412 1712 2456 potiit
1740 2411 1809 2443 sibi
1836 2412 1912 2444 fieri
1940 2425 2047 2444 unum

186 2479 243 2512 vel
265 2479 366 2524 plura
388 2479 571 2525 publicum
595 2492 658 2513 seu
681 2481 825 2525 publica
852 2482 1130 2514 instrumentum
1159 2492 1222 2513 scu
1251 2480 1501 2511 instrumenta.
1524 2479 1610 2510 Acta
1632 2479 1778 2510 suerunt
1805 2478 1870 2510 hec
1893 2479 2050 2511 Parisius

186 2546 223 2577 in
243 2545 323 2578 loco
346 2546 507 2590 predicto
530 2546 598 2579 sub
619 2559 725 2587 annO,
749 2547 961 2587 indictione,
985 2547 1054 2587 die,
1079 2554 1203 2579 mense
1228 2552 1263 2578 et
1284 2545 1491 2590 pontificatu
1515 2544 1647 2588 quibus
1674 2556 1795 2589 supra,
1820 2545 2050 2589 presentibus

185 2611 456 2645 venerabilibus
484 2619 519 2645 et
543 2613 712 2646 discretis
738 2614 826 2646 viris
861 2614 1044 2658 magistris
1072 2613 1234 2646 Johanno
1263 2612 1306 2644 de
1334 2611 1573 2651 Triumfonte,
1606 2612 1711 2643 Petro
1744 2611 1787 2643 de
1819 2611 2048 2656 Clamenges,

184 2679 347 2711 ,Iohanne
376 2679 543 2723 Luqueti,
573 2679 735 2712 Johanne
764 2681 808 2712 de
835 2681 1024 2721 Rancuria,
1048 2680 1250 2713 Guillermo
1282 2679 1436 2718 Gorran,
1467 2677 1633 2722 Philippo
1663 2678 1766 2722 Ping7
1799 2678 1981 2722 magistris
2012 2679 2048 2710 in

185 2744 336 2784 artibus,
360 2751 393 2777 et
415 2744 581 2789 pluribus
602 2745 681 2778 aliis
702 2746 858 2779 testibus
880 2747 922 2779 ad
946 2747 1121 2791 premissa
1144 2745 1280 2778 vocatis
1302 2743 1507 2788 specialiter
1529 2750 1562 2776 et
1584 2744 1731 2788 rogatis.

275 2877 398 2910 Item¹¹
422 2876 636 2910 adveniente
658 2878 718 2910 illa
739 2878 796 2910 die
820 2879 956 2918 martis,
975 2890 1044 2922 que
1065 2878 1131 2910 suit
1147 2878 1317 2910 vicesima
1338 2883 1462 2921 quarta
1482 2876 1619 2908 mensis
1641 2875 1738 2915 Maii,
1756 2875 1791 2907 in
1812 2876 1939 2908 Sancto
1959 2876 2047 2908 Ber-
