2488 3386
205 326 300 359 1385]
616 339 662 360 Aa
698 338 803 360 Auno
840 337 970 359 mcccn
1004 337 1135 365 USQUE
1171 338 1218 359 An
1255 338 1519 360 Basante-rum
1555 339 1644 360 Xlll.
2001 328 2067 360 395

202 417 302 443 verat
321 411 532 452 formidans,
555 412 598 445 ab
620 412 673 444 eis
701 412 744 445 ad
773 418 929 444 sanctam
962 411 1084 443 sedem
1115 411 1347 455 apostolicam
1379 411 1582 456 appellavit.
1611 412 1687 454 Qua
1717 412 1963 456 appellacione
1994 423 2066 445 non

203 476 369 510 obstante
390 478 506 522 ipsum
530 485 613 511 sunt
635 490 677 511 ex
698 478 765 511 hoc
788 477 1017 522 postmodum
1039 477 1198 521 graviter
1219 478 1436 521 prosecuti¹‚

294 545 380 576 Item
402 543 469 577 hos
491 556 618 577 omnes
639 545 675 577 in
697 544 818 577 odium
841 543 1046 576 cancellarii
1068 550 1102 575 et
1123 543 1337 576 cancellarie
1366 550 1399 576 et
1427 543 1495 576 sub
1521 550 1682 588 pretextu
1708 551 1957 589 pretensorum
1981 544 2068 576 abu-

205 621 308 642 suum
331 622 348 642 a
369 611 561 643 consorcio
583 617 618 644 et
638 610 893 644 communione
913 610 1212 655 congregationis
1234 610 1489 642 Universitatis
1512 616 1636 642 tenent
1655 610 1836 643 exclusos.

293 678 380 709 Item
404 677 586 722 magistris
603 677 800 711 Guillelmo
818 677 963 710 Gorren
980 683 1015 709 et
1031 676 1179 708 Nicolao
1198 676 1242 708 de
1256 676 1508 709 Vaudomonte
1527 676 1570 708 de
1588 676 1761 720 predictis
1777 676 1821 708 ad
1839 677 2066 709 consorcium

205 750 239 776 et
275 744 566 776 communionem
601 744 905 789 congregacionis
944 742 1199 776 Universitatis
1235 749 1268 775 et
1306 743 1434 775 artium
1469 742 1647 775 facultatis
1686 742 1823 775 admitti
1863 742 2070 787 petentibus

205 816 323 843 rector
345 816 380 843 et
406 810 557 843 facultas
587 811 715 843 artium
746 810 814 843 hoc
844 810 896 843 eis
925 809 1130 854 denegavit,
1154 809 1225 841 nisi
1254 815 1286 841 et
1318 809 1433 842 donec
1459 808 1667 853 abjurarent
1688 809 1834 841 domino
1855 808 2069 841 cancellario

204 877 376 909 assistere
403 877 549 917 auxilio,
572 877 728 910 consilio
747 877 805 909 vel
834 877 969 914 favore,
992 882 1114 909 contra
1137 887 1260 908 eorum
1288 876 1531 919 juramentum
1556 887 1627 919 quo
1653 875 1722 907 sibi
1753 881 1837 907 sunt
1866 874 2071 919 specialiter

206 942 368 988 obligati.

295 1010 382 1042 Item
406 1017 491 1042 sunt
510 1009 577 1043 alia
598 1010 701 1043 etiam
726 1011 868 1044 noviter
889 1016 1094 1054 attemptata
1116 1008 1195 1041 loco
1218 1015 1252 1041 et
1274 1015 1436 1053 tempore
1458 1008 1685 1041 declaranda.

299 1108 376 1131 Arch.
392 1109 449 1131 Vat-
467 1108 574 1131 Collect.
592 1112 620 1130 n0
636 1109 691 1137 440,
709 1108 753 1131 fol.
771 1109 850 1135 55-57,
867 1108 916 1130 sub
933 1108 1039 1131 rubrica
1056 1116 1060 1130 z
1080 1117 1090 1130 «
1110 1109 1162 1131 Ista
1178 1111 1240 1130 sunt
1257 1110 1413 1138 attemptata
1428 1115 1477 1138 que
1493 1110 1617 1130 secuntur
1634 1110 1695 1137 post
1714 1109 1862 1138 presentem
1877 1106 1949 1129 litem
1965 1106 2072 1129 inchoa—

209 1155 262 1175 tum
278 1155 331 1175 tam
347 1152 372 1175 in
387 1153 469 1181 curia,
484 1161 562 1184 quam
579 1152 622 1175 hic
637 1160 726 1175 coram
742 1152 828 1182 vobis,
843 1152 869 1175 id
885 1156 925 1175 est
942 1156 1003 1183 post
1020 1153 1109 1175 datam
1125 1152 1319 1175 commissionis
1336 1151 1453 1182 predicte
1472 1151 1547 1174 vobis
1567 1153 1643 1174 facte.
1661 1159 1671 1173 υ
1692 1165 1718 1168 -
1735 1150 1799 1173 Julii
1814 1151 1828 1173 3
1843 1150 1985 1173 cardinalis
2001 1158 2072 1173 com-

208 1196 346 1219 missarius
362 1197 483 1228 partibus
500 1196 646 1228 assignavit
661 1197 730 1219 diem
746 1198 759 1219 8
774 1196 852 1223 Julii;
868 1197 932 1219 Julii
948 1198 961 1219 4
975 1197 1055 1219 citare
1072 1197 1131 1219 fecit
1146 1197 1178 1219 ad
1195 1196 1263 1219 diem
1278 1196 1343 1219 Julii
1359 1198 1372 1218 5
1388 1199 1412 1218 et
1428 1196 1459 1218 ad
1475 1195 1628 1218 instantiam
1645 1195 1795 1218 cancellarii
1811 1196 1869 1218 frat.
1882 1195 2028 1217 Johannem
2042 1195 2073 1217 de

209 1241 321 1268 Basiten,
339 1241 470 1264 doctorem
492 1250 512 1264 s.
530 1241 650 1272 paginae.
668 1241 819 1272 generalem
837 1241 901 1265 Ord.
920 1242 1004 1264 Eram.
1026 1242 1052 1265 S.
1069 1243 1189 1272 August„
1208 1245 1235 1264 ut
1257 1249 1337 1271 super
1359 1240 1444 1263 tribus
1458 1240 1576 1263 articulis
1593 1240 1809 1271 interrogaretur,
1825 1240 1893 1270 quod
1911 1239 1937 1262 in
1953 1240 2014 1262 msto
2032 1239 2073 1262 bis

208 1285 324 1316 ponitur,
342 1287 386 1309 sol.
401 1287 438 1314 59,
455 1290 480 1308 et
496 1286 541 1309 fol.
557 1286 628 1312 176b,
644 1286 661 1308 i.
674 1294 695 1309 e.
711 1286 736 1308 in
753 1289 827 1317 parte
846 1286 902 1310 Pro
916 1286 1096 1313 cancellario,
1111 1286 1142 1308 de
1158 1294 1209 1317 quo
1225 1286 1293 1308 infra
1308 1289 1336 1308 n⁰
1352 1285 1422 1308 1521.

302 1371 323 1393 1.
343 1371 362 1394 1.
380 1379 402 1393 e.
421 1379 432 1393 a
448 1371 580 1402 persecuti
595 1380 617 1394 n.

215 1484 355 1521 1517.
378 1493 521 1519 lohannes
541 1493 577 1519 de
604 1493 691 1526 Valle,
717 1493 873 1519 advocatus
891 1493 1025 1529 publicus
1046 1494 1074 1519 in
1094 1495 1157 1526 foro
1177 1492 1275 1518 eccles.
1294 1496 1321 1518 et
1335 1496 1505 1528 procurator
1525 1491 1703 1525 cancellarii,
1723 1491 1866 1527 proponit,
1888 1499 2037 1527 perperam
2057 1499 2074 1515 a

299 1542 449 1568 cardinale
473 1542 669 1568 commissario
690 1551 785 1567 omnes
808 1541 946 1567 articulos
968 1551 986 1567 a
1004 1546 1089 1577 parte
1110 1541 1231 1567 aduersa
1248 1541 1403 1577 productos
1419 1545 1517 1566 contra
1532 1540 1736 1566 cancellarium
1753 1540 1917 1566 indistincte
1933 1539 2075 1565 admissos

299 1600 376 1625 esse5
400 1591 623 1627 protestationes
648 1590 817 1616 cancellarii
842 1600 962 1616 unacum
988 1591 1217 1626 depositionibus
1238 1591 1351 1616 testium
1372 1590 1411 1615 ad
1431 1590 1539 1615 curiam
1563 1590 1640 1615 Itom.
1665 1589 1819 1615 mittendas
1844 1598 1921 1618 esse:
1944 1589 2078 1623 asst'gnat

300 1640 438 1675 quomodo
455 1644 541 1666 testes
557 1640 592 1666 de
608 1639 748 1665 abusibus
762 1640 926 1676 praetensis
943 1640 1117 1674 interrogari
1131 1639 1264 1665 debeant.

1463 1675 1537 1703 7385,
1553 1675 1616 1700 Julii
1625 1675 1663 1702 37.
1680 1674 1791 1700 Parisiis.

304 1764 380 1787 Arch.
402 1764 458 1787 Vnt.
476 1764 582 1787 Collect.
597 1768 624 1786 n⁰
638 1765 693 1793 440,
709 1764 754 1787 sol.
770 1764 856 1787 62-65.
869 1778 897 1781 —
915 1763 1117 1787 Observandum
1135 1763 1332 1786 commissarios
1349 1767 1428 1786 testes
1444 1763 1549 1786 omnino
1565 1763 1752 1794 interrogasse,
1769 1765 1796 1785 ut
1810 1762 1942 1785 Johannes
1961 1762 1991 1784 de
2005 1762 2077 1784 Valle

211 1808 379 1837 desideravit,
403 1817 427 1831 v.
446 1817 471 1839 g.
489 1817 520 1831 an
540 1809 625 1831 sciant
643 1808 830 1831 cancellarium
854 1808 969 1839 aliquem
992 1808 1104 1831 abusum
1122 1808 1286 1831 commisisse
1306 1808 1331 1830 in
1352 1808 1468 1831 licenciis
1491 1808 1594 1835 dandis,
1615 1807 1679 1830 locis
1698 1807 1876 1838 assignandis,
1897 1810 1957 1835 etc„
1974 1806 2076 1837 qualem

211 1852 332 1880 abusum,
350 1861 400 1883 quo
419 1860 495 1879 anno,
510 1853 606 1883 quibus
624 1853 819 1884 praesentibus,
835 1853 856 1875 si
873 1853 940 1875 sciat
954 1860 984 1875 ex
997 1852 1089 1875 auditu
1107 1853 1201 1879 solum,
1222 1853 1280 1883 quis
1297 1852 1398 1875 dederit
1414 1853 1550 1884 pecunias,
1566 1856 1625 1878 etc..
1644 1852 1702 1875 Vid.
1718 1859 1799 1882 supra
1814 1852 1924 1874 1101513.

304 1933 417 1955 Mensem
434 1932 544 1963 Augusti
560 1933 744 1963 transigebant
761 1936 839 1956 testes
859 1933 1035 1963 producendo,
1053 1936 1132 1964 prout
1147 1932 1308 1955 describitur
1327 1933 1371 1955 sol.
1387 1933 1417 1956 65
1435 1941 1502 1964 sqq.v
1519 1935 1544 1955 et
1564 1935 1623 1955 ante
1638 1932 1748 1963 Augusti
1765 1932 1794 1954 16
1813 1940 1823 1954 ι(
1841 1931 1914 1954 dabit
1935 1939 1997 1962 pars
2013 1939 2076 1953 can-

211 1977 311 2001 cellarii
327 1977 453 2000 articulos
476 1985 547 2004 suos,
570 1985 651 2008 super
667 1977 763 2008 quibus
785 1980 864 2000 testes
883 1985 929 2008 per
946 1985 1005 2000 eum
1028 1977 1210 2008 producendos
1229 1977 1449 2000 examinabuntur
1471 1986 1492 2000 ».
1514 1977 1613 2000 Horum
1635 1977 1869 1999 instrumentorum
1892 1984 1971 1998 unum
1992 1976 2076 1998 solum

211 2022 311 2053 publici
326 2021 393 2052 juris
413 2022 533 2049 facimus,
552 2030 610 2044 cum
627 2022 671 2044 187
688 2021 826 2052 supposita
842 2022 1030 2045 Universitatis
1050 2022 1134 2045 Paris.
1150 2022 1291 2050 contineat,
1309 2025 1333 2045 et
1351 2022 1456 2053 quidem
1472 2022 1536 2044 bene
1552 2022 1681 2048 ordinata,
1697 2021 1758 2043 dum
1775 2021 1800 2043 in
1821 2020 1880 2043 aliis
1897 2019 2077 2043 instrumentis

211 2066 306 2089 similis
323 2066 421 2089 tenoris
438 2066 579 2097 supposita
595 2066 761 2089 diversarum
778 2066 933 2089 facultatum
948 2066 1098 2097 promiscue
1112 2066 1331 2097 permisceantur.

218 2229 359 2266 1518,
383 2239 493 2267 Petrus.
516 2237 677 2263 cardinalis
702 2238 925 2271 commissarius,
945 2238 1068 2273 injungit
1083 2238 1186 2273 quibus
1212 2237 1414 2272 injungendum
1437 2241 1487 2270 est,
1515 2241 1544 2262 ut
1569 2241 1659 2263 certos
1681 2241 1766 2262 testes
1787 2236 1960 2261 cancellar-io
1982 2235 2074 2261 Paris.

302 2287 481 2313 necessarios
497 2288 591 2313 citent.

1409 2323 1487 2355 1385,
1505 2322 1612 2354 Augusti
1626 2323 1663 2351 16,
1681 2322 1793 2348 Parisiis.

303 2407 430 2439 Petrus
461 2406 700 2439 miseracione
731 2406 863 2447 divina,
893 2413 960 2438 etc.
1073 2405 1242 2438 omnibus
1271 2412 1306 2438 et
1339 2405 1496 2450 singulis
1529 2404 1752 2450 presbyteris
1780 2404 1913 2437 curatis
1942 2411 1976 2436 et
2005 2416 2076 2436 non

213 2473 346 2505 curatis
373 2479 407 2505 et
433 2472 691 2506 tabellionibus
722 2473 879 2518 publicis
907 2485 971 2517 per
991 2472 1169 2505 civitatem
1199 2473 1439 2505 parisiensem
1469 2471 1622 2504 ubilibet
1648 2471 1867 2511 constitutis7
1890 2477 1999 2503 etc....
2022 2470 2076 2502 Ad

214 2539 405 2583 peticionis
426 2540 631 2572 instantiam
654 2539 807 2584 predicti
828 2539 1034 2572 cancellarii
1055 2538 1159 2571 vobis
1188 2546 1222 2571 et
1242 2546 1401 2571 vestrum
1430 2538 1598 2583 singulis,
1623 2550 1690 2582 qua
1718 2538 1904 2581 fungimur
1924 2537 2078 2569 auctori-

214 2612 297 2646 tate,
319 2612 442 2638 sancte
464 2606 673 2639 obedientie
699 2607 830 2639 virtute
853 2613 885 2638 et
913 2605 981 2638 sub
1003 2605 1394 2638 excommunicacionis
1416 2617 1507 2650 pena
1534 2605 1697 2637 districte
1724 2603 1957 2649 precipiendo
1980 2615 2076 2635 man-

214 2672 340 2705 damus
362 2673 530 2717 quatinus
552 2673 641 2706 alter
661 2680 820 2706 vestrum
843 2673 994 2706 alterum
1017 2684 1089 2704 non
1112 2679 1305 2716 expectans
1327 2684 1392 2704 nec
1414 2684 1452 2704 se
1477 2684 1541 2716 pro
1562 2671 1631 2704 alio
1660 2682 1837 2703 excusans
1864 2669 1982 2702 citetis
2012 2680 2074 2700 seu

214 2739 325 2771 citent
345 2746 403 2771 aut
423 2739 507 2772 citet
528 2739 588 2772 ille
613 2740 666 2772 vel
687 2740 739 2772 illi
761 2746 934 2777 vestrum,
959 2739 1019 2783 qui
1040 2751 1150 2783 super
1171 2738 1238 2771 hoc
1259 2739 1367 2771 fuerit
1389 2738 1599 2782 requisitus,
1622 2750 1685 2782 pro
1707 2744 1805 2781 parte
1828 2736 1911 2767 ‹licti
1938 2734 2076 2767 cancel-

214 2804 307 2845 larii,
326 2806 568 2850 peremptorie
586 2813 621 2839 et
637 2806 877 2851 personaliter
894 2818 1012 2838 coram
1036 2805 1141 2838 nobis
1164 2805 1324 2837 Parisius
1342 2805 1376 2837 in
1399 2805 1505 2837 domo
1528 2803 1765 2836 habitacionis
1782 2809 1904 2835 nostre
1921 2801 1963 2833 ad
1981 2801 2073 2832 diem

216 2872 403 2916 septimam
432 2872 601 2905 instantis
630 2873 766 2905 mensis
795 2872 1019 2917 Septembris
1051 2872 1137 2904 hora
1159 2883 1394 2916 vesperorum
1426 2871 1542 2915 ipsius
1571 2870 1655 2909 (liei7
1679 2869 1749 2902 nisi
1778 2868 1886 2900 fucrit
1915 2867 2075 2901 feriatus,
