2488 3386
198 330 293 367 1388]
613 343 658 365 AB
693 342 798 364 ANNo
833 342 963 364 MCCCL
997 342 1126 370 USQUE
1162 343 1209 364 An
1246 344 1508 366 ermentei-un
1543 346 1630 368 xiii.
1994 339 2059 371 475

196 424 231 450 et
251 429 373 450 eorum
392 417 517 449 amicis
534 417 705 457 fecerant,
724 416 860 448 eisdem
880 416 991 460 priori
1009 422 1041 448 et
1057 415 1211 449 Johanni
1234 417 1401 449 Balduini
1424 418 1537 451 minas
1555 420 1836 464 quamplurimas
1854 421 2056 460 inserendo,

197 495 266 528 que
287 495 351 528 per
372 483 504 516 dictum
528 483 572 515 de
594 482 716 515 Brolio
738 489 798 515 aut
819 482 862 514 de
885 483 963 526 ejus
986 482 1164 523 mandam,
1182 482 1364 516 voluntate
1387 490 1422 516 et
1442 496 1622 517 consensu
1645 487 1732 518 facta
1754 487 1907 527 fuerant,
1929 488 2055 520 dietam

197 549 329 583 salvam
351 550 511 595 gardiam
540 555 712 588 nostram,
735 549 771 581 in
793 560 861 593 qua
887 555 986 580 erant
1015 549 1255 593 prenominati
1284 550 1394 593 prior,
1415 550 1598 583 Joliannes
1628 552 1807 593 Balduini,
1835 553 2058 586 Guillermus

191 616 240 649 -de
260 617 438 655 Cantiers,
469 623 502 648 et
532 615 711 656 hedellus,
741 614 1017 659 dampnabiliter
1047 615 1280 660 infringendo
1311 623 1346 648 et
1374 616 1461 649 alias
1493 617 1740 662 multipliciter
1761 625 1793 651 et
1821 619 1855 651 in
1882 620 2001 652 odium
2026 627 2056 652 et

196 686 463 727 contem[p]tum
487 682 665 715 dictorum
688 693 926 726 processuum
948 688 983 714 et
1004 693 1067 726 pro
1089 681 1179 726 ipsis
1202 682 1445 726 impediendis
1467 683 1752 728 (leli[n]quendo.

253 793 256 796 -
285 750 451 781 Preterea
473 749 558 781 dieti
585 749 753 781 doctores
775 748 866 781 duos
894 748 1132 789 bachalarios,
1161 748 1329 781 videlicet
1358 750 1533 793 prefatum
1556 750 1795 783 Guillermum
1826 752 1869 784 de
1895 752 2059 785 Canticrs

196 822 231 848 et
249 815 457 860 magistrum
477 816 668 860 Symonem
687 815 730 847 de
748 816 924 856 Houvers,
944 815 1040 847 dicto
1058 827 1151 847 anno
1174 815 1317 847 Domini
1340 817 1389 847 M⁰
1402 816 1507 849 CCC⁰
1524 817 1749 861 octogesimo
1768 825 1868 850 sexto
1887 829 1950 862 pro
1967 819 2059 851 dicta

196 881 350 914 lectione
373 881 570 914 matutinali
597 881 751 926 legenda
773 881 971 926 elegerant,
996 888 1029 913 et
1055 881 1098 913 ad
1128 881 1195 913 hoc
1223 882 1336 926 ipsos,
1366 889 1472 926 prout
1499 883 1609 915 moris
1631 889 1717 923 erat,
1746 883 2060 928 solempnitatibus

195 948 380 981 consuetis
407 947 527 980 debite
548 947 750 981 observatis
771 954 999 992 receperant;
1023 954 1177 980 attamen
1199 949 1357 992 prefatus
1385 948 1428 981 de
1458 949 1580 981 Brolio
1602 956 1725 982 contra
1755 950 1937 995 proprium
1962 952 2060 994 jura-

197 1021 355 1047 mentum
377 1014 570 1055 veniendo,
601 1021 721 1059 preter
742 1021 776 1047 et
797 1021 920 1047 contra
942 1014 1163 1047 voluntatem
1190 1021 1223 1047 et
1249 1027 1467 1048 consensum
1495 1016 1739 1060 predictorum
1767 1016 1812 1049 de
1838 1017 1994 1062 collegio
2017 1017 2059 1050 (le

196 1081 287 1113 facto
316 1081 352 1113 in
381 1081 473 1114 (licta
500 1081 623 1126 vigilia
655 1081 749 1114 beati
781 1081 945 1126 Dyonisii
976 1081 1102 1113 eodem
1130 1093 1223 1113 anno
1255 1093 1402 1125 magnas
1431 1082 1549 1114 scolas
1579 1082 1663 1115 dicti
1691 1083 1760 1115 vici
1790 1083 1995 1124 intraverat,
2027 1091 2062 1116 et

196 1147 330 1179 ibidem
359 1147 445 1180 hora
468 1147 667 1180 matutinali
696 1160 800 1180 unam
829 1147 1046 1180 decretalem
1078 1147 1223 1192 publice
1253 1147 1402 1192 legerat,
1427 1148 1581 1181 dicendo
1603 1149 1699 1194 quod
1725 1149 1802 1194 ipse
1829 1150 1951 1182 eadem
1974 1149 2060 1182 hora

196 1225 289 1246 anno
313 1214 473 1258 predicto
497 1214 704 1247 Decretales
728 1214 851 1259 legere
873 1214 1095 1255 intendebat,
1119 1214 1256 1259 absque
1283 1226 1324 1247 eo
1347 1215 1443 1259 quod
1469 1227 1532 1259 per
1553 1215 1668 1248 dictos
1690 1215 1871 1248 bedellum
1895 1223 1951 1249 aut
1976 1216 2061 1249 sub-

196 1279 379 1312 bedellum
397 1280 589 1325 generales
606 1281 733 1313 fuisset
752 1281 1005 1325 proclamatus,
1025 1281 1088 1313 sed
1107 1281 1286 1313 dumtaxat
1309 1293 1371 1326 per
1389 1281 1556 1314 Coliuum
1576 1282 1775 1323 Sarraceni,
1794 1284 1872 1326 ejus
1890 1283 2058 1315 famulum

196 1346 252 1379 vel
274 1347 501 1387 servitorem,
524 1359 563 1379 se
584 1348 718 1380 fecerat
740 1347 964 1392 proclamari.
990 1349 1030 1379 Et
1057 1348 1154 1391 quod
1181 1348 1342 1380 deterius
1365 1354 1451 1385 erat,
1476 1348 1568 1380 idem
1593 1348 1636 1380 de
1663 1348 1784 1380 Brolio
1807 1349 1842 1380 in
1864 1349 2058 1381 crastinum

194 1413 279 1445 dicti
300 1413 382 1445 sesti
403 1413 496 1446 beati
516 1414 678 1458 Dyonisii
701 1415 780 1458 ejus
801 1415 946 1459 propria
963 1414 1173 1447 auctoritate
1191 1415 1318 1447 dictam
1343 1414 1535 1447 lectionem
1559 1415 1799 1447 Decretalium
1818 1416 2059 1448 matutinalem

194 1491 272 1511 eum
295 1479 375 1511 aliis
397 1479 610 1512 bachalariis
633 1480 756 1513 eadem
786 1480 873 1513 hora
901 1480 1109 1525 legentibus
1137 1481 1261 1525 legere
1291 1481 1487 1525 inceperat,
1515 1481 1695 1513 interdum
1726 1481 1762 1513 in
1789 1481 1895 1514 dictis
1922 1482 2061 1526 magnis

194 1543 303 1576 scolis
329 1544 432 1585 festa,
455 1545 685 1578 cessaciones
713 1551 749 1578 et
777 1545 844 1578 alia
874 1546 963 1578 sacta
993 1545 1087 1578 dicte
1114 1545 1292 1578 facultatis
1322 1545 1589 1586 denunciando,
1616 1552 1675 1578 aut
1705 1557 1768 1590 per
1794 1545 1926 1578 dietum
1957 1558 2059 1578 suum

192 1610 362 1642 famulum
387 1610 597 1643 denunciari
619 1611 796 1644 faciendo.
823 1612 901 1654 Que
923 1618 958 1644 et
978 1612 1044 1644 alia
1066 1624 1130 1656 per
1154 1612 1287 1644 dictum
1311 1612 1354 1644 de
1378 1612 1499 1644 Brolio
1516 1612 1617 1652 facta,
1638 1612 1725 1644 faeta
1746 1612 1888 1644 fuerant
1906 1613 2061 1656 prefatos

193 1676 237 1708 de
259 1676 415 1721 collegio
438 1677 473 1709 in
496 1677 602 1710 dictis
624 1678 700 1710 suis
723 1678 1024 1723 possessionibus
1053 1685 1087 1711 et
1113 1679 1259 1711 saisinis
1286 1678 1447 1711 indebite
1474 1685 1509 1711 et
1537 1678 1580 1711 de
1609 1690 1702 1711 novo
1737 1678 1995 1722 perturbando,
2026 1687 2060 1711 ut

194 1742 373 1783 dicebant,
397 1750 431 1776 et
452 1743 498 1776 ob
520 1743 587 1776 hoe
608 1751 725 1777 certas
747 1745 974 1789 querimonie
995 1745 1133 1778 litteras
1155 1758 1172 1778 a
1194 1745 1301 1778 nobis
1329 1757 1393 1777 seu
1420 1745 1512 1777 dicta
1540 1745 1638 1777 curia
1669 1751 1790 1777 nostra
1812 1744 2059 1782 obtinuerant2

194 1810 405 1842 execucioni
427 1822 576 1854 quarum
600 1810 695 1843 idem
718 1811 762 1843 de
784 1811 907 1844 Brolio
930 1823 968 1844 se
991 1819 1224 1856 opposuerat,
1247 1818 1396 1856 propter
1417 1812 1513 1856 quod
1543 1811 1611 1843 sibi
1640 1812 1753 1843 fuerat
1785 1812 1820 1843 in
1850 1811 1943 1844 dicta
1964 1812 2061 1844 curia

193 1882 289 1908 certa
311 1876 389 1909 dies
411 1877 606 1921 assignata.
629 1878 707 1920 Que
734 1878 923 1922 opposicio
951 1878 1040 1911 faeta
1070 1879 1185 1911 fuerat
1216 1879 1316 1922 ipsos
1338 1879 1381 1911 de
1410 1878 1567 1923 collegio
1596 1884 1630 1910 et
1660 1877 1865 1922 singulares
1891 1878 1927 1909 in
1956 1878 2061 1910 dictis

194 1942 270 1975 suis
299 1943 600 1987 possessionibus
629 1950 664 1976 et
691 1944 837 1976 saisinis
868 1944 1113 1989 perturbando
1143 1951 1177 1977 et
1206 1945 1439 1990 impediendo
1469 1944 1629 1977 indebite
1651 1951 1685 1977 et
1711 1944 1754 1976 dc
1776 1956 1882 1983 novo,
1906 1950 1944 1976 ut
1964 1944 2061 1976 dice-

193 2008 290 2041 bant.
309 2010 427 2051 Quare
446 2009 617 2054 petebant
637 2022 679 2042 ex
701 2011 891 2055 premissis
909 2017 944 2043 et
959 2011 1039 2044 aliis
1057 2023 1120 2056 per
1136 2012 1236 2056 ipsos
1258 2012 1364 2044 latius
1382 2011 1580 2056 propositis
1597 2011 1815 2055 congedium
1834 2017 1867 2043 et
1884 2022 2060 2054 expensas

192 2080 316 2107 contra
345 2075 461 2108 dictos
490 2075 534 2108 de
565 2076 688 2109 Brolio
710 2083 744 2109 et
771 2076 939 2109 Colinum
970 2078 1169 2118 Sarraceni,
1194 2090 1298 2122 quem
1331 2090 1433 2110 suum
1464 2077 1645 2109 bedellum
1669 2076 1823 2117 dicebat,
1847 2083 1880 2108 et
1910 2077 2059 2109 maxime

194 2148 318 2174 eontra
352 2142 506 2174 eundem
539 2142 708 2176 Colinum
739 2142 809 2175 sibi
843 2143 1013 2183 concedi;
1046 2143 1207 2188 alioquin
1238 2144 1335 2188 quod
1371 2155 1522 2188 presens
1558 2154 1753 2187 processus
1789 2142 2058 2186 supersederet,

193 2219 384 2253 quousque
405 2221 511 2241 causa
534 2209 753 2253 supradicta,
776 2209 812 2241 in
841 2221 909 2254 qua
938 2210 1123 2254 predictus
1151 2210 1195 2243 de
1226 2210 1363 2252 Brolio,
1385 2222 1427 2243 eo
1455 2210 1551 2254 quod
1582 2210 1624 2242 ad
1655 2209 1966 2253 congregaciones
1987 2221 2060 2241 non

192 2274 386 2308 vocabatur
407 2282 631 2320 conquestus
658 2276 785 2316 fuerat,
814 2276 1132 2317 determinaretur,
1156 2283 1190 2309 et
1210 2277 1246 2308 in
1268 2288 1352 2309 casu
1374 2289 1445 2321 quo
1467 2288 1539 2308 non
1560 2275 1830 2320 supersederet,
1854 2275 1951 2319 quod
1979 2287 2060 2320 pro-

192 2342 425 2374 nunciaretur
446 2342 563 2375 dictos
585 2342 629 2374 de
651 2342 774 2375 Brolio
797 2349 831 2375 et
851 2343 1019 2376 Colinum
1048 2343 1091 2375 ad
1118 2343 1302 2388 proposita
1330 2355 1393 2387 per
1415 2355 1477 2375 eos
1500 2355 1572 2375 non
1597 2343 1673 2374 fore
1695 2342 1950 2382 admittendos,
1974 2348 2009 2374 et
2029 2342 2060 2374 si

192 2415 316 2440 essent
345 2408 572 2449 admittendi,
599 2409 700 2453 ipsos
726 2409 860 2453 injuste
887 2416 922 2442 et
950 2410 992 2442 ad
1024 2410 1148 2442 malam
1171 2421 1311 2442 causam
1340 2421 1378 2442 se
1399 2416 1621 2454 conquestos
1642 2409 1768 2449 fuisse,
1792 2414 1827 2441 et
1851 2408 1948 2453 quod
1975 2408 2060 2441 dicti

193 2473 350 2506 decanus
372 2481 406 2507 et
426 2474 621 2520 collegitim
645 2482 966 2508 manutenerentur
983 2482 1018 2508 et
1037 2483 1342 2509 conservarentur
1363 2476 1399 2508 in
1422 2475 1657 2520 possessione
1679 2481 1714 2507 et
1734 2474 1866 2507 saisina
1888 2474 2058 2516 habendi,

192 2541 357 2585 capiendi
389 2548 423 2574 et
452 2542 690 2586 participandi
721 2549 836 2574 certas
867 2542 1051 2586 pecunias,
1082 2543 1240 2587 proficua
1267 2549 1301 2575 et
1324 2543 1565 2575 emolumenta
1588 2542 1630 2574 ab
1652 2554 1774 2574 eorum
1805 2541 2004 2573 licenciatis
2026 2548 2060 2573 ct

194 2607 296 2640 novis
325 2608 552 2649 doctoribus,
578 2608 750 2641 videlicet
777 2620 798 2641 a
827 2609 981 2654 quolibet
1013 2609 1198 2642 licenciato
1229 2615 1302 2642 tres
1333 2610 1458 2642 bursas
1483 2610 1582 2653 juxta
1612 2608 1881 2641 estimat-ionem
1914 2619 2056 2639 suarum

193 2685 430 2719 expensarum
454 2674 738 2708 cothidianarum
762 2687 827 2720 pro
849 2675 1026 2713 custibus,
1048 2675 1206 2721 chargiis
1233 2683 1267 2708 et
1294 2675 1468 2708 oneribus
1493 2675 1586 2707 ‹licte
1612 2675 1790 2707 facultatis
1819 2674 2055 2713 sustinendis,

194 2747 227 2773 et
250 2741 386 2785 viginti
409 2741 543 2775 solidos
571 2742 679 2786 paris.
710 2754 774 2786 pro
802 2742 1057 2775 distribuendo
1085 2742 1254 2775 omnibus
1285 2742 1439 2774 bedellis
1471 2742 1646 2774 dictorum
1679 2741 1864 2773 doctorum
1900 2740 1935 2771 in
1966 2739 2057 2771 (licta

192 2807 357 2843 facultate
380 2808 598 2852 regentium,
621 2820 762 2841 necnon
782 2820 803 2841 α
828 2809 980 2854 quolibet
1006 2821 1092 2842 novo
1114 2808 1259 2842 doctore
1282 2821 1344 2842 sex
1367 2808 1501 2842 solidos
1527 2808 1633 2853 paris.
1659 2820 1721 2852 pro
1744 2806 1907 2851 quolibet
1934 2805 2056 2838 bedel-

194 2872 308 2905 lorum
332 2874 530 2906 eorundem
553 2874 740 2907 doctorum
765 2875 982 2919 regentium,
1001 2875 1138 2920 absque
1159 2887 1202 2908 eo
1223 2876 1319 2919 quod
1342 2875 1510 2907 doctores
1533 2886 1603 2906 non
1626 2880 1794 2917 regentes
1816 2872 1950 2916 aliquid
1972 2871 2056 2903 inde
