2488 3386
1018 333 1185 355 TABULA.

168 407 1592 421 ————————————
887 419 891 420 ⁷

169 454 230 477 1286

170 556 230 579 1287

170 658 231 680 1288

171 715 231 738 1289

171 817 232 840 1290

172 919 231 942 1291

173 1069 233 1092 1292

173 1175 234 1198 1293

175 1281 235 1304 1294

175 1388 235 1410 1295

176 1493 237 1516 1296

177 1599 189 1622 1
194 1600 237 1622 297

177 1755 252 1778 1297‘t

179 1862 239 1885 1298

180 2013 241 2036 1299

181 2120 242 2143 1300

181 2182 240 2205 1301

184 2289 242 2312 1302

184 2439 243 2462 1303

184 2546 244 2569 1304

185 2608 245 2631 1305

185 2670 246 2693 1306

186 2731 245 2754 1307

186 2793 246 2816 1308

186 2855 247 2878 1309

304 452 370 478 1363

468 452 589 476 Octobris
605 452 633 475 17
662 419 807 496 {Urbanus
824 452 844 474 V
859 451 1016 475 cancellario
1036 452 1129 481 Paris„
1148 455 1176 475 ut
1192 453 1326 482 llugonem
1348 452 1379 474 de
1396 452 1553 477 Montesorti.
1570 453 1633 477 Ord.
1651 453 1751 480 praed„
1771 453 1802 475 ad
1820 453 1943 483 legendas

453 553 607 578 Novembris
624 554 651 576 17

463 917 600 941 Februarii
615 917 643 940 17

489 1069 577 1092 Martii
593 1070 622 1091 22

512 1176 572 1199 Maii
588 1177 601 1198 3

527 1283 603 1306 —25

506 1389 577 1412 Junii
593 1390 607 1411 8

475 1492 599 1519 Octobris
613 1492 641 1518 19

522 1615 552 1619 --
614 1602 642 1624 27

468 1753 623 1776 Novembris
640 1754 652 1776 7

486 1873 516 1877 —-
571 1860 609 1887 21,
625 1860 654 1882 22

488 2011 655 2040 -15,1ss‚23

481 2116 601 2140 ¹Ianuarii
618 2117 644 2140 31

505 2179 590 2203 Martii
607 2180 620 2202 3

520 2286 579 2309 Maii
596 2287 610 2308 8

514 2437 586 2460 Junii
601 2439 615 2460 6

514 2543 574 2566 Maii
590 2544 619 2566 19

506 2605 578 2628 Junii
597 2606 625 2628 14

527 2681 557 2685 —
597 2668 625 2690 15

529 2743 560 2747 —
598 2730 627 2752 16

513 2791 578 2814 Julii
594 2792 622 2814 22

498 2853 610 2884 Augusti
625 2854 638 2876 8

717 496 864 519 Sententias
880 496 1002 519 admittat
1009 513 1943 520 .....................................

687 553 808 576 Urbanus
829 554 849 575 V
870 553 1009 584 praecipit,
1031 556 1059 576 ut
1081 553 1237 577 Guillelmus
1258 554 1289 576 de
1309 553 1396 582 prato,
1417 553 1480 577 Ord.
1500 554 1572 580 Min.,
1593 554 1718 585 magister
1738 554 1902 583 Oxoniensis,
1919 554 1944 577 in

717 597 894 620 Universitate
910 597 993 620 Paris.
1010 597 1164 620 admittatur
1168 615 1943 622 ...............................

685 655 818 678 Johannes
830 655 861 678 de
875 655 967 678 Calore
984 655 1112 686 quasdam
1128 655 1322 686 propositiones
1339 663 1353 677 a
1366 663 1393 677 se
1404 655 1552 678 enuntiatas
1568 656 1680 686 explicat
1683 673 1944 679 ...........

687 712 809 736 Urbanus
831 712 987 735 cancellario
1007 713 1100 740 Paris.,
1119 716 1145 735 ut
1159 713 1304 735 Johanncm
1326 713 1447 735 abbatem
1465 713 1615 735 monasterii
1637 714 1817 741 Clau-novallis,
1839 714 1946 737 Cis-tere.

717 757 791 784 Ord.,
809 757 966 787 Lingonens.
984 757 1082 783 dioec.„
1094 757 1127 779 ad
1142 758 1254 787 gradum
1271 757 1416 788 magisterii
1433 757 1543 787 recipiat
1551 775 1945 782 ................

689 815 895 837 instrumentum
920 814 1033 845 qualiter
1055 815 1204 837 sacerdotes
1225 814 1351 837 licentiati
1367 815 1392 837 iu
1411 815 1537 837 medicina
1558 818 1670 845 possunt
1685 815 1799 846 incipere
1821 816 1906 846 legere
1924 819 1949 838 et

720 859 857 890 disputare
875 862 899 882 et
915 859 1002 881 onmia
1018 859 1153 890 tangentia
1172 862 1257 882 actum
1275 859 1430 890 inceptionis
1442 867 1489 890 pro
1500 859 1546 882 illa
1562 859 1602 882 die
1619 859 1774 890 inceptionis
1789 862 1896 882 facere..
1917 878 1920 882 .
1942 877 1947 883 .

689 917 795 940 Urbano
813 917 833 939 V
849 916 982 948 supplicat
998 917 1134 945 Amedeus,
1155 925 1241 939 comes
1262 917 1418 945 Sabaudiae,
1439 925 1487 947 pro
1511 919 1590 940 fratre
1610 917 1727 940 Johanne
1747 917 1867 945 Romani,
1886 918 1948 941 Ord.

719 961 827 984 Eremit.
842 962 867 984 S.
884 963 960 991 Aug,
975 961 1008 983 ad
1020 961 1147 984 Oxoniam
1163 961 1303 986 destinato,
1320 964 1451 984 utcontra
1464 961 1668 992 prohihitionem
1685 962 1815 992 generalis
1831 962 1856 984 in
1872 970 1950 984 vaca-

719 1005 835 1028 tionibus
853 1005 960 1028 Parisiis
978 1005 1125 1041 Sententias
1139 1005 1225 1036 legere
1240 1005 1325 1036 possit
1328 1023 1949 1029 .........................

690 1067 812 1090 Urbanus
829 1068 849 1089 V
864 1067 1022 1090 cancellario
1044 1067 1138 1096 Puris„
1158 1070 1186 1090 ut
1207 1067 1320 1090 Johanni
1342 1068 1372 1090 de
1394 1067 1494 1095 Grosis,
1509 1068 1571 1091 Ord.
1587 1068 1904 1099 Cistex-e.‚·magisterium
1926 1068 1951 1091 in

721 1112 800 1134 theol.
816 1112 914 1134 tribnat
919 1129 1950 1137 .........................................

691 1174 719 1196 ln
737 1174 870 1205 obsequiis
886 1174 1023 1202 Johnnnis,
1040 1174 1110 1203 regis
1128 1175 1296 1201 Francorum,
1314 1174 1386 1197 locus
1403 1174 1555 1205 assignatur
1570 1174 1726 1197 cancellario
1743 1177 1768 1198 et
1782 1175 1952 1198 Universitati

722 1218 796 1241 Paris
801 1235 1952 1243 ..............................................

692 1280 798 1304 Urbano
815 1281 835 1302 V
856 1280 990 1311 supplicat
1006 1280 1133 1303 Amedeus
1153 1289 1201 1311 pro
1219 1280 1356 1303 Francis-co
1373 1281 1403 1303 de
1420 1281 1551 1309 Melduno,
1567 1281 1629 1304 Ord.
1644 1281 1747 1310 Praed.y
1765 1285 1792 1304 ut
1812 1281 1835 1304 ei
1855 1282 1954 1304 lectura

724 1325 918 1348 Sententiarum
939 1328 1056 1356 tempore
1071 1325 1237 1347 vacationum
1254 1328 1278 1347 et
1293 1328 1384 1355 postea
1400 1325 1582 1355 magisterium
1599 1325 1623 1347 in
1641 1326 1772 1356 theologia
1788 1326 1953 1349 concedatur,

693 1387 816 1410 Urbanus
834 1387 853 1408 V
873 1387 1031 1410 cancellario
1052 1386 1146 1414 Paris.,
1164 1390 1192 1409 nt
1214 1387 1365 1410 Michaelem
1391 1387 1547 1417 Pcrdigacii,
1569 1387 1632 1410 Ord.
1652 1388 1754 1416 Praed.‚
1775 1388 1807 1410 ad
1830 1388 1954 1410 lecturam

725 1431 919 1454 Sententiarum
933 1431 1053 1454 admittat
1059 1448 1955 1455 ....................................

693 1493 802 1516 Carolus
818 1494 839 1516 V
854 1493 885 1516 de
903 1493 993 1516 illicite
1008 1493 1218 1524 practicantibus
1239 1494 1279 1516 vel
1299 1493 1407 1516 Parisiis
1426 1494 1466 1516 vel
1483 1493 1507 1515 in
1526 1493 1720 1521 vicecmnitatm
1739 1494 1769 1516 de
1786 1495 1956 1517 confraterni-

725 1541 777 1561 tate
794 1538 839 1561 SS.
857 1538 967 1561 Cosmae
983 1541 1007 1560 et
1023 1537 1142 1560 Damiani
1152 1555 1958 1563 ................................

695 1600 817 1623 Urbanus
838 1601 858 1622 V
872 1599 1030 1623 cancellario
1050 1599 1203 1627 parisiens„
1221 1603 1248 1622 ut
1268 1600 1408 1623 Guillelmo
1431 1600 1462 1622 (le
1487 1599 1623 1628 Pomeriis,
1648 1600 1730 1630 priori
1757 1601 1849 1631 majori
1869 1609 1959 1623 mona-

725 1644 797 1667 sterii
823 1644 950 1673 Cluniae„
976 1644 1122 1675 magisterii
1144 1644 1269 1667 honorem
1290 1647 1314 1666 et
1334 1644 1443 1666 docendi
1464 1644 1596 1667 licentiam
1618 1644 1643 1666 in
1666 1645 1788 1667 facultate
1809 1645 1887 1668 theol.
1909 1645 1961 1667 lar-

726 1689 815 1719 giatur
818 1705 1959 1712 .............................................

698 1751 819 1773 Urbanus
842 1751 862 1773 V
884 1751 1040 1773 cancellario
1066 1750 1158 1777 Paris„
1186 1753 1213 1773 ut
1241 1750 1399 1773 Matthaeum
1423 1751 1498 1773 Soloe
1519 1751 1550 1773 dc
1571 1751 1722 1781 Rotomago.
1745 1751 1807 1774 Ord.
1832 1751 1903 1778 Min„
1929 1752 1960 1773 ad

726 1795 852 1826 legendas
867 1795 1014 1818 Sententias
1032 1795 1154 1818 admittat
1157 1812 1960 1820 ................................

697 1857 846 1888 Appellatio
869 1858 958 1880 fratris
982 1857 1142 1886 Foullechat‚
1165 1857 1227 1880 Ord.
1254 1857 1325 1884 Min.‚
1349 1857 1381 1879 ad
1408 1857 1494 1879 sedem
1518 1857 1688 1888 apostolicam
1711 1865 1790 1888 snper
1805 1857 1961 1888 quibusdam

728 1901 847 1924 articulis
864 1902 907 1933 qui
921 1902 972 1933 ipsi
989 1902 1111 1932 imputati
1127 1905 1202 1924 erant
1219 1910 1233 1923 a
1250 1901 1386 1932 magistris
1406 1901 1537 1924 facultatis
1554 1902 1725 1932 theologicae.
1745 1902 1842 1924 Cedula
1858 1910 1963 1924 revoca-

728 1946 820 1969 tionis.

698 2008 839 2031 Processus
857 2010 940 2031 faetus
961 2011 1052 2031 contra
1073 2008 1225 2039 Dionysium
1242 2008 1394 2030 Foullechat
1415 2016 1462 2038 per
1478 2008 1571 2038 viginti
1592 2016 1671 2030 unum
1688 2008 1829 2038 magistros
1846 2008 1871 2030 in
1889 2008 1963 2030 theo-

729 2052 799 2083 logia
803 2069 1962 2076 ..............................................

699 2115 906 2137 Instrumentum
920 2114 1094 2137 revocationis
1112 2115 1194 2136 sactae
1210 2114 1341 2137 Avenione
1356 2122 1403 2144 per
1419 2115 1526 2136 fratrem
1540 2114 1692 2144 Dionysium
1708 2114 1885 2136 Foullechat..
1904 2131 1911 2137 .
1931 2131 1937 2136 .
1957 2131 1962 2136 .

700 2177 821 2200 Urbanus
833 2177 853 2199 V
870 2177 1027 2199 cancellario
1044 2176 1137 2204 Paris.y
1153 2179 1180 2198 ut
1196 2176 1329 2198 Bonisacio
1346 2176 1376 2198 du
1392 2177 1445 2203 Ast,
1462 2175 1524 2199 Ord.
1543 2177 1629 2199 Erem.
1644 2177 1670 2199 S.
1687 2177 1762 2206 Aug.,
1781 2176 1963 2206 magisterium

731 2221 756 2244 in
772 2221 852 2244 theol.
869 2221 968 2243 tribuat
972 2237 1963 2244 .......................................

700 2283 823 2307 Urbanus
847 2284 866 2305 V
882 2283 1014 2313 religiosis
1037 2282 1101 2306 Ord.
1122 2282 1228 2305 Eremit.
1246 2283 1272 2305 S.
1289 2283 1408 2313 August..
1426 2282 1470 2312 qui
1487 2282 1554 2304 sicut
1573 2285 1597 2304 ct
1615 2282 1659 2304 alii
1680 2282 1796 2312 religiosi
1815 2282 1964 2305 facultatem

730 2328 809 2351 theol.
825 2328 948 2351 Tolosun.
965 2327 990 2349 in
1011 2328 1126 2350 favorem
1143 2327 1212 2349 stud.
1230 2327 1313 2349 Paris.
1330 2326 1534 2357 postponebant,
1548 2326 1623 2357 jubet
1638 2326 1749 2349 Tolosae
1766 2327 1796 2349 de
1810 2326 1922 2349 triennio
1940 2327 1965 2349 in

731 2372 872 2395 triennium
889 2372 1031 2403 magistros
1048 2371 1074 2394 in
1090 2371 1223 2402 theologia
1239 2371 1294 2393 fieri
1299 2387 1964 2394 ...........................

701 2434 807 2458 Urbano
823 2435 843 2456 V
858 2434 992 2465 supplicat
1006 2433 1154 2464 Philippus,
1170 2433 1222 2455 dux
1238 2432 1415 2463 Burgundioe.
1434 2436 1462 2455 ut
1476 2432 1609 2455 Johannes
1626 2433 1656 2455 de
1672 2432 1800 2460 Buxerfis,
1815 2432 1897 2455 abbas
1912 2433 1967 2456 Cis-

730 2479 876 2508 terciensisy
891 2479 923 2501 ad
937 2479 1064 2501 lecturam
1080 2478 1273 2501 Sententiarum
1290 2477 1315 2500 in
1332 2477 1508 2500 Universitate
1524 2477 1667 2499 Parisiensi
1684 2477 1840 2500 admittatur
1857 2495 1963 2500 .....

701 2542 810 2565 Rotulus
826 2541 962 2564 doctorum
977 2540 1119 2563 Parisiens.
1137 2539 1161 2562 in
1178 2540 1342 2562 decretorum
1360 2540 1484 2562 facultate
1497 2539 1529 2561 ad
1546 2539 1681 2562 Urbanum
1698 2540 1731 2562 V.
1755 2556 1966 2563 .........

743 2618 773 2621 -
822 2603 1005 2634 theologorum
1020 2602 1161 2625 Parisiens.
1176 2602 1209 2624 ad
1225 2602 1362 2624 Urbanum
1381 2602 1397 2623 V
1414 2601 1511 2624 missus
1522 2618 1965 2625 ..................

744 2679 775 2683 —-
824 2665 956 2688 facultatis
973 2664 1134 2687 medicorum
1150 2664 1282 2687 Parisiens
1293 2680 1968 2686 ...........................

746 2741 777 2746 —
824 2727 977 2750 artistarum
994 2726 1125 2749 Parisiens
1140 2740 1968 2749 .................................

703 2789 910 2814 Reformationcs
929 2789 1007 2811 rotuli
1023 2788 1210 2812 Universitatis
1226 2787 1383 2810 Parisiensis
1396 2803 1968 2811 .......................

704 2852 812 2876 Rutulus
829 2851 985 2874 nunciorum
1002 2850 1082 2874 studii
1096 2850 1253 2873 Parisiensis
1267 2865 1969 2873 ............................

1990 597 2035 620 108

1991 655 2035 677 108

1992 756 2037 778 109

1996 858 2038 880 109

1995 1003 2040 1025 110

1997 1109 2040 1132 111

1998 1215 2041 1238 111

2000 1322 2043 1344 112

2002 1429 2046 1451 112

2003 1535 2048 1557 113

2006 1686 2050 1708 ’114

2007 1792 2051 1814 114
