2488 3386
421 336 486 368 468
866 350 868 352 v
989 345 1311 367 CHARTULARIUM
1346 343 1535 366 umvsns.
1573 343 1700 365 mals.
2186 328 2287 367 [1388

423 419 615 459 redituros,
639 431 677 451 ac
708 419 883 464 prefatum
911 419 1109 452 Johannem
1142 419 1186 451 de
1215 418 1394 459 Scrcuito,
1423 417 1519 462 quod
1548 417 1626 462 ipse
1655 429 1724 449 una
1754 428 1835 449 cum
1862 416 1943 449 aliis
1972 415 2088 449 tribus
2113 416 2285 450 fratribus

423 485 642 518 notabilibus
660 485 745 518 dicti
762 485 910 519 Ordinis
932 486 1117 530 provincie
1139 485 1300 530 predicte
1322 496 1386 529 per
1404 490 1435 517 te
1453 483 1635 529 eligendis
1656 483 1699 516 ad
1720 483 1892 527 generale
1909 482 2114 528 Capitulum
2135 471 2286 517 fratrum

422 552 507 585 dicti
528 552 676 585 Ordinis
698 552 734 584 in
754 552 834 585 loco
857 552 901 584 de
922 552 1137 597 Perpiniano
1156 551 1304 584 Elnens.
1328 551 1421 583 dioc.
1446 550 1608 595 proxime
1629 549 1922 591 celebrandum7,
1945 550 2131 591 accedere,
2155 550 2286 583 dictos-

425 630 494 663 que
522 619 715 664 magistros
745 618 958 652 bacallarios
986 625 1021 651 et
1047 618 1250 659 studentes,
1273 617 1371 662 quod
1398 617 1467 662 ipsi
1497 622 1652 661 quatuor
1680 617 1809 649 fratres
1839 616 2019 649 notabiles
2049 628 2092 649 ex
2122 617 2212 662 ipsis
2241 617 2285 650 ad

427 686 561 718 dictum
583 685 777 731 capitulum
799 686 940 718 mittere
962 691 1169 730 procurent,
1188 684 1461 729 proposituros⁸
1479 683 1614 716 ibidem
1636 695 1747 728 super
1768 683 1958 728 premissis
1976 690 2011 716 et
2026 683 2106 716 aliis
2123 683 2286 728 questio-

423 752 530 785 nibus
552 752 776 797 quibuslibet
795 752 1021 785 vertentibus
1041 752 1135 784 inter
1157 763 1232 792 eos,
1256 762 1381 783 eorum
1403 750 1569 783 raciones
1590 749 1674 782 hinc
1695 750 1779 783 inde
1801 762 1840 783 ac
1857 750 2115 783 diffinicionem
2133 756 2169 783 et
2188 750 2286 783 ordi-

426 819 612 852 nacionem
635 819 810 851 dictorum
834 818 979 863 capituli
1000 830 1111 863 super
1131 817 1205 850 illis
1221 817 1305 850 inde
1326 823 1552 862 recepturos,
1571 816 1731 862 predicta
1748 817 1959 850 auctoritate
1976 816 2186 862 compellas.
2205 818 2285 850 Non

423 885 651 919 obstantibus
672 892 740 918 tam
766 885 826 918 sel.
855 897 926 918 rec.
954 884 1130 917 Bonisacii
1161 896 1250 929 pape
1277 883 1448 916 octavi....
1477 885 1553 916 Dat.
1576 881 1757 917 Avinione
1784 883 1833 916 id.
1860 884 2032 925 Januarii,
2055 883 2296 929 pontificatus>

422 953 537 985 nostri
558 965 651 985 anno
672 953 824 985 decimo.

516 1049 577 1080 ch.
590 1050 646 1072 Vnt.
664 1050 743 1072 Aven.
757 1049 897 1072 Clementis
913 1049 967 1077 Vll,
987 1048 1039 1072 vol.
1056 1049 1140 1076 XLIX,
1157 1049 1200 1074 sol,
1218 1049 1274 1071 407.

515 1133 536 1156 1.
553 1134 627 1156 Petro
642 1133 673 1156 de
688 1132 831 1163 Montnigu.
846 1146 872 1150 —
890 1133 912 1156 2.
930 1133 1017 1155 Prima
1035 1141 1113 1155 mnnu
1131 1133 1259 1163 scriptum
1275 1136 1332 1155 erut
1347 1142 1358 1155 <⁴
1380 1133 1488 1156 Sercuto
1504 1141 1525 1155 ».
1542 1133 1702 1164 Designatur
1716 1142 1727 1155 α
1746 1133 1861 1156 Cercoux
1874 1140 1886 1155 i>
1902 1132 2134 1163 (Charente-lnlfl’),
2153 1131 2290 1155 Jolmnnes⁴

419 1179 472 1209 jnm
489 1186 530 1200 nn.
548 1178 607 1200 1385
625 1177 674 1200 fuit
692 1177 812 1200 minister
827 1177 952 1200 Frunciae
972 1177 1033 1206 (vid.
1050 1177 1189 1208 Wudding,
1204 1179 1282 1201 Arm.
1299 1177 1378 1206 Min„
1396 1178 1437 1205 lx,
1455 1177 1521 1207 1113),
1539 1181 1565 1200 et
1582 1177 1668 1200 adhuc
1683 1185 1725 1200 nn.
1745 1177 1805 1200 1396
1821 1176 1930 1200 affertur
1946 1177 2009 1207 (vid.
2026 1176 2104 1199 Ehrle
2122 1176 2148 1199 in
2163 1176 2249 1200 Ανεὴ,
2265 1177 2286 1206 f.

423 1223 589 1246 Litteratur-
604 1228 633 1245 u.
647 1221 837 1250 Kirchensch„
850 1222 891 1249 VI,
909 1222 962 1249 214,
977 1221 1021 1244 ubi
1035 1224 1120 1244 tumen
1134 1230 1274 1253 perperam
1291 1230 1302 1244 «
1320 1222 1426 1245 Sui-tuto
1441 1223 1472 1251 »).
1486 1235 1517 1239 —
1531 1223 1554 1245 3.
1572 1222 1668 1245 Eodem
1684 1230 1726 1245 un.
1744 1222 1813 1249 1388,
1829 1221 1891 1244 Maii
1906 1222 1929 1250 2,
1946 1221 2098 1244 licentiatus
2111 1224 2151 1244 est
2164 1220 2189 1243 in
2205 1220 2293 1244 theol..

420 1275 433 1290 e
450 1267 537 1291 Catal.
554 1267 647 1290 licent.
665 1265 719 1295 (ubi
735 1276 747 1287 α
764 1265 897 1288 Bardolun
912 1266 943 1296 υ),
960 1265 1078 1289 Johnnne
1094 1266 1125 1289 de
1141 1266 1304 1297 Chevegneio
1320 1266 1443 1289 defuncto
1462 1267 1505 1295 (de
1522 1274 1574 1297 quo
1596 1270 1624 1289 n⁰
1642 1266 1708 1297 1393)
1730 1266 1779 1289 fuit
1796 1266 1916 1289 minister
1931 1265 2062 1297 generalis
2078 1265 2142 1289 ord.
2158 1265 2221 1289 Min.
2236 1264 2287 1289 nub

422 1310 568 1334 obedientia
586 1310 721 1339 Avenion.‚
737 1313 762 1333 ct
779 1310 812 1333 ab
828 1310 973 1333 Alexandro
993 1311 1013 1333 V
1034 1318 1076 1334 an.
1093 1311 1154 1333 1409
1173 1314 1201 1333 ut
1219 1310 1376 1342 perditionis
1393 1311 1463 1333 filius
1481 1310 1590 1334 affertur
1609 1311 1681 1342 (Reg.
1700 1311 1757 1334 Lat.
1770 1311 1852 1339 Μαι,
1871 1319 1913 1334 nn.
1933 1311 1954 1338 1,
1972 1310 2029 1334 Div.
2051 1311 2138 1339 form„
2155 1310 2200 1333 sol.
2221 1307 2290 1340 278„

420 1364 496 1387 quem
518 1354 657 1386 Wadding,
676 1355 695 1378 l.
716 1363 749 1385 c.,
767 1363 794 1386 p.
817 1356 869 1383 330,
891 1355 988 1386 aliique
1014 1355 1076 1385 (vid.
1098 1355 1318 1385 liuttebraucker,
1339 1356 1396 1379 Der
1413 1355 1655 1380 Minoritenorden
1674 1362 1732 1379 zur
1751 1356 1808 1379 Zeit
1827 1356 1872 1380 des
1891 1362 2007 1386 yrossen
2029 1354 2181 1382 Schismas,
2198 1362 2226 1385 p.
2246 1354 2289 1384 67)

420 1407 558 1431 perperam
578 1402 607 1422 ut
628 1407 806 1422 successorem
824 1399 915 1430 Angeli
936 1399 967 1422 de
988 1400 1103 1430 Spoleto,
1124 1399 1222 1422 omisso
1244 1388 1363 1423 Johu'nne
1387 1399 1419 1422 de
1441 1399 1615 1431 Chevegneim
1638 1399 1787 1431 designant.
1807 1413 1838 1417 —-
1855 1401 1879 1423 4.
1903 1400 1975 1423 Infra
1997 1399 2030 1422 ad
2048 1407 2090 1422 nn.
2113 1399 2183 1428 1389,
2199 1398 2286 1422 Martii

420 1445 533 1473 (Contra
547 1443 787 1475 Monteson.),jnm
799 1447 827 1466 ut
844 1452 914 1475 mag.
926 1443 1006 1467 theol.
1024 1443 1142 1467 affertur.
1159 1444 1236 1467 Deest
1253 1444 1279 1467 in
1300 1445 1389 1469 catal.
1405 1444 1495 1468 licent.
1513 1444 1564 1467 Sed
1579 1444 1760 1467 verisimiliter
1775 1453 1816 1467 nn.
1835 1445 1895 1467 1389
1910 1444 2060 1467 licentiatus
2078 1447 2119 1467 est
2133 1446 2158 1467 et
2174 1444 2287 1466 sortasse

419 1488 445 1511 in
463 1488 549 1512 Catul.
567 1487 660 1512 licent.
678 1491 739 1519 post
756 1498 768 1510 «
786 1488 932 1511 Johannem
949 1488 1042 1511 Vitalis
1058 1497 1069 1510 n
1086 1492 1146 1511 ante
1162 1497 1173 1511 «
1189 1488 1335 1512 Johannem
1352 1488 1507 1512 Breviscoxe
1524 1497 1535 1511 »
1552 1489 1720 1512 afferebatur.
1740 1489 1768 1512 In
1785 1489 1942 1520 apographo
1957 1497 1988 1512 ex
2005 1487 2166 1520 negligentia
2186 1487 2288 1511 omitte-

420 1533 506 1560 hntur,
523 1536 547 1555 ct
562 1532 687 1555 remansit
703 1541 714 1555 «
731 1532 815 1555 Minor
830 1540 851 1561 1),
869 1541 948 1564 quam
961 1541 1051 1556 vocem
1067 1533 1181 1564 scriptor
1195 1533 1309 1556 Johnnni
1324 1533 1480 1556 Breviscoxe
1495 1533 1623 1564 adjunxit.
1640 1534 1690 1556 Sed
1707 1535 1818 1557 sortasse
1833 1533 1966 1556 Johnnnes
1980 1532 2102 1556 Columbi
2117 1535 2157 1555 est
2171 1532 2240 1555 idem
2256 1540 2287 1555 ue

419 1577 551 1600 Johnnnes
568 1577 669 1600 Vitatis.
684 1591 715 1594 —
732 1579 753 1600 5.
767 1577 794 1600 ln
810 1577 889 1600 theol.
905 1577 993 1600 licent.
1009 1586 1052 1601 an.
1067 1578 1135 1606 1400,
1151 1577 1212 1600 Maii
1225 1579 1247 1605 2,
1266 1586 1279 1601 e
1296 1578 1386 1602 Cutal.
1400 1578 1492 1602 licent.
1511 1577 1566 1607 (ubi
1582 1587 1595 1599 ει
1612 1578 1705 1601 Petrus
1724 1578 1833 1601 Pontius
1847 1581 1880 1608 »).
1894 1591 1924 1595 ——
1939 1579 1962 1601 6.
1980 1578 2042 1609 Reg.
2060 1585 2066 1600 t
2085 1586 2096 1600 (ι
2113 1577 2287 1608 Presatosque

418 1621 564 1644 Johannem
581 1630 601 1649 n,
619 1624 667 1644 ete.
685 1635 716 1639 ——
732 1622 754 1645 7.
769 1622 822 1644 Hoc
837 1622 997 1653 Capitulum,
1015 1622 1047 1645 de
1065 1630 1115 1653 quo
1135 1622 1218 1644 ultum
1236 1622 1370 1645 silentium
1389 1622 1460 1653 apud
1481 1622 1633 1653 scriptores,
1650 1631 1693 1646 nn.
1709 1623 1778 1652 1:388,
1795 1622 1866 1651 Maii,
1889 1622 2033 1645 secundum
2054 1624 2153 1645 statuta
2173 1621 2287 1645 triennio

419 1666 509 1696 elapso
525 1669 586 1696 post
600 1665 732 1694 ultimum,
748 1666 878 1689 Gebennis
897 1675 938 1690 an.
955 1667 1015 1689 1385
1031 1666 1093 1696 (vid.
1111 1667 1251 1698 Wadding,
1266 1667 1284 1690 l.
1300 1675 1332 1694 c.,
1349 1675 1376 1698 p.
1390 1668 1430 1695 64,
1442 1667 1498 1696 413>
1514 1667 1686 1696 celebratum,
1705 1667 1850 1691 tenebatur.
1866 1681 1897 1684 —-—
1913 1668 1935 1690 8.
1954 1668 2015 1698 Reg.
2032 1674 2038 1690 2
2055 1675 2066 1689 «
2082 1665 2247 1698 proposituri
2264 1673 2286 1693 i»,

418 1714 508 1741 postem
525 1718 529 1732 z
546 1719 556 1732 «
575 1710 704 1741 recepturi
719 1719 738 1733 n.

425 1810 564 1847 1546.
591 1821 686 1845 Causa
702 1820 775 1845 inter
789 1819 928 1846 Amelium
944 1820 979 1846 de
994 1820 1090 1846 Brolio
1106 1824 1133 1846 et
1147 1820 1319 1855 facultatem
1336 1821 1441 1847 decret.
1460 1821 1554 1848 Paris.
1573 1830 1668 1847 coram
1684 1820 1870 1847 Pei-lamento
1884 1820 1979 1846 Paris.
1998 1821 2099 1846 iterum
2115 1818 2288 1855 inquiritur:

508 1869 535 1894 in
552 1869 727 1903 argumentis
743 1868 779 1894 ab
802 1873 925 1904 utraque
939 1873 1024 1905 pat-le
1039 1869 1141 1895 allatis
1157 1878 1211 1895 non
1222 1879 1321 1906 pauca
1336 1873 1449 1896 statuta
1463 1871 1521 1904 sac.
1539 1869 1643 1896 decret.
1662 1870 1873 1896 eaescribuntur.

1673 1951 1746 1981 1388,
1761 1951 1823 1977 Maii
1835 1952 1859 1980 9.
1876 1950 1998 1977 Parislus.

507 2024 596 2057 Cum
626 2024 781 2057 dilectus
809 2031 843 2057 et
867 2024 987 2058 fidelis
1012 2021 1245 2059 consiliarius
1271 2032 1396 2059 noster
1424 2026 1598 2071 magister
1621 2025 1786 2059 Amelius
1813 2025 1857 2058 de
1885 2025 2023 2066 Brolio,
2055 2013 2299 2057 decretorumv

419 2090 558 2133 doctor,
581 2097 648 2123 tam
670 2091 812 2136 agendo
833 2089 937 2136 quam
960 2092 1203 2125 dess'endendo
1224 2093 1261 2125 in
1282 2092 1428 2126 casibus
1452 2093 1622 2126 novitatis
1648 2083 1684 2125 et
1708 2092 1842 2126 saisine
1863 2103 2079 2125 excessuum
2101 2097 2136 2124 et
2160 2079 2286 2124 attem-

419 2164 595 2201 ptatorum
623 2158 659 2190 in
687 2164 810 2191 nostra
838 2158 1052 2191 Parlamenti
1080 2159 1178 2192 curia
1206 2166 1331 2192 contra
1359 2159 1535 2192 decanum
1562 2166 1597 2192 et
1622 2159 1819 2205 collegium
1845 2158 2024 2192 facultatis
2055 2157 2284 2191 decretorum

418 2223 544 2265 Paris,
578 2236 719 2257 necnon
752 2225 946 2270 magistros
975 2226 1154 2259 Herveum
1186 2226 1354 2262 Costioti.
1381 2226 1582 2259 Johannem
1614 2225 1795 2267 Balduini,
1826 2227 1971 2258 Petrum
2003 2224 2047 2257 de
2078 2223 2284 2269 Agnevilla,

418 2290 575 2334 priorem
599 2291 718 2324 Sancti
742 2292 905 2336 Vigoris,
930 2292 1125 2325 Henricum
1149 2294 1281 2334 Beve¹,
1298 2293 1498 2326 Johannem
1526 2293 1571 2326 de
1599 2293 1726 2334 Soco²,
1747 2291 1922 2326 Jacobum
1943 2293 2103 2336 Mangon
2124 2290 2168 2323 de
2195 2291 2286 2323 Tor-

420 2368 520 2397 naco,
544 2364 704 2390 curatum
733 2358 851 2391 Sancti
878 2358 1049 2403 Stephani
1078 2359 1115 2392 in
1144 2366 1265 2393 monte
1296 2360 1424 2393 Sancte
1445 2360 1633 2394 Genovefe
1661 2359 1891 2399 Parisiensis,
1915 2358 2101 2391 Galterum
2129 2357 2247 2402 Gracy
2258 2357 2282 2398 ³,

420 2422 646 2455 Salomonem
677 2424 721 2456 de
755 2424 971 2469 Lesquelen,
1002 2425 1202 2458 Johannem
1237 2426 1469 2460 Bandouardi
1503 2418 1673 2459 doctores
1707 2417 1744 2458 in
1774 2425 1867 2458 dicta
1900 2424 2068 2457 facultate
2098 2429 2284 2468 regentes,

419 2488 612 2533 magistros
643 2489 881 2523 Guillermum
907 2491 951 2523 de
977 2492 1143 2525 Cantiers
1172 2492 1436 2538 baquellarium
1464 2493 1501 2526 in
1529 2493 1700 2534 decretis,
1724 2493 1915 2537 Symonem
1937 2490 2074 2523 Thome
2099 2488 2283 2522 bedellum

418 2561 453 2587 et
474 2554 630 2587 Bricium
652 2556 818 2588 Monachi
845 2557 1098 2590 subbedellum
1125 2560 1331 2604 generales,
1357 2560 1575 2594 Richardum
1597 2559 1641 2592 de
1663 2560 1789 2600 Fonte,
1811 2557 2033 2591 Foulconem
2055 2556 2099 2589 de
2121 2555 2283 2595 Blandis,

416 2620 617 2654 Johannem
648 2622 789 2664 Boulet,
818 2624 1010 2668 Symonein
1041 2625 1086 2657 de
1117 2626 1248 2668 Bosco,
1278 2626 1479 2659 Johannem
1510 2626 1713 2667 Pinssoni⁶‚
1743 2636 1858 2659 novos
1891 2624 2061 2657 doctores
2091 2623 2129 2655 in
2159 2622 2292 2655 eadem.

416 2687 584 2720 facultate
612 2695 795 2733 regentes,
824 2696 857 2722 et
887 2697 1012 2723 contra
1042 2703 1166 2724 eorum
1195 2693 1406 2737 quemlibet,
1436 2700 1505 2726 tam
1537 2692 1758 2738 conjunctim
1789 2703 1894 2737 quam
1923 2690 2081 2732 divisim,
2111 2695 2146 2722 et
2177 2676 2295 2734 prout*

417 2753 617 2799 quemlibet
637 2766 761 2787 eorum
784 2755 964 2800 tangebat,
987 2758 1142 2802 proponi
1163 2759 1313 2792 fecisset
1332 2759 1427 2792 inter
1447 2766 1567 2793 cetera
1588 2750 1686 2804 quod
1710 2765 1779 2792 tam
1802 2758 1846 2791 de
1861 2759 1958 2803 jure,
1981 2769 2063 2798 usu,
2087 2761 2284 2789 consuetu-

418 2820 501 2853 dine
526 2827 561 2853 et
587 2822 768 2854 communi
796 2821 1045 2864 observancia,
1072 2836 1177 2868 quam
1204 2826 1315 2858 eciam
1347 2826 1546 2859 secundum
1578 2818 1708 2859 statuta
1735 2825 1830 2858 dicte
1856 2824 2048 2865 facultatis,
2075 2829 2110 2856 et
2130 2822 2283 2855 maxime

416 2888 519 2920 annis
541 2887 612 2931 (sic)
633 2887 777 2920 Domini
800 2888 1002 2922 millesimis
1024 2892 1290 2925 trecentesimis
1314 2894 1387 2936 (sic)
1417 2894 1579 2927 LXXVl⁰
1607 2900 1641 2926 et
1669 2893 1767 2925 1111¹¹
1793 2893 1839 2925 V⁰
1868 2891 2069 2924 solenniter
2097 2896 2131 2922 et
2160 2888 2282 2922 debite
