<?xml version="1.0" encoding="UTF-8"?>
<!DOCTYPE html PUBLIC "-//W3C//DTD XHTML 1.0 Transitional//EN"
    "http://www.w3.org/TR/xhtml1/DTD/xhtml1-transitional.dtd">
<html xmlns="http://www.w3.org/1999/xhtml" xml:lang="en" lang="en">
 <head>
  <title>
</title>
<meta http-equiv="Content-Type" content="text/html;charset=utf-8" />
  <meta name='ocr-system' content='tesseract 3.04.00' />
  <meta name='ocr-capabilities' content='ocr_page ocr_carea ocr_par ocr_line ocrx_word'/>
</head>
<body>
  <div class='ocr_page' id='page_1' title='image "auctariumchartul03univuoft_0638.png"; bbox 0 0 2488 3386; ppageno 0'>
   <div class='ocr_carea' id='block_1_1' title="bbox 463 329 2332 366">
    <p class='ocr_par' dir='ltr' id='par_1_1' title="bbox 463 329 2332 366">
     <span class='ocr_line' id='line_1_1' title="bbox 463 329 2332 366; baseline 0 -1"><span class='ocrx_word' id='word_1_1' title='bbox 463 333 526 366; x_wconf 83' lang='lat'>590</span> <span class='ocrx_word' id='word_1_2' title='bbox 1034 341 1352 363; x_wconf 63' lang='lat' dir='ltr'>CHARTULARIUM</span> <span class='ocrx_word' id='word_1_3' title='bbox 1388 341 1578 362; x_wconf 77' lang='lat' dir='ltr'>UNIVERS.</span> <span class='ocrx_word' id='word_1_4' title='bbox 1630 341 1759 363; x_wconf 77' lang='lat' dir='ltr'>PARIS.</span> <span class='ocrx_word' id='word_1_5' title='bbox 2233 329 2332 365; x_wconf 84' lang='lat'><strong>[1383</strong></span> 
     </span>
    </p>
   </div>
   <div class='ocr_carea' id='block_1_2' title="bbox 455 414 2332 1233">
    <p class='ocr_par' dir='ltr' id='par_1_2' title="bbox 457 414 2332 1060">
     <span class='ocr_line' id='line_1_2' title="bbox 462 414 2332 461; baseline 0 -12"><span class='ocrx_word' id='word_1_6' title='bbox 462 423 607 461; x_wconf 69' lang='lat' dir='ltr'>negant,</span> <span class='ocrx_word' id='word_1_7' title='bbox 628 416 765 449; x_wconf 86' lang='lat' dir='ltr'>ratiolis</span> <span class='ocrx_word' id='word_1_8' title='bbox 787 416 992 449; x_wconf 52' lang='lat' dir='ltr'>frivolosis⁶</span> <span class='ocrx_word' id='word_1_9' title='bbox 1010 415 1195 456; x_wconf 58' lang='lat' dir='ltr'>herentes,</span> <span class='ocrx_word' id='word_1_10' title='bbox 1214 414 1347 447; x_wconf 89' lang='lat' dir='ltr'>debilis</span> <span class='ocrx_word' id='word_1_11' title='bbox 1367 421 1453 447; x_wconf 90' lang='lat' dir='ltr'>sunt</span> <span class='ocrx_word' id='word_1_12' title='bbox 1473 414 1681 447; x_wconf 85' lang='lat' dir='ltr'>intellectus</span> <span class='ocrx_word' id='word_1_13' title='bbox 1700 426 1706 447; x_wconf 94' lang='lat'><strong>:</strong></span> <span class='ocrx_word' id='word_1_14' title='bbox 1724 415 1944 448; x_wconf 88' lang='lat' dir='ltr'>unanimiter</span> <span class='ocrx_word' id='word_1_15' title='bbox 1960 422 1995 448; x_wconf 89' lang='lat' dir='ltr'>et</span> <span class='ocrx_word' id='word_1_16' title='bbox 2014 415 2245 448; x_wconf 90' lang='lat' dir='ltr'>concorditer</span> <span class='ocrx_word' id='word_1_17' title='bbox 2264 415 2332 449; x_wconf 93' lang='lat' dir='ltr'>sub</span> 
     </span>
     <span class='ocr_line' id='line_1_3' title="bbox 462 480 2330 527; baseline -0.001 -12"><span class='ocrx_word' id='word_1_18' title='bbox 462 483 597 516; x_wconf 88' lang='lat' dir='ltr'>nostris</span> <span class='ocrx_word' id='word_1_19' title='bbox 625 482 781 527; x_wconf 86' lang='lat' dir='ltr'>publicis</span> <span class='ocrx_word' id='word_1_20' title='bbox 809 489 844 515; x_wconf 90' lang='lat' dir='ltr'>et</span> <span class='ocrx_word' id='word_1_21' title='bbox 863 482 1070 527; x_wconf 89' lang='lat' dir='ltr'>patentibus</span> <span class='ocrx_word' id='word_1_22' title='bbox 1092 482 1209 514; x_wconf 89' lang='lat' dir='ltr'>literis</span> <span class='ocrx_word' id='word_1_23' title='bbox 1236 488 1270 514; x_wconf 90' lang='lat' dir='ltr'>et</span> <span class='ocrx_word' id='word_1_24' title='bbox 1298 480 1517 514; x_wconf 83' lang='lat' dir='ltr'>membranis</span> <span class='ocrx_word' id='word_1_25' title='bbox 1539 480 1821 526; x_wconf 83' lang='lat' dir='ltr'>declaravimus⁵</span> <span class='ocrx_word' id='word_1_26' title='bbox 1845 488 1985 515; x_wconf 87' lang='lat' dir='ltr'>mentes</span> <span class='ocrx_word' id='word_1_27' title='bbox 2006 488 2149 515; x_wconf 85' lang='lat' dir='ltr'>nostras</span> <span class='ocrx_word' id='word_1_28' title='bbox 2171 488 2205 515; x_wconf 89' lang='lat' dir='ltr'>et</span> <span class='ocrx_word' id='word_1_29' title='bbox 2225 482 2330 515; x_wconf 88' lang='lat' dir='ltr'>etiam</span> 
     </span>
     <span class='ocr_line' id='line_1_4' title="bbox 461 547 2329 593; baseline 0 -12"><span class='ocrx_word' id='word_1_30' title='bbox 461 549 685 582; x_wconf 80' lang='lat' dir='ltr'>declaramus</span> <span class='ocrx_word' id='word_1_31' title='bbox 707 561 773 593; x_wconf 90' lang='lat' dir='ltr'>pro</span> <span class='ocrx_word' id='word_1_32' title='bbox 789 549 901 593; x_wconf 82' lang='lat' dir='ltr'>justa,</span> <span class='ocrx_word' id='word_1_33' title='bbox 921 555 1042 582; x_wconf 90' lang='lat' dir='ltr'>sancta</span> <span class='ocrx_word' id='word_1_34' title='bbox 1064 555 1098 581; x_wconf 91' lang='lat' dir='ltr'>et</span> <span class='ocrx_word' id='word_1_35' title='bbox 1118 548 1290 581; x_wconf 88' lang='lat' dir='ltr'>canonica</span> <span class='ocrx_word' id='word_1_36' title='bbox 1313 547 1491 580; x_wconf 84' lang='lat' dir='ltr'>electione</span> <span class='ocrx_word' id='word_1_37' title='bbox 1513 548 1650 580; x_wconf 91' lang='lat' dir='ltr'>domini</span> <span class='ocrx_word' id='word_1_38' title='bbox 1672 548 1872 582; x_wconf 88' lang='lat' dir='ltr'>Clementis</span> <span class='ocrx_word' id='word_1_39' title='bbox 1893 560 1983 593; x_wconf 86' lang='lat' dir='ltr'>pape</span> <span class='ocrx_word' id='word_1_40' title='bbox 1998 549 2065 582; x_wconf 92' lang='lat' dir='ltr'>VII</span> <span class='ocrx_word' id='word_1_41' title='bbox 2086 548 2130 581; x_wconf 86' lang='lat' dir='ltr'>ad</span> <span class='ocrx_word' id='word_1_42' title='bbox 2151 560 2329 582; x_wconf 90' lang='lat' dir='ltr'>summum</span> 
     </span>
     <span class='ocr_line' id='line_1_5' title="bbox 461 614 2329 661; baseline 0.001 -13"><span class='ocrx_word' id='word_1_43' title='bbox 461 615 690 661; x_wconf 89' lang='lat' dir='ltr'>pontificatus</span> <span class='ocrx_word' id='word_1_44' title='bbox 717 616 853 660; x_wconf 82' lang='lat' dir='ltr'>apicem</span> <span class='ocrx_word' id='word_1_45' title='bbox 881 615 1007 648; x_wconf 78' lang='lat' dir='ltr'>electi⁶</span> <span class='ocrx_word' id='word_1_46' title='bbox 1036 627 1100 660; x_wconf 87' lang='lat' dir='ltr'>per</span> <span class='ocrx_word' id='word_1_47' title='bbox 1121 615 1289 647; x_wconf 89' lang='lat' dir='ltr'>dominos</span> <span class='ocrx_word' id='word_1_48' title='bbox 1317 614 1520 647; x_wconf 84' lang='lat' dir='ltr'>cardinales</span> <span class='ocrx_word' id='word_1_49' title='bbox 1547 614 1838 660; x_wconf 76' lang='lat' dir='ltr'>unanimiterque</span> <span class='ocrx_word' id='word_1_50' title='bbox 1866 615 2056 660; x_wconf 70' lang='lat' dir='ltr'>assumpti,</span> <span class='ocrx_word' id='word_1_51' title='bbox 2083 614 2218 648; x_wconf 90' lang='lat' dir='ltr'>dictum</span> <span class='ocrx_word' id='word_1_52' title='bbox 2243 627 2329 649; x_wconf 87' lang='lat' dir='ltr'>vero</span> 
     </span>
     <span class='ocr_line' id='line_1_6' title="bbox 461 680 2329 727; baseline 0 -12"><span class='ocrx_word' id='word_1_53' title='bbox 461 682 752 715; x_wconf 87' lang='lat' dir='ltr'>Bartholomeum</span> <span class='ocrx_word' id='word_1_54' title='bbox 770 682 909 715; x_wconf 90' lang='lat' dir='ltr'>nullum</span> <span class='ocrx_word' id='word_1_55' title='bbox 922 683 983 727; x_wconf 90' lang='lat' dir='ltr'>jus</span> <span class='ocrx_word' id='word_1_56' title='bbox 1001 681 1134 714; x_wconf 84' lang='lat' dir='ltr'>habere</span> <span class='ocrx_word' id='word_1_57' title='bbox 1156 688 1216 714; x_wconf 91' lang='lat' dir='ltr'>aut</span> <span class='ocrx_word' id='word_1_58' title='bbox 1235 681 1322 714; x_wconf 82' lang='lat' dir='ltr'>alias</span> <span class='ocrx_word' id='word_1_59' title='bbox 1343 680 1528 722; x_wconf 78' lang='lat' dir='ltr'>habuisse,</span> <span class='ocrx_word' id='word_1_60' title='bbox 1548 681 1612 714; x_wconf 91' lang='lat' dir='ltr'>sed</span> <span class='ocrx_word' id='word_1_61' title='bbox 1630 682 1749 726; x_wconf 83' lang='lat' dir='ltr'>ipsum</span> <span class='ocrx_word' id='word_1_62' title='bbox 1766 682 1803 714; x_wconf 91' lang='lat' dir='ltr'>in</span> <span class='ocrx_word' id='word_1_63' title='bbox 1823 681 1911 715; x_wconf 87' lang='lat' dir='ltr'>sede</span> <span class='ocrx_word' id='word_1_64' title='bbox 1933 681 2028 715; x_wconf 88' lang='lat' dir='ltr'>beati</span> <span class='ocrx_word' id='word_1_65' title='bbox 2043 682 2138 715; x_wconf 88' lang='lat' dir='ltr'>Petri</span> <span class='ocrx_word' id='word_1_66' title='bbox 2160 682 2329 727; x_wconf 87' lang='lat' dir='ltr'>dampna-</span> 
     </span>
     <span class='ocr_line' id='line_1_7' title="bbox 460 747 2330 794; baseline 0.001 -13"><span class='ocrx_word' id='word_1_67' title='bbox 460 749 581 782; x_wconf 87' lang='lat' dir='ltr'>biliter</span> <span class='ocrx_word' id='word_1_68' title='bbox 597 749 710 782; x_wconf 86' lang='lat' dir='ltr'>fuisse</span> <span class='ocrx_word' id='word_1_69' title='bbox 731 749 924 790; x_wconf 75' lang='lat' dir='ltr'>intrusum,</span> <span class='ocrx_word' id='word_1_70' title='bbox 944 749 988 781; x_wconf 86' lang='lat' dir='ltr'>(lc</span> <span class='ocrx_word' id='word_1_71' title='bbox 1009 749 1100 781; x_wconf 88' lang='lat' dir='ltr'>sacto</span> <span class='ocrx_word' id='word_1_72' title='bbox 1122 747 1370 780; x_wconf 90' lang='lat' dir='ltr'>tantummodo</span> <span class='ocrx_word' id='word_1_73' title='bbox 1388 759 1461 780; x_wconf 92' lang='lat' dir='ltr'>non</span> <span class='ocrx_word' id='word_1_74' title='bbox 1483 747 1636 792; x_wconf 75' lang='lat' dir='ltr'>dejure,</span> <span class='ocrx_word' id='word_1_75' title='bbox 1654 755 1763 793; x_wconf 87' lang='lat' dir='ltr'>prout</span> <span class='ocrx_word' id='word_1_76' title='bbox 1777 749 1860 793; x_wconf 85' lang='lat' dir='ltr'>jura</span> <span class='ocrx_word' id='word_1_77' title='bbox 1881 748 2001 781; x_wconf 91' lang='lat' dir='ltr'>omnia</span> <span class='ocrx_word' id='word_1_78' title='bbox 2022 748 2174 781; x_wconf 85' lang='lat' dir='ltr'>humana</span> <span class='ocrx_word' id='word_1_79' title='bbox 2197 749 2330 794; x_wconf 84' lang='lat' dir='ltr'>pariter</span> 
     </span>
     <span class='ocr_line' id='line_1_8' title="bbox 459 814 2329 860; baseline 0.001 -12"><span class='ocrx_word' id='word_1_80' title='bbox 459 823 494 848; x_wconf 90' lang='lat' dir='ltr'>et</span> <span class='ocrx_word' id='word_1_81' title='bbox 514 816 633 849; x_wconf 88' lang='lat' dir='ltr'>divina</span> <span class='ocrx_word' id='word_1_82' title='bbox 655 815 856 848; x_wconf 82' lang='lat' dir='ltr'>clarissime</span> <span class='ocrx_word' id='word_1_83' title='bbox 878 821 1137 860; x_wconf 75' lang='lat' dir='ltr'>protestantur,</span> <span class='ocrx_word' id='word_1_84' title='bbox 1161 814 1291 847; x_wconf 86' lang='lat' dir='ltr'>dictam</span> <span class='ocrx_word' id='word_1_85' title='bbox 1313 826 1412 847; x_wconf 90' lang='lat' dir='ltr'>suam</span> <span class='ocrx_word' id='word_1_86' title='bbox 1435 814 1677 847; x_wconf 86' lang='lat' dir='ltr'>intrusionem</span> <span class='ocrx_word' id='word_1_87' title='bbox 1699 814 1963 860; x_wconf 86' lang='lat' dir='ltr'>dampnabilem</span> <span class='ocrx_word' id='word_1_88' title='bbox 1987 815 2217 858; x_wconf 78' lang='lat' dir='ltr'>detestando,</span> <span class='ocrx_word' id='word_1_89' title='bbox 2234 815 2329 849; x_wconf 88' lang='lat' dir='ltr'>elec-</span> 
     </span>
     <span class='ocr_line' id='line_1_9' title="bbox 460 881 2326 926; baseline 0 -11"><span class='ocrx_word' id='word_1_90' title='bbox 460 883 548 915; x_wconf 89' lang='lat' dir='ltr'>tioni</span> <span class='ocrx_word' id='word_1_91' title='bbox 581 894 667 916; x_wconf 90' lang='lat' dir='ltr'>vero</span> <span class='ocrx_word' id='word_1_92' title='bbox 699 882 784 915; x_wconf 87' lang='lat' dir='ltr'>dicti.</span> <span class='ocrx_word' id='word_1_93' title='bbox 821 882 958 915; x_wconf 91' lang='lat' dir='ltr'>domini</span> <span class='ocrx_word' id='word_1_94' title='bbox 993 881 1192 915; x_wconf 89' lang='lat' dir='ltr'>Clementis</span> <span class='ocrx_word' id='word_1_95' title='bbox 1221 888 1389 926; x_wconf 86' lang='lat' dir='ltr'>tanquam</span> <span class='ocrx_word' id='word_1_96' title='bbox 1420 881 1488 914; x_wconf 87' lang='lat' dir='ltr'>rite</span> <span class='ocrx_word' id='word_1_97' title='bbox 1526 888 1561 914; x_wconf 89' lang='lat' dir='ltr'>et</span> <span class='ocrx_word' id='word_1_98' title='bbox 1599 881 1773 915; x_wconf 89' lang='lat' dir='ltr'>canonice</span> <span class='ocrx_word' id='word_1_99' title='bbox 1808 881 2068 915; x_wconf 88' lang='lat' dir='ltr'>inviolabiliter</span> <span class='ocrx_word' id='word_1_100' title='bbox 2104 881 2326 915; x_wconf 81' lang='lat' dir='ltr'>adherendo.</span> 
     </span>
     <span class='ocr_line' id='line_1_10' title="bbox 458 948 2326 995; baseline 0.001 -14"><span class='ocrx_word' id='word_1_101' title='bbox 458 950 585 982; x_wconf 89' lang='lat' dir='ltr'>Datum</span> <span class='ocrx_word' id='word_1_102' title='bbox 614 949 774 981; x_wconf 88' lang='lat' dir='ltr'>Parisius</span> <span class='ocrx_word' id='word_1_103' title='bbox 802 949 838 981; x_wconf 94' lang='lat' dir='ltr'>in</span> <span class='ocrx_word' id='word_1_104' title='bbox 869 948 1026 993; x_wconf 87' lang='lat' dir='ltr'>capitulo</span> <span class='ocrx_word' id='word_1_105' title='bbox 1053 948 1325 981; x_wconf 89' lang='lat' dir='ltr'>Predicatorum</span> <span class='ocrx_word' id='word_1_106' title='bbox 1351 960 1446 981; x_wconf 85' lang='lat' dir='ltr'>anno</span> <span class='ocrx_word' id='word_1_107' title='bbox 1473 948 1618 981; x_wconf 90' lang='lat' dir='ltr'>Domini</span> <span class='ocrx_word' id='word_1_108' title='bbox 1642 948 1837 982; x_wconf 90' lang='lat' dir='ltr'>millesimo</span> <span class='ocrx_word' id='word_1_109' title='bbox 1859 955 2054 982; x_wconf 85' lang='lat' dir='ltr'>trecentes.</span> <span class='ocrx_word' id='word_1_110' title='bbox 2077 949 2326 995; x_wconf 80' lang='lat' dir='ltr'>octuagesimo</span> 
     </span>
     <span class='ocr_line' id='line_1_11' title="bbox 457 1014 2324 1060; baseline 0 -11"><span class='ocrx_word' id='word_1_111' title='bbox 457 1016 632 1055; x_wconf 50' lang='lat' dir='ltr'>secundo5</span> <span class='ocrx_word' id='word_1_112' title='bbox 645 1016 702 1048; x_wconf 93' lang='lat' dir='ltr'>die</span> <span class='ocrx_word' id='word_1_113' title='bbox 715 1016 751 1060; x_wconf 91' lang='lat' dir='ltr'>iij</span> <span class='ocrx_word' id='word_1_114' title='bbox 766 1015 903 1048; x_wconf 88' lang='lat' dir='ltr'>mensis</span> <span class='ocrx_word' id='word_1_115' title='bbox 916 1014 1116 1056; x_wconf 67' lang='lat' dir='ltr'>Februarii,</span> <span class='ocrx_word' id='word_1_116' title='bbox 1131 1015 1167 1047; x_wconf 89' lang='lat' dir='ltr'>in</span> <span class='ocrx_word' id='word_1_117' title='bbox 1180 1015 1467 1060; x_wconf 84' lang='lat' dir='ltr'>congregatione</span> <span class='ocrx_word' id='word_1_118' title='bbox 1480 1022 1604 1048; x_wconf 84' lang='lat' dir='ltr'>nostra</span> <span class='ocrx_word' id='word_1_119' title='bbox 1621 1015 1784 1060; x_wconf 87' lang='lat' dir='ltr'>generali</span> <span class='ocrx_word' id='word_1_120' title='bbox 1798 1016 2117 1060; x_wconf 86' lang='lat' dir='ltr'>perjuramentum</span> <span class='ocrx_word' id='word_1_121' title='bbox 2132 1015 2324 1049; x_wconf 87' lang='lat' dir='ltr'>celebrata.</span> 
     </span>
    </p>

    <p class='ocr_par' dir='ltr' id='par_1_3' title="bbox 455 1112 2326 1233">
     <span class='ocr_line' id='line_1_12' title="bbox 548 1112 2326 1144; baseline 0.001 -9"><span class='ocrx_word' id='word_1_122' title='bbox 548 1113 622 1144; x_wconf 81' lang='lat' dir='ltr'>Orig.</span> <span class='ocrx_word' id='word_1_123' title='bbox 636 1113 661 1135; x_wconf 90' lang='lat' dir='ltr'>in</span> <span class='ocrx_word' id='word_1_124' title='bbox 671 1113 795 1136; x_wconf 75' lang='lat' dir='ltr'>Archives</span> <span class='ocrx_word' id='word_1_125' title='bbox 809 1113 840 1135; x_wconf 89' lang='lat' dir='ltr'>de</span> <span class='ocrx_word' id='word_1_126' title='bbox 856 1113 993 1140; x_wconf 82' lang='lat' dir='ltr'>Vancluse,</span> <span class='ocrx_word' id='word_1_127' title='bbox 1008 1113 1082 1136; x_wconf 80' lang='lat' dir='ltr'>fonds</span> <span class='ocrx_word' id='word_1_128' title='bbox 1095 1113 1139 1136; x_wconf 82' lang='lat' dir='ltr'>des</span> <span class='ocrx_word' id='word_1_129' title='bbox 1154 1112 1283 1136; x_wconf 69' lang='lat' dir='ltr'>Celestins</span> <span class='ocrx_word' id='word_1_130' title='bbox 1297 1112 1454 1144; x_wconf 82' lang='lat' dir='ltr'>d&#39;Avignon,</span> <span class='ocrx_word' id='word_1_131' title='bbox 1467 1117 1496 1136; x_wconf 86' lang='lat' dir='ltr'>n⁰</span> <span class='ocrx_word' id='word_1_132' title='bbox 1509 1113 1548 1142; x_wconf 73' lang='lat'>14,</span> <span class='ocrx_word' id='word_1_133' title='bbox 1562 1121 1622 1136; x_wconf 87' lang='lat' dir='ltr'>eum</span> <span class='ocrx_word' id='word_1_134' title='bbox 1635 1113 1725 1144; x_wconf 86' lang='lat' dir='ltr'>sigillo</span> <span class='ocrx_word' id='word_1_135' title='bbox 1738 1113 1764 1136; x_wconf 88' lang='lat' dir='ltr'>in</span> <span class='ocrx_word' id='word_1_136' title='bbox 1779 1121 1839 1136; x_wconf 80' lang='lat' dir='ltr'>cera</span> <span class='ocrx_word' id='word_1_137' title='bbox 1855 1113 1912 1136; x_wconf 89' lang='lat' dir='ltr'>rub.</span> <span class='ocrx_word' id='word_1_138' title='bbox 1925 1113 2159 1136; x_wconf 77' lang='lat' dir='ltr'>Univers.-Bib1.</span> <span class='ocrx_word' id='word_1_139' title='bbox 2174 1116 2228 1137; x_wconf 76' lang='lat' dir='ltr'>nat.</span> <span class='ocrx_word' id='word_1_140' title='bbox 2242 1113 2326 1137; x_wconf 65' lang='lat' dir='ltr'>Paris.</span> 
     </span>
     <span class='ocr_line' id='line_1_13' title="bbox 455 1157 2326 1188; baseline 0.001 -8"><span class='ocrx_word' id='word_1_141' title='bbox 455 1166 504 1181; x_wconf 81' lang='lat' dir='ltr'>ms.</span> <span class='ocrx_word' id='word_1_142' title='bbox 520 1158 565 1181; x_wconf 76' lang='lat' dir='ltr'>lat.</span> <span class='ocrx_word' id='word_1_143' title='bbox 580 1158 649 1186; x_wconf 71' lang='lat'><strong>1470,</strong></span> <span class='ocrx_word' id='word_1_144' title='bbox 666 1157 711 1180; x_wconf 79' lang='lat' dir='ltr'>sol.</span> <span class='ocrx_word' id='word_1_145' title='bbox 729 1158 781 1180; x_wconf 77' lang='lat'><strong>128.</strong></span> <span class='ocrx_word' id='word_1_146' title='bbox 805 1157 910 1186; x_wconf 79' lang='lat' dir='ltr'>Baluze,</span> <span class='ocrx_word' id='word_1_147' title='bbox 932 1157 983 1181; x_wconf 76' lang='lat' dir='ltr'>Vit.</span> <span class='ocrx_word' id='word_1_148' title='bbox 999 1164 1069 1187; x_wconf 79' lang='lat' dir='ltr'>pap.</span> <span class='ocrx_word' id='word_1_149' title='bbox 1085 1159 1184 1186; x_wconf 75' lang='lat' dir='ltr'>Aven.,</span> <span class='ocrx_word' id='word_1_150' title='bbox 1202 1157 1234 1187; x_wconf 84' lang='lat'>11,</span> <span class='ocrx_word' id='word_1_151' title='bbox 1256 1158 1311 1180; x_wconf 74' lang='lat'><strong>943.</strong></span> <span class='ocrx_word' id='word_1_152' title='bbox 1334 1171 1365 1175; x_wconf 92' lang='grc'><strong>-</strong></span> <span class='ocrx_word' id='word_1_153' title='bbox 1386 1157 1469 1188; x_wconf 84' lang='lat' dir='ltr'>Hujus</span> <span class='ocrx_word' id='word_1_154' title='bbox 1485 1157 1672 1181; x_wconf 79' lang='lat' dir='ltr'>declarationis</span> <span class='ocrx_word' id='word_1_155' title='bbox 1695 1157 1720 1180; x_wconf 91' lang='lat' dir='ltr'>in</span> <span class='ocrx_word' id='word_1_156' title='bbox 1738 1158 1796 1181; x_wconf 85' lang='lat' dir='ltr'>Lib.</span> <span class='ocrx_word' id='word_1_157' title='bbox 1815 1164 1894 1188; x_wconf 80' lang='lat' dir='ltr'>proc.</span> <span class='ocrx_word' id='word_1_158' title='bbox 1910 1161 1970 1181; x_wconf 78' lang='lat' dir='ltr'>nat.</span> <span class='ocrx_word' id='word_1_159' title='bbox 1987 1157 2098 1188; x_wconf 75' lang='lat' dir='ltr'>Anylic.</span> <span class='ocrx_word' id='word_1_160' title='bbox 2123 1157 2186 1187; x_wconf 89' lang='lat' dir='ltr'>(vid.</span> <span class='ocrx_word' id='word_1_161' title='bbox 2207 1159 2326 1182; x_wconf 69' lang='lat' dir='ltr'>Auctar-</span> 
     </span>
     <span class='ocr_line' id='line_1_14' title="bbox 456 1201 2326 1233; baseline 0.001 -8"><span class='ocrx_word' id='word_1_162' title='bbox 456 1202 592 1229; x_wconf 76' lang='lat' dir='ltr'>ChartuL,</span> <span class='ocrx_word' id='word_1_163' title='bbox 608 1202 626 1229; x_wconf 87' lang='lat' dir='ltr'>I,</span> <span class='ocrx_word' id='word_1_164' title='bbox 642 1210 668 1232; x_wconf 88' lang='lat' dir='ltr'>p.</span> <span class='ocrx_word' id='word_1_165' title='bbox 686 1202 739 1230; x_wconf 68' lang='lat'>647,</span> <span class='ocrx_word' id='word_1_166' title='bbox 756 1203 779 1230; x_wconf 82' lang='lat'>9)</span> <span class='ocrx_word' id='word_1_167' title='bbox 795 1202 884 1224; x_wconf 82' lang='lat' dir='ltr'>statim</span> <span class='ocrx_word' id='word_1_168' title='bbox 901 1201 997 1224; x_wconf 87' lang='lat' dir='ltr'>mentio</span> <span class='ocrx_word' id='word_1_169' title='bbox 1013 1202 1050 1224; x_wconf 84' lang='lat' dir='ltr'>fit.</span> <span class='ocrx_word' id='word_1_170' title='bbox 1067 1202 1118 1224; x_wconf 85' lang='lat' dir='ltr'>Sed</span> <span class='ocrx_word' id='word_1_171' title='bbox 1129 1201 1236 1224; x_wconf 87' lang='lat' dir='ltr'>minime</span> <span class='ocrx_word' id='word_1_172' title='bbox 1247 1201 1273 1224; x_wconf 92' lang='lat' dir='ltr'>in</span> <span class='ocrx_word' id='word_1_173' title='bbox 1284 1201 1333 1224; x_wconf 84' lang='lat' dir='ltr'>hnc</span> <span class='ocrx_word' id='word_1_174' title='bbox 1345 1202 1401 1225; x_wconf 81' lang='lat' dir='ltr'>sola</span> <span class='ocrx_word' id='word_1_175' title='bbox 1418 1203 1502 1225; x_wconf 73' lang='lat' dir='ltr'>forma</span> <span class='ocrx_word' id='word_1_176' title='bbox 1513 1202 1691 1231; x_wconf 78' lang='lat' dir='ltr'>emittebatur,</span> <span class='ocrx_word' id='word_1_177' title='bbox 1708 1202 1754 1225; x_wconf 79' lang='lat' dir='ltr'>sed</span> <span class='ocrx_word' id='word_1_178' title='bbox 1769 1202 1831 1225; x_wconf 83' lang='lat' dir='ltr'>etin</span> <span class='ocrx_word' id='word_1_179' title='bbox 1842 1203 1926 1225; x_wconf 72' lang='lat' dir='ltr'>ron-ma</span> <span class='ocrx_word' id='word_1_180' title='bbox 1938 1201 1964 1224; x_wconf 72' lang='lat' dir='ltr'>n¹</span> <span class='ocrx_word' id='word_1_181' title='bbox 1978 1202 2046 1230; x_wconf 84' lang='lat'><strong>1651,</strong></span> <span class='ocrx_word' id='word_1_182' title='bbox 2062 1202 2123 1225; x_wconf 80' lang='lat' dir='ltr'>licet</span> <span class='ocrx_word' id='word_1_183' title='bbox 2135 1205 2227 1233; x_wconf 77' lang='lat' dir='ltr'>postea</span> <span class='ocrx_word' id='word_1_184' title='bbox 2244 1202 2326 1226; x_wconf 74' lang='lat' dir='ltr'>solius</span> 
     </span>
    </p>
   </div>
   <div class='ocr_carea' id='block_1_3' title="bbox 454 1246 2324 1278">
    <p class='ocr_par' dir='ltr' id='par_1_4' title="bbox 454 1246 2324 1278">
     <span class='ocr_line' id='line_1_15' title="bbox 454 1246 2324 1278; baseline 0.001 -9"><span class='ocrx_word' id='word_1_185' title='bbox 454 1246 637 1269; x_wconf 79' lang='lat' dir='ltr'>declarationis</span> <span class='ocrx_word' id='word_1_186' title='bbox 656 1246 731 1270; x_wconf 83' lang='lat' dir='ltr'>Febr.</span> <span class='ocrx_word' id='word_1_187' title='bbox 748 1247 761 1269; x_wconf 87' lang='lat'><strong>3</strong></span> <span class='ocrx_word' id='word_1_188' title='bbox 777 1246 873 1269; x_wconf 87' lang='lat' dir='ltr'>mentio</span> <span class='ocrx_word' id='word_1_189' title='bbox 890 1246 935 1269; x_wconf 76' lang='lat' dir='ltr'>fiat</span> <span class='ocrx_word' id='word_1_190' title='bbox 950 1247 1084 1275; x_wconf 77' lang='lat' dir='ltr'>(Mai-tene,</span> <span class='ocrx_word' id='word_1_191' title='bbox 1104 1246 1184 1270; x_wconf 75' lang='lat' dir='ltr'>Thes.</span> <span class='ocrx_word' id='word_1_192' title='bbox 1202 1253 1274 1273; x_wconf 63' lang='lat' dir='ltr'>nov„</span> <span class='ocrx_word' id='word_1_193' title='bbox 1293 1247 1325 1274; x_wconf 92' lang='lat'><strong>11,</strong></span> <span class='ocrx_word' id='word_1_194' title='bbox 1348 1247 1427 1276; x_wconf 77' lang='lat'><strong>1722),</strong></span> <span class='ocrx_word' id='word_1_195' title='bbox 1444 1247 1493 1274; x_wconf 87' lang='lat' dir='ltr'>Qui</span> <span class='ocrx_word' id='word_1_196' title='bbox 1514 1246 1581 1270; x_wconf 87' lang='lat' dir='ltr'>hanc</span> <span class='ocrx_word' id='word_1_197' title='bbox 1599 1246 1740 1278; x_wconf 80' lang='lat' dir='ltr'>epistolam</span> <span class='ocrx_word' id='word_1_198' title='bbox 1762 1246 1881 1278; x_wconf 78' lang='lat' dir='ltr'>scripsit,</span> <span class='ocrx_word' id='word_1_199' title='bbox 1901 1247 1986 1270; x_wconf 85' lang='lat' dir='ltr'>malus</span> <span class='ocrx_word' id='word_1_200' title='bbox 2002 1246 2141 1270; x_wconf 71' lang='lat' dir='ltr'>latinitatis</span> <span class='ocrx_word' id='word_1_201' title='bbox 2157 1250 2250 1270; x_wconf 78' lang='lat' dir='ltr'>auctor</span> <span class='ocrx_word' id='word_1_202' title='bbox 2267 1247 2324 1270; x_wconf 77' lang='lat' dir='ltr'>fuit.</span> 
     </span>
    </p>
   </div>
   <div class='ocr_carea' id='block_1_4' title="bbox 453 1290 1562 1322">
    <p class='ocr_par' dir='ltr' id='par_1_5' title="bbox 453 1290 1562 1322">
     <span class='ocr_line' id='line_1_16' title="bbox 453 1290 1562 1322; baseline 0.001 -9"><span class='ocrx_word' id='word_1_203' title='bbox 453 1290 581 1319; x_wconf 72' lang='lat' dir='ltr'>Nondum,</span> <span class='ocrx_word' id='word_1_204' title='bbox 598 1294 626 1313; x_wconf 89' lang='lat' dir='ltr'>ut</span> <span class='ocrx_word' id='word_1_205' title='bbox 640 1294 740 1322; x_wconf 75' lang='lat' dir='ltr'>postea,</span> <span class='ocrx_word' id='word_1_206' title='bbox 757 1290 880 1314; x_wconf 81' lang='lat' dir='ltr'>Nicolaus</span> <span class='ocrx_word' id='word_1_207' title='bbox 897 1291 928 1314; x_wconf 87' lang='lat' dir='ltr'>de</span> <span class='ocrx_word' id='word_1_208' title='bbox 944 1290 1095 1321; x_wconf 82' lang='lat' dir='ltr'>Clumengis</span> <span class='ocrx_word' id='word_1_209' title='bbox 1110 1290 1144 1313; x_wconf 76' lang='lat' dir='ltr'>ab</span> <span class='ocrx_word' id='word_1_210' title='bbox 1159 1290 1280 1322; x_wconf 79' lang='lat' dir='ltr'>epistolis</span> <span class='ocrx_word' id='word_1_211' title='bbox 1296 1290 1486 1314; x_wconf 79' lang='lat' dir='ltr'>Universitntis</span> <span class='ocrx_word' id='word_1_212' title='bbox 1504 1291 1562 1315; x_wconf 83' lang='lat' dir='ltr'>fuit.</span> 
     </span>
    </p>
   </div>
   <div class='ocr_carea' id='block_1_5' title="bbox 450 1374 2326 1629">
    <p class='ocr_par' dir='ltr' id='par_1_6' title="bbox 450 1374 2326 1629">
     <span class='ocr_line' id='line_1_17' title="bbox 545 1374 2325 1406; baseline 0.001 -10"><span class='ocrx_word' id='word_1_213' title='bbox 545 1374 567 1397; x_wconf 93' lang='lat'><strong>1.</strong></span> <span class='ocrx_word' id='word_1_214' title='bbox 582 1374 670 1405; x_wconf 80' lang='lat' dir='ltr'>Usque</span> <span class='ocrx_word' id='word_1_215' title='bbox 686 1374 736 1396; x_wconf 87' lang='lat' dir='ltr'>huc</span> <span class='ocrx_word' id='word_1_216' title='bbox 751 1374 899 1397; x_wconf 77' lang='lat' dir='ltr'>extenditur</span> <span class='ocrx_word' id='word_1_217' title='bbox 915 1374 1063 1405; x_wconf 77' lang='lat' dir='ltr'>inscriptio,</span> <span class='ocrx_word' id='word_1_218' title='bbox 1081 1377 1228 1397; x_wconf 82' lang='lat' dir='ltr'>monstrum</span> <span class='ocrx_word' id='word_1_219' title='bbox 1243 1374 1415 1405; x_wconf 69' lang='lat' dir='ltr'>horrendum,</span> <span class='ocrx_word' id='word_1_220' title='bbox 1432 1374 1458 1398; x_wconf 89' lang='lat' dir='ltr'>in</span> <span class='ocrx_word' id='word_1_221' title='bbox 1471 1379 1500 1398; x_wconf 84' lang='lat' dir='ltr'>n⁰</span> <span class='ocrx_word' id='word_1_222' title='bbox 1515 1375 1573 1398; x_wconf 85' lang='grc'>1651</span> <span class='ocrx_word' id='word_1_223' title='bbox 1588 1374 1682 1398; x_wconf 83' lang='lat' dir='ltr'>merito</span> <span class='ocrx_word' id='word_1_224' title='bbox 1698 1382 1795 1406; x_wconf 77' lang='lat' dir='ltr'>magna</span> <span class='ocrx_word' id='word_1_225' title='bbox 1813 1382 1842 1398; x_wconf 89' lang='lat' dir='ltr'>ex</span> <span class='ocrx_word' id='word_1_226' title='bbox 1857 1378 1933 1406; x_wconf 80' lang='lat' dir='ltr'>parte</span> <span class='ocrx_word' id='word_1_227' title='bbox 1951 1374 2108 1405; x_wconf 78' lang='lat' dir='ltr'>neglectum.</span> <span class='ocrx_word' id='word_1_228' title='bbox 2123 1387 2155 1392; x_wconf 89' lang='lat'>-</span> <span class='ocrx_word' id='word_1_229' title='bbox 2172 1375 2195 1398; x_wconf 85' lang='lat'>2.</span> <span class='ocrx_word' id='word_1_230' title='bbox 2212 1374 2248 1398; x_wconf 84' lang='lat' dir='ltr'>De</span> <span class='ocrx_word' id='word_1_231' title='bbox 2261 1374 2325 1398; x_wconf 81' lang='lat' dir='ltr'>Bar-</span> 
     </span>
     <span class='ocr_line' id='line_1_18' title="bbox 451 1418 2326 1450; baseline 0.001 -9"><span class='ocrx_word' id='word_1_232' title='bbox 451 1418 598 1442; x_wconf 84' lang='lat' dir='ltr'>tholomaeo</span> <span class='ocrx_word' id='word_1_233' title='bbox 617 1427 662 1442; x_wconf 88' lang='lat' dir='ltr'>seu</span> <span class='ocrx_word' id='word_1_234' title='bbox 679 1418 767 1449; x_wconf 77' lang='lat' dir='ltr'>potius</span> <span class='ocrx_word' id='word_1_235' title='bbox 788 1419 896 1442; x_wconf 80' lang='lat' dir='ltr'>Urbano</span> <span class='ocrx_word' id='word_1_236' title='bbox 912 1419 944 1441; x_wconf 89' lang='lat' dir='ltr'>VI</span> <span class='ocrx_word' id='word_1_237' title='bbox 960 1418 1003 1441; x_wconf 88' lang='lat' dir='ltr'>hic</span> <span class='ocrx_word' id='word_1_238' title='bbox 1018 1422 1043 1442; x_wconf 84' lang='lat' dir='ltr'>et</span> <span class='ocrx_word' id='word_1_239' title='bbox 1063 1422 1156 1450; x_wconf 81' lang='lat' dir='ltr'>postea</span> <span class='ocrx_word' id='word_1_240' title='bbox 1178 1419 1248 1442; x_wconf 83' lang='lat' dir='ltr'>dicta</span> <span class='ocrx_word' id='word_1_241' title='bbox 1272 1419 1299 1442; x_wconf 90' lang='lat' dir='ltr'>in</span> <span class='ocrx_word' id='word_1_242' title='bbox 1320 1423 1349 1442; x_wconf 90' lang='lat' dir='ltr'>n⁰</span> <span class='ocrx_word' id='word_1_243' title='bbox 1372 1419 1431 1442; x_wconf 86' lang='lat'><strong>1651</strong></span> <span class='ocrx_word' id='word_1_244' title='bbox 1452 1419 1619 1443; x_wconf 79' lang='lat' dir='ltr'>omittuntur.</span> <span class='ocrx_word' id='word_1_245' title='bbox 1635 1433 1665 1436; x_wconf 97' lang='lat'><strong>—</strong></span> <span class='ocrx_word' id='word_1_246' title='bbox 1681 1420 1704 1443; x_wconf 86' lang='lat'>3.</span> <span class='ocrx_word' id='word_1_247' title='bbox 1725 1420 1744 1444; x_wconf 89' lang='lat'>1.</span> <span class='ocrx_word' id='word_1_248' title='bbox 1763 1427 1785 1443; x_wconf 86' lang='lat' dir='ltr'>e.</span> <span class='ocrx_word' id='word_1_249' title='bbox 1808 1419 1841 1442; x_wconf 80' lang='lat' dir='ltr'>ab</span> <span class='ocrx_word' id='word_1_250' title='bbox 1859 1419 2007 1446; x_wconf 79' lang='lat' dir='ltr'>Aristotele,</span> <span class='ocrx_word' id='word_1_251' title='bbox 2023 1419 2094 1450; x_wconf 79' lang='lat' dir='ltr'>apud</span> <span class='ocrx_word' id='word_1_252' title='bbox 2115 1426 2192 1450; x_wconf 85' lang='lat' dir='ltr'>quem</span> <span class='ocrx_word' id='word_1_253' title='bbox 2217 1419 2326 1443; x_wconf 78' lang='lat' dir='ltr'>affertur</span> 
     </span>
     <span class='ocr_line' id='line_1_19' title="bbox 451 1463 2326 1496; baseline 0.001 -11"><span class='ocrx_word' id='word_1_254' title='bbox 451 1463 565 1486; x_wconf 86' lang='lat' dir='ltr'>secunda</span> <span class='ocrx_word' id='word_1_255' title='bbox 586 1471 648 1494; x_wconf 84' lang='lat' dir='ltr'>pars</span> <span class='ocrx_word' id='word_1_256' title='bbox 666 1463 808 1486; x_wconf 78' lang='lat' dir='ltr'>sententiae</span> <span class='ocrx_word' id='word_1_257' title='bbox 828 1471 832 1485; x_wconf 92' lang='lat'>:</span> <span class='ocrx_word' id='word_1_258' title='bbox 849 1463 891 1492; x_wconf 85' lang='grc' dir='ltr'>τήν</span> <span class='ocrx_word' id='word_1_259' title='bbox 904 1463 1014 1494; x_wconf 77' lang='grc' dir='ltr'>διήγησίν</span> <span class='ocrx_word' id='word_1_260' title='bbox 1033 1463 1231 1495; x_wconf 80' lang='lat' dir='ltr'>(narrationem)</span> <span class='ocrx_word' id='word_1_261' title='bbox 1247 1473 1305 1495; x_wconf 78' lang='grc' dir='ltr'>φασι</span> <span class='ocrx_word' id='word_1_262' title='bbox 1320 1464 1367 1488; x_wconf 78' lang='grc' dir='ltr'>δεῖν</span> <span class='ocrx_word' id='word_1_263' title='bbox 1383 1463 1441 1488; x_wconf 77' lang='grc' dir='ltr'>εἶναι</span> <span class='ocrx_word' id='word_1_264' title='bbox 1458 1464 1559 1496; x_wconf 74' lang='grc' dir='ltr'>ταχεῖαν</span> <span class='ocrx_word' id='word_1_265' title='bbox 1573 1463 1706 1493; x_wconf 77' lang='lat' dir='ltr'>(Rhetor.‚</span> <span class='ocrx_word' id='word_1_266' title='bbox 1724 1464 1769 1492; x_wconf 78' lang='grc' dir='ltr'>ΠΙ,</span> <span class='ocrx_word' id='word_1_267' title='bbox 1788 1472 1811 1487; x_wconf 90' lang='lat' dir='ltr'>c.</span> <span class='ocrx_word' id='word_1_268' title='bbox 1828 1464 1865 1492; x_wconf 77' lang='lat'>16,</span> <span class='ocrx_word' id='word_1_269' title='bbox 1882 1472 1908 1495; x_wconf 88' lang='lat' dir='ltr'>p.</span> <span class='ocrx_word' id='word_1_270' title='bbox 1924 1463 2012 1495; x_wconf 60' lang='lat' dir='ltr'>vileb,</span> <span class='ocrx_word' id='word_1_271' title='bbox 2029 1463 2068 1492; x_wconf 80' lang='lat'>29,</span> <span class='ocrx_word' id='word_1_272' title='bbox 2084 1463 2124 1486; x_wconf 80' lang='lat' dir='ltr'>ed.</span> <span class='ocrx_word' id='word_1_273' title='bbox 2137 1463 2259 1493; x_wconf 83' lang='lat' dir='ltr'>Bekker).</span> <span class='ocrx_word' id='word_1_274' title='bbox 2274 1464 2326 1487; x_wconf 83' lang='lat' dir='ltr'>Nec</span> 
     </span>
     <span class='ocr_line' id='line_1_20' title="bbox 450 1507 2324 1541; baseline 0.002 -12"><span class='ocrx_word' id='word_1_275' title='bbox 450 1507 537 1538; x_wconf 83' lang='lat' dir='ltr'>prima</span> <span class='ocrx_word' id='word_1_276' title='bbox 551 1516 613 1538; x_wconf 88' lang='lat' dir='ltr'>pars</span> <span class='ocrx_word' id='word_1_277' title='bbox 630 1507 733 1530; x_wconf 83' lang='lat' dir='ltr'>videtur</span> <span class='ocrx_word' id='word_1_278' title='bbox 748 1515 805 1530; x_wconf 82' lang='lat' dir='ltr'>esse</span> <span class='ocrx_word' id='word_1_279' title='bbox 821 1507 994 1536; x_wconf 68' lang='lat' dir='ltr'>Aristotelicn,</span> <span class='ocrx_word' id='word_1_280' title='bbox 1014 1516 1073 1530; x_wconf 88' lang='lat' dir='ltr'>cum</span> <span class='ocrx_word' id='word_1_281' title='bbox 1089 1508 1106 1531; x_wconf 82' lang='lat' dir='ltr'>l.</span> <span class='ocrx_word' id='word_1_282' title='bbox 1123 1516 1155 1538; x_wconf 83' lang='lat' dir='ltr'>c.‚</span> <span class='ocrx_word' id='word_1_283' title='bbox 1170 1508 1216 1531; x_wconf 85' lang='lat' dir='ltr'>lin.</span> <span class='ocrx_word' id='word_1_284' title='bbox 1230 1509 1269 1538; x_wconf 84' lang='lat'>33,</span> <span class='ocrx_word' id='word_1_285' title='bbox 1281 1508 1385 1531; x_wconf 80' lang='lat' dir='ltr'>dicutur</span> <span class='ocrx_word' id='word_1_286' title='bbox 1398 1516 1404 1531; x_wconf 91' lang='grc'>·.</span> <span class='ocrx_word' id='word_1_287' title='bbox 1419 1508 1454 1532; x_wconf 78' lang='grc' dir='ltr'>δεῖ</span> <span class='ocrx_word' id='word_1_288' title='bbox 1467 1509 1513 1540; x_wconf 84' lang='grc' dir='ltr'>γὰρ</span> <span class='ocrx_word' id='word_1_289' title='bbox 1527 1509 1558 1539; x_wconf 88' lang='grc' dir='ltr'>μὴ</span> <span class='ocrx_word' id='word_1_290' title='bbox 1573 1509 1671 1540; x_wconf 74' lang='grc' dir='ltr'>μακρῶς</span> <span class='ocrx_word' id='word_1_291' title='bbox 1685 1508 1826 1540; x_wconf 72' lang='grc' dir='ltr'>διηγεῖσθαι,</span> <span class='ocrx_word' id='word_1_292' title='bbox 1843 1509 1925 1540; x_wconf 83' lang='grc' dir='ltr'>ὥσπερ</span> <span class='ocrx_word' id='word_1_293' title='bbox 1941 1509 1995 1533; x_wconf 72' lang='grc' dir='ltr'>οὐδὲ</span> <span class='ocrx_word' id='word_1_294' title='bbox 2006 1507 2204 1540; x_wconf 74' lang='grc' dir='ltr'><strong>προοιμιάζεσθαι</strong></span> <span class='ocrx_word' id='word_1_295' title='bbox 2218 1511 2324 1541; x_wconf 74' lang='grc' dir='ltr'><strong>μακρῶς.</strong></span> 
     </span>
     <span class='ocr_line' id='line_1_21' title="bbox 452 1550 2326 1586; baseline 0.002 -12"><span class='ocrx_word' id='word_1_296' title='bbox 452 1552 512 1575; x_wconf 86' lang='lat' dir='ltr'>Sine</span> <span class='ocrx_word' id='word_1_297' title='bbox 529 1552 609 1574; x_wconf 90' lang='lat' dir='ltr'>dubio</span> <span class='ocrx_word' id='word_1_298' title='bbox 625 1552 746 1583; x_wconf 77' lang='lat' dir='ltr'>magistri</span> <span class='ocrx_word' id='word_1_299' title='bbox 762 1552 828 1575; x_wconf 82' lang='lat' dir='ltr'>hanc</span> <span class='ocrx_word' id='word_1_300' title='bbox 848 1552 1004 1575; x_wconf 74' lang='lat' dir='ltr'>sententiani</span> <span class='ocrx_word' id='word_1_301' title='bbox 1020 1560 1083 1583; x_wconf 81' lang='lat' dir='ltr'>prae</span> <span class='ocrx_word' id='word_1_302' title='bbox 1099 1553 1182 1576; x_wconf 84' lang='lat' dir='ltr'>oculis</span> <span class='ocrx_word' id='word_1_303' title='bbox 1197 1552 1347 1576; x_wconf 82' lang='lat' dir='ltr'>habuerunt</span> <span class='ocrx_word' id='word_1_304' title='bbox 1361 1561 1366 1575; x_wconf 93' lang='lat'>·.</span> <span class='ocrx_word' id='word_1_305' title='bbox 1380 1553 1421 1577; x_wconf 79' lang='grc' dir='ltr'>καὶ</span> <span class='ocrx_word' id='word_1_306' title='bbox 1436 1553 1494 1584; x_wconf 70' lang='grc' dir='ltr'>φασὶ</span> <span class='ocrx_word' id='word_1_307' title='bbox 1509 1552 1621 1585; x_wconf 76' lang='grc' dir='ltr'>πράττειν</span> <span class='ocrx_word' id='word_1_308' title='bbox 1641 1553 1682 1584; x_wconf 80' lang='grc' dir='ltr'>μὲν</span> <span class='ocrx_word' id='word_1_309' title='bbox 1696 1553 1743 1577; x_wconf 73' lang='grc' dir='ltr'>δεῖν</span> <span class='ocrx_word' id='word_1_310' title='bbox 1754 1552 1815 1584; x_wconf 67' lang='grc' dir='ltr'><strong>ταχὺ</strong></span> <span class='ocrx_word' id='word_1_311' title='bbox 1828 1553 1859 1577; x_wconf 84' lang='grc' dir='ltr'>τὰ</span> <span class='ocrx_word' id='word_1_312' title='bbox 1873 1553 2038 1585; x_wconf 75' lang='grc' dir='ltr'>βουλευθέντα,</span> <span class='ocrx_word' id='word_1_313' title='bbox 2056 1550 2212 1585; x_wconf 67' lang='grc' dir='ltr'>βουλεύεσθαι</span> <span class='ocrx_word' id='word_1_314' title='bbox 2226 1553 2252 1577; x_wconf 74' lang='grc' dir='ltr'>δὲ</span> <span class='ocrx_word' id='word_1_315' title='bbox 2268 1555 2326 1586; x_wconf 69' lang='grc' dir='ltr'><strong>βρι-</strong></span> 
     </span>
     <span class='ocr_line' id='line_1_22' title="bbox 451 1596 2323 1629; baseline 0 -9"><span class='ocrx_word' id='word_1_316' title='bbox 451 1596 510 1624; x_wconf 80' lang='grc' dir='ltr'>δέως</span> <span class='ocrx_word' id='word_1_317' title='bbox 525 1596 622 1625; x_wconf 77' lang='lat' dir='ltr'><em>(Echio.</em></span> <span class='ocrx_word' id='word_1_318' title='bbox 637 1598 675 1620; x_wconf 80' lang='lat' dir='ltr'>ad</span> <span class='ocrx_word' id='word_1_319' title='bbox 689 1596 793 1621; x_wconf 77' lang='lat' dir='ltr'>Nicom.</span> <span class='ocrx_word' id='word_1_320' title='bbox 808 1597 849 1624; x_wconf 84' lang='lat' dir='ltr'>Vl,</span> <span class='ocrx_word' id='word_1_321' title='bbox 867 1605 888 1619; x_wconf 90' lang='lat' dir='ltr'>c.</span> <span class='ocrx_word' id='word_1_322' title='bbox 908 1597 957 1626; x_wconf 87' lang='lat'><strong>10).</strong></span> <span class='ocrx_word' id='word_1_323' title='bbox 972 1611 998 1614; x_wconf 97' lang='lat'><strong>—</strong></span> <span class='ocrx_word' id='word_1_324' title='bbox 1010 1598 1034 1620; x_wconf 79' lang='lat'>4.</span> <span class='ocrx_word' id='word_1_325' title='bbox 1051 1597 1093 1620; x_wconf 91' lang='lat' dir='ltr'>Sic</span> <span class='ocrx_word' id='word_1_326' title='bbox 1109 1597 1176 1628; x_wconf 87' lang='lat' dir='ltr'>orig.</span> <span class='ocrx_word' id='word_1_327' title='bbox 1193 1597 1263 1620; x_wconf 79' lang='lat' dir='ltr'>Alibi</span> <span class='ocrx_word' id='word_1_328' title='bbox 1279 1605 1284 1620; x_wconf 94' lang='lat'>·.</span> <span class='ocrx_word' id='word_1_329' title='bbox 1301 1606 1312 1620; x_wconf 87' lang='lat'>«</span> <span class='ocrx_word' id='word_1_330' title='bbox 1326 1597 1518 1620; x_wconf 81' lang='lat' dir='ltr'>rationunculis</span> <span class='ocrx_word' id='word_1_331' title='bbox 1535 1597 1637 1621; x_wconf 82' lang='lat' dir='ltr'>frivolis</span> <span class='ocrx_word' id='word_1_332' title='bbox 1654 1606 1675 1621; x_wconf 90' lang='lat'>».</span> <span class='ocrx_word' id='word_1_333' title='bbox 1694 1611 1724 1614; x_wconf 98' lang='lat'><strong>—</strong></span> <span class='ocrx_word' id='word_1_334' title='bbox 1740 1599 1762 1620; x_wconf 91' lang='lat'>5.</span> <span class='ocrx_word' id='word_1_335' title='bbox 1779 1597 1865 1629; x_wconf 81' lang='lat' dir='ltr'>Supra</span> <span class='ocrx_word' id='word_1_336' title='bbox 1881 1602 1910 1620; x_wconf 88' lang='lat' dir='ltr'>n⁰</span> <span class='ocrx_word' id='word_1_337' title='bbox 1926 1598 1995 1621; x_wconf 76' lang='lat'><strong>1624.</strong></span> <span class='ocrx_word' id='word_1_338' title='bbox 2010 1611 2041 1615; x_wconf 91' lang='lat'>——</span> <span class='ocrx_word' id='word_1_339' title='bbox 2057 1599 2080 1621; x_wconf 83' lang='lat'>6.</span> <span class='ocrx_word' id='word_1_340' title='bbox 2096 1598 2215 1629; x_wconf 86' lang='lat' dir='ltr'>Ubique:</span> <span class='ocrx_word' id='word_1_341' title='bbox 2230 1606 2240 1620; x_wconf 81' lang='grc' dir='ltr'>(ι</span> <span class='ocrx_word' id='word_1_342' title='bbox 2255 1597 2323 1620; x_wconf 82' lang='lat' dir='ltr'>elec-</span> 
     </span>
    </p>
   </div>
   <div class='ocr_carea' id='block_1_6' title="bbox 453 1644 796 1672">
    <p class='ocr_par' dir='ltr' id='par_1_7' title="bbox 453 1644 796 1672">
     <span class='ocr_line' id='line_1_23' title="bbox 453 1644 796 1672; baseline 0 -9"><span class='ocrx_word' id='word_1_343' title='bbox 453 1644 508 1663; x_wconf 84' lang='lat' dir='ltr'>tum</span> <span class='ocrx_word' id='word_1_344' title='bbox 525 1651 546 1669; x_wconf 75' lang='grc' dir='ltr'>υ,</span> <span class='ocrx_word' id='word_1_345' title='bbox 563 1651 575 1662; x_wconf 89' lang='lat'>«</span> <span class='ocrx_word' id='word_1_346' title='bbox 592 1644 760 1672; x_wconf 83' lang='lat' dir='ltr'>assumptum</span> <span class='ocrx_word' id='word_1_347' title='bbox 774 1650 796 1664; x_wconf 73' lang='lat' dir='ltr'>n.</span> 
     </span>
    </p>
   </div>
   <div class='ocr_carea' id='block_1_7' title="bbox 457 1773 1821 1818">
    <p class='ocr_par' dir='ltr' id='par_1_8' title="bbox 457 1773 1821 1818">
     <span class='ocr_line' id='line_1_24' title="bbox 457 1773 1821 1818; baseline 0 -8"><span class='ocrx_word' id='word_1_348' title='bbox 457 1773 579 1810; x_wconf 79' lang='grc'>1651</span> <span class='ocrx_word' id='word_1_349' title='bbox 590 1802 597 1810; x_wconf 96' lang='grc'><strong><em>.</em></strong></span> <span class='ocrx_word' id='word_1_350' title='bbox 620 1782 728 1808; x_wconf 82' lang='lat' dir='ltr'>Eadem</span> <span class='ocrx_word' id='word_1_351' title='bbox 746 1782 906 1809; x_wconf 80' lang='lat' dir='ltr'>declar-atio</span> <span class='ocrx_word' id='word_1_352' title='bbox 933 1783 1131 1809; x_wconf 73' lang='lat' dir='ltr'>Universitatis</span> <span class='ocrx_word' id='word_1_353' title='bbox 1147 1783 1333 1818; x_wconf 80' lang='lat' dir='ltr'>Parisiensis‚</span> <span class='ocrx_word' id='word_1_354' title='bbox 1353 1784 1381 1810; x_wconf 89' lang='lat' dir='ltr'>in</span> <span class='ocrx_word' id='word_1_355' title='bbox 1395 1783 1539 1810; x_wconf 80' lang='lat' dir='ltr'>meliorem</span> <span class='ocrx_word' id='word_1_356' title='bbox 1554 1785 1678 1818; x_wconf 84' lang='lat' dir='ltr'>formam</span> <span class='ocrx_word' id='word_1_357' title='bbox 1691 1782 1821 1810; x_wconf 82' lang='lat' dir='ltr'>redacta.</span> 
     </span>
    </p>
   </div>
   <div class='ocr_carea' id='block_1_8' title="bbox 1624 1874 2039 1905">
    <p class='ocr_par' dir='ltr' id='par_1_9' title="bbox 1624 1874 2039 1905">
     <span class='ocr_line' id='line_1_25' title="bbox 1624 1874 2039 1905; baseline -0.002 -4"><span class='ocrx_word' id='word_1_358' title='bbox 1624 1875 1701 1904; x_wconf 84' lang='grc'>1383,</span> <span class='ocrx_word' id='word_1_359' title='bbox 1718 1874 1852 1901; x_wconf 78' lang='lat' dir='ltr'>Februarii</span> <span class='ocrx_word' id='word_1_360' title='bbox 1862 1875 1904 1905; x_wconf 85' lang='lat'>26.</span> <span class='ocrx_word' id='word_1_361' title='bbox 1922 1875 2039 1901; x_wconf 71' lang='lat' dir='ltr'>Parisiis.</span> 
     </span>
    </p>
   </div>
   <div class='ocr_carea' id='block_1_9' title="bbox 448 1961 2359 2874">
    <p class='ocr_par' dir='ltr' id='par_1_10' title="bbox 448 1961 2359 2874">
     <span class='ocr_line' id='line_1_26' title="bbox 540 1961 2359 2007; baseline 0.001 -14"><span class='ocrx_word' id='word_1_362' title='bbox 540 1961 729 1994; x_wconf 87' lang='lat' dir='ltr'>Universis</span> <span class='ocrx_word' id='word_1_363' title='bbox 751 1961 1063 1995; x_wconf 87' lang='lat' dir='ltr'>Christifidelibus</span> <span class='ocrx_word' id='word_1_364' title='bbox 1094 1969 1324 1995; x_wconf 85' lang='lat' dir='ltr'>sacrosancte</span> <span class='ocrx_word' id='word_1_365' title='bbox 1353 1962 1509 1996; x_wconf 86' lang='lat' dir='ltr'>ecclesie</span> <span class='ocrx_word' id='word_1_366' title='bbox 1537 1963 1660 1995; x_wconf 86' lang='lat' dir='ltr'>matris</span> <span class='ocrx_word' id='word_1_367' title='bbox 1682 1969 1807 1996; x_wconf 91' lang='lat' dir='ltr'>nostre</span> <span class='ocrx_word' id='word_1_368' title='bbox 1829 1962 1914 1996; x_wconf 89' lang='lat' dir='ltr'>filiis</span> <span class='ocrx_word' id='word_1_369' title='bbox 1936 1969 1971 1995; x_wconf 93' lang='lat' dir='ltr'>et</span> <span class='ocrx_word' id='word_1_370' title='bbox 1995 1962 2189 2007; x_wconf 81' lang='lat' dir='ltr'>alumpnis,</span> <span class='ocrx_word' id='word_1_371' title='bbox 2212 1972 2321 1994; x_wconf 91' lang='lat' dir='ltr'>unum</span> <span class='ocrx_word' id='word_1_372' title='bbox 2356 1999 2359 2002; x_wconf 17' lang='grc' dir='ltr'><strong>Γ</strong></span> 
     </span>
     <span class='ocr_line' id='line_1_27' title="bbox 451 2027 2322 2074; baseline 0.001 -15"><span class='ocrx_word' id='word_1_373' title='bbox 451 2027 577 2068; x_wconf 71' lang='lat' dir='ltr'>Deum,</span> <span class='ocrx_word' id='word_1_374' title='bbox 596 2033 660 2061; x_wconf 86' lang='lat' dir='ltr'>etc.</span> <span class='ocrx_word' id='word_1_375' title='bbox 683 2033 722 2061; x_wconf 83' lang='lat' dir='ltr'>ut</span> <span class='ocrx_word' id='word_1_376' title='bbox 743 2039 852 2072; x_wconf 77' lang='lat' dir='ltr'>supra</span> <span class='ocrx_word' id='word_1_377' title='bbox 870 2033 906 2061; x_wconf 86' lang='lat' dir='ltr'>n⁰</span> <span class='ocrx_word' id='word_1_378' title='bbox 930 2029 1025 2070; x_wconf 74' lang='lat'><strong>1650,</strong></span> <span class='ocrx_word' id='word_1_379' title='bbox 1050 2041 1154 2074; x_wconf 82' lang='lat' dir='ltr'>usque</span> <span class='ocrx_word' id='word_1_380' title='bbox 1176 2029 1428 2062; x_wconf 87' lang='lat' dir='ltr'>indesinenter</span> <span class='ocrx_word' id='word_1_381' title='bbox 1449 2029 1642 2070; x_wconf 76' lang='lat' dir='ltr'>adherens,</span> <span class='ocrx_word' id='word_1_382' title='bbox 1661 2029 1811 2074; x_wconf 88' lang='lat' dir='ltr'>gratiam</span> <span class='ocrx_word' id='word_1_383' title='bbox 1833 2036 1868 2062; x_wconf 92' lang='lat' dir='ltr'>et</span> <span class='ocrx_word' id='word_1_384' title='bbox 1888 2041 2059 2065; x_wconf 74' lang='lat' dir='ltr'>amorem,</span> <span class='ocrx_word' id='word_1_385' title='bbox 2078 2027 2322 2061; x_wconf 87' lang='lat' dir='ltr'>reverenciam</span> 
     </span>
     <span class='ocr_line' id='line_1_28' title="bbox 451 2093 2323 2142; baseline 0.001 -16"><span class='ocrx_word' id='word_1_386' title='bbox 451 2100 485 2126; x_wconf 87' lang='lat' dir='ltr'>et</span> <span class='ocrx_word' id='word_1_387' title='bbox 505 2093 680 2127; x_wconf 90' lang='lat' dir='ltr'>honorem</span> <span class='ocrx_word' id='word_1_388' title='bbox 702 2095 739 2127; x_wconf 92' lang='lat' dir='ltr'>in</span> <span class='ocrx_word' id='word_1_389' title='bbox 760 2094 907 2127; x_wconf 87' lang='lat' dir='ltr'>salutari</span> <span class='ocrx_word' id='word_1_390' title='bbox 936 2107 1119 2140; x_wconf 65' lang='lat' dir='ltr'>supremo,</span> <span class='ocrx_word' id='word_1_391' title='bbox 1143 2096 1179 2128; x_wconf 92' lang='lat' dir='ltr'>in</span> <span class='ocrx_word' id='word_1_392' title='bbox 1201 2108 1271 2141; x_wconf 91' lang='lat' dir='ltr'>quo</span> <span class='ocrx_word' id='word_1_393' title='bbox 1294 2103 1349 2129; x_wconf 91' lang='lat' dir='ltr'>est</span> <span class='ocrx_word' id='word_1_394' title='bbox 1374 2096 1533 2129; x_wconf 91' lang='lat' dir='ltr'>omnium</span> <span class='ocrx_word' id='word_1_395' title='bbox 1561 2095 1797 2142; x_wconf 87' lang='lat' dir='ltr'>singulariter</span> <span class='ocrx_word' id='word_1_396' title='bbox 1816 2108 1901 2129; x_wconf 88' lang='lat' dir='ltr'>vera</span> <span class='ocrx_word' id='word_1_397' title='bbox 1923 2095 2034 2129; x_wconf 88' lang='lat' dir='ltr'>salus.</span> <span class='ocrx_word' id='word_1_398' title='bbox 2057 2097 2188 2128; x_wconf 90' lang='lat' dir='ltr'>Notum</span> <span class='ocrx_word' id='word_1_399' title='bbox 2209 2094 2323 2140; x_wconf 85' lang='lat' dir='ltr'>igitur</span> 
     </span>
     <span class='ocr_line' id='line_1_29' title="bbox 449 2160 2320 2208; baseline 0.001 -16"><span class='ocrx_word' id='word_1_400' title='bbox 449 2160 599 2194; x_wconf 87' lang='lat' dir='ltr'>facimus</span> <span class='ocrx_word' id='word_1_401' title='bbox 634 2173 698 2205; x_wconf 91' lang='lat' dir='ltr'>per</span> <span class='ocrx_word' id='word_1_402' title='bbox 727 2168 917 2206; x_wconf 86' lang='lat' dir='ltr'>presentes</span> <span class='ocrx_word' id='word_1_403' title='bbox 948 2162 1118 2195; x_wconf 87' lang='lat' dir='ltr'>omnibus</span> <span class='ocrx_word' id='word_1_404' title='bbox 1153 2169 1188 2195; x_wconf 91' lang='lat' dir='ltr'>et</span> <span class='ocrx_word' id='word_1_405' title='bbox 1222 2162 1379 2208; x_wconf 85' lang='lat' dir='ltr'>singulis</span> <span class='ocrx_word' id='word_1_406' title='bbox 1414 2163 1647 2208; x_wconf 87' lang='lat' dir='ltr'>presentibus</span> <span class='ocrx_word' id='word_1_407' title='bbox 1679 2163 1813 2208; x_wconf 90' lang='lat' dir='ltr'>pariter</span> <span class='ocrx_word' id='word_1_408' title='bbox 1843 2169 1878 2195; x_wconf 88' lang='lat' dir='ltr'>et</span> <span class='ocrx_word' id='word_1_409' title='bbox 1911 2162 2043 2195; x_wconf 83' lang='lat' dir='ltr'>futuris</span> <span class='ocrx_word' id='word_1_410' title='bbox 2077 2161 2141 2194; x_wconf 89' lang='lat' dir='ltr'>has</span> <span class='ocrx_word' id='word_1_411' title='bbox 2176 2168 2320 2195; x_wconf 86' lang='lat' dir='ltr'>nostras</span> 
     </span>
     <span class='ocr_line' id='line_1_30' title="bbox 450 2227 2320 2274; baseline 0.001 -15"><span class='ocrx_word' id='word_1_412' title='bbox 450 2233 612 2271; x_wconf 87' lang='lat' dir='ltr'>patentes</span> <span class='ocrx_word' id='word_1_413' title='bbox 642 2227 780 2261; x_wconf 82' lang='lat' dir='ltr'>litteras</span> <span class='ocrx_word' id='word_1_414' title='bbox 812 2228 1051 2273; x_wconf 75' lang='lat' dir='ltr'>inspecturis,</span> <span class='ocrx_word' id='word_1_415' title='bbox 1083 2229 1180 2274; x_wconf 93' lang='lat' dir='ltr'>quod</span> <span class='ocrx_word' id='word_1_416' title='bbox 1215 2241 1279 2274; x_wconf 93' lang='lat' dir='ltr'>pro</span> <span class='ocrx_word' id='word_1_417' title='bbox 1309 2230 1458 2262; x_wconf 86' lang='lat' dir='ltr'>veritate</span> <span class='ocrx_word' id='word_1_418' title='bbox 1492 2230 1535 2262; x_wconf 91' lang='lat' dir='ltr'>ad</span> <span class='ocrx_word' id='word_1_419' title='bbox 1570 2229 1716 2274; x_wconf 90' lang='lat' dir='ltr'>plenum</span> <span class='ocrx_word' id='word_1_420' title='bbox 1748 2229 1912 2262; x_wconf 85' lang='lat' dir='ltr'>facienda</span> <span class='ocrx_word' id='word_1_421' title='bbox 1944 2241 2054 2274; x_wconf 87' lang='lat' dir='ltr'>super</span> <span class='ocrx_word' id='word_1_422' title='bbox 2084 2228 2252 2262; x_wconf 79' lang='lat' dir='ltr'>scismate</span> <span class='ocrx_word' id='word_1_423' title='bbox 2282 2228 2320 2260; x_wconf 92' lang='lat' dir='ltr'>in</span> 
     </span>
     <span class='ocr_line' id='line_1_31' title="bbox 450 2293 2315 2341; baseline 0.001 -16"><span class='ocrx_word' id='word_1_424' title='bbox 450 2293 603 2326; x_wconf 88' lang='lat' dir='ltr'>ccclesia</span> <span class='ocrx_word' id='word_1_425' title='bbox 623 2301 743 2327; x_wconf 87' lang='lat' dir='ltr'>sancta</span> <span class='ocrx_word' id='word_1_426' title='bbox 765 2295 843 2336; x_wconf 76' lang='lat' dir='ltr'>Dei,</span> <span class='ocrx_word' id='word_1_427' title='bbox 866 2295 978 2339; x_wconf 88' lang='lat' dir='ltr'>proch</span> <span class='ocrx_word' id='word_1_428' title='bbox 999 2295 1116 2336; x_wconf 79' lang='lat' dir='ltr'>dolor,</span> <span class='ocrx_word' id='word_1_429' title='bbox 1140 2303 1209 2328; x_wconf 90' lang='lat' dir='ltr'>tam</span> <span class='ocrx_word' id='word_1_430' title='bbox 1231 2296 1402 2329; x_wconf 88' lang='lat' dir='ltr'>diuturne</span> <span class='ocrx_word' id='word_1_431' title='bbox 1423 2297 1583 2341; x_wconf 74' lang='lat' dir='ltr'>vigente,</span> <span class='ocrx_word' id='word_1_432' title='bbox 1606 2303 1641 2329; x_wconf 92' lang='lat' dir='ltr'>et</span> <span class='ocrx_word' id='word_1_433' title='bbox 1666 2296 1763 2341; x_wconf 93' lang='lat' dir='ltr'>quod</span> <span class='ocrx_word' id='word_1_434' title='bbox 1790 2296 1944 2329; x_wconf 89' lang='lat' dir='ltr'>ulterius</span> <span class='ocrx_word' id='word_1_435' title='bbox 1966 2296 2097 2328; x_wconf 85' lang='lat' dir='ltr'>durare</span> <span class='ocrx_word' id='word_1_436' title='bbox 2118 2294 2315 2335; x_wconf 84' lang='lat' dir='ltr'>dubitatur,</span> 
     </span>
     <span class='ocr_line' id='line_1_32' title="bbox 450 2360 2319 2408; baseline 0.002 -17"><span class='ocrx_word' id='word_1_437' title='bbox 450 2360 519 2392; x_wconf 89' lang='lat' dir='ltr'>nisi</span> <span class='ocrx_word' id='word_1_438' title='bbox 541 2360 660 2392; x_wconf 87' lang='lat' dir='ltr'>divina</span> <span class='ocrx_word' id='word_1_439' title='bbox 683 2361 913 2394; x_wconf 86' lang='lat' dir='ltr'>miseratione</span> <span class='ocrx_word' id='word_1_440' title='bbox 935 2369 1059 2394; x_wconf 86' lang='lat' dir='ltr'>contra</span> <span class='ocrx_word' id='word_1_441' title='bbox 1080 2362 1290 2407; x_wconf 88' lang='lat' dir='ltr'>hujusmodi</span> <span class='ocrx_word' id='word_1_442' title='bbox 1312 2363 1460 2396; x_wconf 84' lang='lat' dir='ltr'>scisma¹</span> <span class='ocrx_word' id='word_1_443' title='bbox 1484 2363 1634 2408; x_wconf 86' lang='lat' dir='ltr'>gratiam</span> <span class='ocrx_word' id='word_1_444' title='bbox 1657 2375 1757 2396; x_wconf 87' lang='lat' dir='ltr'>suam</span> <span class='ocrx_word' id='word_1_445' title='bbox 1780 2362 1950 2395; x_wconf 84' lang='lat' dir='ltr'>extendat</span> <span class='ocrx_word' id='word_1_446' title='bbox 1969 2362 2197 2407; x_wconf 73' lang='lat' dir='ltr'>adjutricem,</span> <span class='ocrx_word' id='word_1_447' title='bbox 2219 2361 2319 2394; x_wconf 86' lang='lat' dir='ltr'>vices</span> 
     </span>
     <span class='ocr_line' id='line_1_33' title="bbox 449 2427 2316 2474; baseline 0.002 -17"><span class='ocrx_word' id='word_1_448' title='bbox 449 2432 591 2458; x_wconf 83' lang='lat' dir='ltr'>nostras</span> <span class='ocrx_word' id='word_1_449' title='bbox 617 2427 902 2471; x_wconf 86' lang='lat' dir='ltr'>interposuimus</span> <span class='ocrx_word' id='word_1_450' title='bbox 928 2435 1099 2473; x_wconf 90' lang='lat' dir='ltr'>quantum</span> <span class='ocrx_word' id='word_1_451' title='bbox 1128 2429 1312 2474; x_wconf 88' lang='lat' dir='ltr'>potuimus</span> <span class='ocrx_word' id='word_1_452' title='bbox 1338 2429 1502 2462; x_wconf 84' lang='lat' dir='ltr'>efficaces</span> <span class='ocrx_word' id='word_1_453' title='bbox 1525 2429 1642 2462; x_wconf 91' lang='lat' dir='ltr'>modis</span> <span class='ocrx_word' id='word_1_454' title='bbox 1663 2429 1795 2462; x_wconf 93' lang='lat' dir='ltr'>nedum</span> <span class='ocrx_word' id='word_1_455' title='bbox 1820 2428 2040 2474; x_wconf 77' lang='lat' dir='ltr'>patentibuS,</span> <span class='ocrx_word' id='word_1_456' title='bbox 2063 2428 2128 2461; x_wconf 88' lang='lat' dir='ltr'>sed</span> <span class='ocrx_word' id='word_1_457' title='bbox 2149 2427 2316 2461; x_wconf 87' lang='lat' dir='ltr'>secretis.</span> 
     </span>
     <span class='ocr_line' id='line_1_34' title="bbox 448 2492 2320 2540; baseline 0.002 -17"><span class='ocrx_word' id='word_1_458' title='bbox 448 2492 607 2524; x_wconf 88' lang='lat' dir='ltr'>Tandem</span> <span class='ocrx_word' id='word_1_459' title='bbox 634 2493 778 2525; x_wconf 88' lang='lat' dir='ltr'>attentis</span> <span class='ocrx_word' id='word_1_460' title='bbox 806 2494 1033 2527; x_wconf 89' lang='lat' dir='ltr'>dominorum</span> <span class='ocrx_word' id='word_1_461' title='bbox 1067 2495 1302 2528; x_wconf 83' lang='lat' dir='ltr'>cardinalium</span> <span class='ocrx_word' id='word_1_462' title='bbox 1331 2495 1598 2529; x_wconf 77' lang='lat' dir='ltr'>assertionibus</span> <span class='ocrx_word' id='word_1_463' title='bbox 1626 2503 1661 2529; x_wconf 90' lang='lat' dir='ltr'>et</span> <span class='ocrx_word' id='word_1_464' title='bbox 1687 2495 1780 2536; x_wconf 74' lang='lat' dir='ltr'>aliis⁷</span> <span class='ocrx_word' id='word_1_465' title='bbox 1809 2507 1879 2540; x_wconf 92' lang='lat' dir='ltr'>que</span> <span class='ocrx_word' id='word_1_466' title='bbox 1906 2495 1943 2527; x_wconf 90' lang='lat' dir='ltr'>in</span> <span class='ocrx_word' id='word_1_467' title='bbox 1970 2494 2035 2527; x_wconf 88' lang='lat' dir='ltr'>hac</span> <span class='ocrx_word' id='word_1_468' title='bbox 2057 2500 2157 2540; x_wconf 87' lang='lat' dir='ltr'>parte</span> <span class='ocrx_word' id='word_1_469' title='bbox 2177 2494 2320 2527; x_wconf 86' lang='lat' dir='ltr'>fuerant</span> 
     </span>
     <span class='ocr_line' id='line_1_35' title="bbox 449 2559 2318 2608; baseline 0.002 -18"><span class='ocrx_word' id='word_1_470' title='bbox 449 2570 513 2602; x_wconf 92' lang='lat' dir='ltr'>per</span> <span class='ocrx_word' id='word_1_471' title='bbox 537 2570 603 2591; x_wconf 91' lang='lat' dir='ltr'>nos</span> <span class='ocrx_word' id='word_1_472' title='bbox 623 2559 853 2599; x_wconf 69' lang='lat' dir='ltr'>attendenda,</span> <span class='ocrx_word' id='word_1_473' title='bbox 876 2568 1046 2605; x_wconf 84' lang='lat' dir='ltr'>quantum</span> <span class='ocrx_word' id='word_1_474' title='bbox 1078 2562 1207 2595; x_wconf 90' lang='lat' dir='ltr'>melius</span> <span class='ocrx_word' id='word_1_475' title='bbox 1229 2563 1414 2607; x_wconf 89' lang='lat' dir='ltr'>potuimus</span> <span class='ocrx_word' id='word_1_476' title='bbox 1440 2563 1590 2608; x_wconf 90' lang='lat' dir='ltr'>provida</span> <span class='ocrx_word' id='word_1_477' title='bbox 1611 2562 1874 2595; x_wconf 85' lang='lat' dir='ltr'>deliberatione</span> <span class='ocrx_word' id='word_1_478' title='bbox 1896 2561 2027 2595; x_wconf 88' lang='lat' dir='ltr'>exinde</span> <span class='ocrx_word' id='word_1_479' title='bbox 2048 2560 2256 2602; x_wconf 82' lang='lat' dir='ltr'>subsecuta,</span> <span class='ocrx_word' id='word_1_480' title='bbox 2274 2560 2318 2593; x_wconf 88' lang='lat' dir='ltr'>ad</span> 
     </span>
     <span class='ocr_line' id='line_1_36' title="bbox 450 2624 2318 2673; baseline 0.002 -17"><span class='ocrx_word' id='word_1_481' title='bbox 450 2624 623 2657; x_wconf 87' lang='lat' dir='ltr'>honorem</span> <span class='ocrx_word' id='word_1_482' title='bbox 658 2625 724 2657; x_wconf 91' lang='lat' dir='ltr'>Dei</span> <span class='ocrx_word' id='word_1_483' title='bbox 758 2627 1031 2670; x_wconf 75' lang='lat' dir='ltr'>omnipotentis7</span> <span class='ocrx_word' id='word_1_484' title='bbox 1062 2629 1234 2661; x_wconf 85' lang='lat' dir='ltr'>unitatem</span> <span class='ocrx_word' id='word_1_485' title='bbox 1267 2636 1302 2662; x_wconf 90' lang='lat' dir='ltr'>et</span> <span class='ocrx_word' id='word_1_486' title='bbox 1332 2629 1584 2662; x_wconf 86' lang='lat' dir='ltr'>exaltationem</span> <span class='ocrx_word' id='word_1_487' title='bbox 1616 2629 1700 2662; x_wconf 90' lang='lat' dir='ltr'>fidei</span> <span class='ocrx_word' id='word_1_488' title='bbox 1731 2628 2005 2673; x_wconf 88' lang='lat' dir='ltr'>animarumque</span> <span class='ocrx_word' id='word_1_489' title='bbox 2036 2627 2202 2669; x_wconf 85' lang='lat' dir='ltr'>salutem,</span> <span class='ocrx_word' id='word_1_490' title='bbox 2234 2626 2318 2660; x_wconf 86' lang='lat' dir='ltr'>huic</span> 
     </span>
     <span class='ocr_line' id='line_1_37' title="bbox 449 2691 2315 2741; baseline 0.002 -18"><span class='ocrx_word' id='word_1_491' title='bbox 449 2698 516 2724; x_wconf 87' lang='lat' dir='ltr'>tam</span> <span class='ocrx_word' id='word_1_492' title='bbox 541 2691 746 2724; x_wconf 82' lang='lat' dir='ltr'>detestabili</span> <span class='ocrx_word' id='word_1_493' title='bbox 773 2699 807 2725; x_wconf 88' lang='lat' dir='ltr'>et</span> <span class='ocrx_word' id='word_1_494' title='bbox 834 2694 1040 2737; x_wconf 89' lang='lat' dir='ltr'>pernicioso</span> <span class='ocrx_word' id='word_1_495' title='bbox 1063 2695 1243 2728; x_wconf 80' lang='lat' dir='ltr'>scismati²</span> <span class='ocrx_word' id='word_1_496' title='bbox 1266 2695 1372 2728; x_wconf 88' lang='lat' dir='ltr'>finem</span> <span class='ocrx_word' id='word_1_497' title='bbox 1395 2696 1533 2741; x_wconf 92' lang='lat' dir='ltr'>imponi</span> <span class='ocrx_word' id='word_1_498' title='bbox 1560 2696 1764 2741; x_wconf 77' lang='lat' dir='ltr'>cupientes,</span> <span class='ocrx_word' id='word_1_499' title='bbox 1791 2695 1975 2729; x_wconf 90' lang='lat' dir='ltr'>tenuimus</span> <span class='ocrx_word' id='word_1_500' title='bbox 1990 2691 2032 2728; x_wconf 53' lang='lat' dir='ltr'>&#39;et</span> <span class='ocrx_word' id='word_1_501' title='bbox 2052 2693 2315 2735; x_wconf 54' lang='lat' dir='ltr'>creditdiJmus,</span> 
     </span>
     <span class='ocr_line' id='line_1_38' title="bbox 448 2758 2316 2807; baseline 0.002 -18"><span class='ocrx_word' id='word_1_502' title='bbox 448 2764 614 2790; x_wconf 89' lang='lat' dir='ltr'>tenemus</span> <span class='ocrx_word' id='word_1_503' title='bbox 648 2764 683 2791; x_wconf 90' lang='lat' dir='ltr'>et</span> <span class='ocrx_word' id='word_1_504' title='bbox 709 2758 905 2800; x_wconf 65' lang='lat' dir='ltr'>credimus,</span> <span class='ocrx_word' id='word_1_505' title='bbox 932 2761 1200 2794; x_wconf 83' lang='lat' dir='ltr'>sanctissimum</span> <span class='ocrx_word' id='word_1_506' title='bbox 1235 2762 1272 2794; x_wconf 91' lang='lat' dir='ltr'>in</span> <span class='ocrx_word' id='word_1_507' title='bbox 1294 2762 1440 2796; x_wconf 87' lang='lat' dir='ltr'>Christo</span> <span class='ocrx_word' id='word_1_508' title='bbox 1469 2769 1605 2807; x_wconf 89' lang='lat' dir='ltr'>patrem</span> <span class='ocrx_word' id='word_1_509' title='bbox 1640 2769 1676 2795; x_wconf 91' lang='lat' dir='ltr'>et</span> <span class='ocrx_word' id='word_1_510' title='bbox 1704 2762 1905 2802; x_wconf 76' lang='lat' dir='ltr'>dominum,</span> <span class='ocrx_word' id='word_1_511' title='bbox 1930 2761 2116 2794; x_wconf 90' lang='lat' dir='ltr'>dominum</span> <span class='ocrx_word' id='word_1_512' title='bbox 2151 2766 2316 2793; x_wconf 89' lang='lat' dir='ltr'>nostrum</span> 
     </span>
     <span class='ocr_line' id='line_1_39' title="bbox 449 2823 2318 2874; baseline 0.002 -18"><span class='ocrx_word' id='word_1_513' title='bbox 449 2824 633 2856; x_wconf 89' lang='lat' dir='ltr'>dominum</span> <span class='ocrx_word' id='word_1_514' title='bbox 656 2824 879 2858; x_wconf 88' lang='lat' dir='ltr'>Clementem</span> <span class='ocrx_word' id='word_1_515' title='bbox 902 2826 1022 2859; x_wconf 88' lang='lat' dir='ltr'>divina</span> <span class='ocrx_word' id='word_1_516' title='bbox 1044 2828 1270 2871; x_wconf 87' lang='lat' dir='ltr'>providentia</span> <span class='ocrx_word' id='word_1_517' title='bbox 1298 2841 1422 2874; x_wconf 88' lang='lat' dir='ltr'>papam</span> <span class='ocrx_word' id='word_1_518' title='bbox 1453 2829 1646 2874; x_wconf 90' lang='lat' dir='ltr'>septimum</span> <span class='ocrx_word' id='word_1_519' title='bbox 1673 2823 1887 2862; x_wconf 85' lang='lat' dir='ltr'>electionem</span> <span class='ocrx_word' id='word_1_520' title='bbox 1915 2828 2123 2861; x_wconf 89' lang='lat' dir='ltr'>canonicam</span> <span class='ocrx_word' id='word_1_521' title='bbox 2144 2826 2318 2860; x_wconf 81' lang='lat' dir='ltr'>habuisse</span> 
     </span>
    </p>
   </div>
   <div class='ocr_carea' id='block_1_10' title="bbox 448 2889 2316 2936">
    <p class='ocr_par' dir='ltr' id='par_1_11' title="bbox 448 2889 2316 2936">
     <span class='ocr_line' id='line_1_40' title="bbox 448 2889 2316 2936; baseline 0.002 -14"><span class='ocrx_word' id='word_1_522' title='bbox 448 2897 482 2923; x_wconf 88' lang='lat' dir='ltr'>et</span> <span class='ocrx_word' id='word_1_523' title='bbox 518 2903 582 2935; x_wconf 88' lang='lat' dir='ltr'>pro</span> <span class='ocrx_word' id='word_1_524' title='bbox 615 2903 701 2924; x_wconf 89' lang='lat' dir='ltr'>vero</span> <span class='ocrx_word' id='word_1_525' title='bbox 736 2903 825 2936; x_wconf 86' lang='lat' dir='ltr'>papa</span> <span class='ocrx_word' id='word_1_526' title='bbox 854 2892 987 2925; x_wconf 91' lang='lat' dir='ltr'>debere</span> <span class='ocrx_word' id='word_1_527' title='bbox 1027 2893 1070 2929; x_wconf 85' lang='lat' dir='ltr'>al)</span> <span class='ocrx_word' id='word_1_528' title='bbox 1101 2894 1270 2927; x_wconf 91' lang='lat' dir='ltr'>omnibus</span> <span class='ocrx_word' id='word_1_529' title='bbox 1301 2895 1490 2929; x_wconf 87' lang='lat' dir='ltr'>catholicis</span> <span class='ocrx_word' id='word_1_530' title='bbox 1527 2896 1708 2932; x_wconf 85' lang='lat' dir='ltr'>affirmari.</span> <span class='ocrx_word' id='word_1_531' title='bbox 1745 2889 1907 2928; x_wconf 67' lang='lat' dir='ltr'>Et‘inde</span> <span class='ocrx_word' id='word_1_532' title='bbox 1946 2895 2123 2928; x_wconf 83' lang='lat' dir='ltr'>veraciter</span> <span class='ocrx_word' id='word_1_533' title='bbox 2158 2892 2316 2927; x_wconf 85' lang='lat' dir='ltr'>consulti</span> 
     </span>
    </p>
   </div>
  </div>
 </body>
</html>
