2488 3386
444 338 508 370 492
1024 345 1340 368 CHARTULARHJM
1374 344 1563 366 uutvsns.
1599 344 1727 366 PAnis.
2210 328 2308 365 [1387

534 422 679 453 Attento
701 421 850 465 insuper
871 420 968 464 quod
990 419 1095 452 dictis
1118 418 1313 463 Augustini
1335 418 1494 451 doctoris
1521 418 1642 451 eximii
1670 424 1730 450 aut
1759 417 1908 450 alterius
1934 415 2119 448 inferioris
2148 414 2308 448 doctoris

446 499 517 520 non
539 493 593 519 est
618 487 669 519 sic
690 499 707 519 a
730 486 996 531 posterioribus
1015 485 1276 526 adherendum,
1300 491 1338 517 ut
1363 485 1415 517 fas
1437 485 1484 517 sit
1505 496 1544 517 ea
1566 484 1684 517 omnia
1706 484 1742 516 in
1763 484 1877 516 forma
1898 482 2043 528 propria
2065 482 2143 514 sine
2165 481 2309 526 exposi-

447 554 542 586 tione
571 553 819 586 doctrinaliter
840 553 1029 592 affirmare,
1052 552 1194 584 dicente
1220 551 1347 583 eodem
1373 551 1580 596 Augustino
1608 552 1671 592 [De
1695 551 1825 590 anima]
1850 549 1897 583 acl
1930 549 2161 588 Vincentium,
2188 547 2252 580 lib.
2274 549 2307 590 2,

447 624 534 664 [cap.
553 620 606 660 23]
627 631 633 651 :
659 634 674 650 «
694 621 847 664 Negare,
865 619 994 663 inquit,
1013 630 1084 651 non
1107 629 1254 662 possum
1277 629 1343 650 nec
1365 617 1494 658 debeo,
1514 617 1608 650 sicut
1627 617 1664 649 in
1685 617 1776 662 ipsis
1798 615 2010 660 majoribus,
2027 615 2074 647 ita
2095 614 2205 647 multa
2227 626 2308 647 esse

447 686 482 718 in
505 692 572 718 tam
590 685 712 718 multis
730 686 864 718 nostris
886 685 1002 725 libris,
1022 696 1091 728 que
1109 690 1263 728 possunt
1277 684 1378 728 justo
1394 684 1535 728 judicio
1553 690 1587 716 et
1607 683 1705 716 nulla
1727 683 1927 716 temeritate
1944 681 2094 727 culpari.
2114 695 2130 712 >³
2151 682 2193 714 Et
2212 681 2307 714 idem

446 753 480 784 in
502 752 650 796 epistola
677 758 798 784 octava
823 751 871 784 aa'
894 752 1156 795 Hieronymum
1181 763 1191 783 .·
1218 765 1233 780 «
1262 751 1336 795 Ego
1359 750 1475 783 solum
1499 750 1643 783 illorum
1665 749 1842 782 librorum
1870 748 2125 794 scriptoribus,
2151 748 2212 792 qui
2234 749 2307 792 jam

445 819 608 851 canonici
629 818 866 863 appellantur,
886 818 995 850 didici
1016 817 1110 849 hunc
1129 817 1293 849 timorem
1316 816 1566 861 honoremque
1583 816 1739 855 deferre,
1758 823 1796 849 ut
1812 815 1951 848 nullum
1969 827 2092 848 eorum
2113 814 2307 847 scribendo

445 897 586 918 errasse
608 885 755 917 audeam
777 884 939 917 credere.
961 898 976 914 n
998 885 1041 916 Et
1063 890 1143 928 post
1164 895 1275 928 pauca
1294 894 1300 915 τ
1321 897 1336 913 «
1356 883 1459 915 Alios
1480 889 1597 916 autem
1619 883 1666 915 ita
1687 882 1784 927 lego,
1803 889 1842 915 ut
1862 880 2085 927 quantalibet
2106 881 2307 921 sanctitate,

445 958 619 996 quantave
641 951 802 983 doctrina
825 950 995 995 polleant,
1020 962 1091 982 non
1112 950 1193 982 ideo
1215 962 1340 982 verum
1362 956 1498 994 putem,
1517 949 1599 994 quia
1619 949 1690 994 ipsi
1711 949 1757 982 ita
1779 955 1988 989 senserunt,
2011 948 2076 981 sed
2097 948 2179 992 quia
2201 947 2308 980 michi

443 1018 499 1050 vel
520 1030 584 1062 per
604 1017 687 1050 illos
708 1024 873 1050 auctores
894 1017 1089 1050 canonicos
1120 1016 1300 1061 probabili
1332 1016 1483 1056 ratione,
1505 1016 1603 1061 quod
1635 1028 1653 1049 a
1675 1027 1760 1049 vero
1788 1027 1862 1048 non
1882 1014 2064 1055 aberrent,
2087 1014 2308 1059 persuadere

444 1090 650 1128 potuerunt.
678 1098 692 1114 n
721 1085 839 1126 Quare
865 1083 987 1116 sobrie
1017 1083 1053 1115 in
1079 1083 1226 1116 materia
1254 1082 1460 1127 theologica
1487 1089 1522 1115 et
1549 1094 1629 1115 cum
1659 1082 1756 1115 omni
1786 1081 1988 1114 humilitate
2010 1080 2110 1125 loqui
2131 1079 2308 1114 debemus

444 1150 525 1195 plus
547 1162 649 1195 quam
678 1150 814 1195 antiqui
846 1156 979 1195 patres,
1006 1161 1050 1182 ne
1079 1150 1154 1194 pias
1183 1161 1290 1182 aures
1320 1149 1538 1194 simplicium
1561 1148 1802 1190 offendamus,
1824 1154 1915 1181 teste
1937 1147 2064 1180 eodem
2086 1147 2307 1192 Augustino,

443 1217 596 1258 decimo,
613 1216 654 1250 cle
676 1217 832 1250 Civitatc
852 1217 931 1254 Dei,
951 1228 1027 1261 cap.
1045 1227 1131 1248 xxm
1152 1227 1158 1248 :
1183 1230 1198 1246 «
1222 1215 1402 1257 Lib[e]ris,
1428 1215 1558 1260 inquit,
1576 1215 1698 1249 verbis
1719 1214 1919 1259 loquuntur
1940 1213 2161 1259 philosophi,
2183 1225 2250 1247 nec
2270 1213 2308 1247 in

442 1283 551 1316 rebus
572 1284 614 1316 ad
643 1283 921 1328 intelligendum
943 1282 1166 1315 difficillimis
1188 1282 1428 1315 offensionem
1450 1282 1705 1327 religiosarum
1732 1281 1871 1314 aurium
1898 1281 2178 1326 pertimescunt3
2201 1279 2308 1313 nobis

441 1356 556 1382 autem
586 1350 628 1382 ad
658 1356 789 1382 certam
820 1349 980 1394 regulam
1008 1349 1108 1394 loqui
1139 1350 1191 1382 sas
1213 1356 1279 1390 est,
1303 1361 1348 1394 ne
1373 1348 1568 1382 verborum
1591 1348 1735 1381 licentia
1757 1348 1801 1381 de
1823 1347 1906 1389 hiis,
1930 1359 2000 1392 que
2028 1346 2138 1380 rebus
2167 1346 2308 1392 signifi-

440 1423 576 1457 cantur,
600 1416 743 1461 impiam
764 1416 890 1462 gignat
911 1416 1133 1461 opinionem.
1154 1429 1170 1446 »

529 1483 673 1515 Attente
695 1483 798 1515 etiam
823 1482 919 1527 quod
943 1483 976 1515 S.
995 1481 1152 1515 Thomas
1174 1482 1209 1514 in
1233 1488 1381 1515 tractatu
1404 1493 1471 1514 suo
1493 1482 1631 1515 Contra
1654 1492 1799 1515 errores
1822 1481 2016 1514 Grecorum
2041 1480 2129 1513 dicit
2149 1480 2185 1512 in
2207 1480 2307 1525 prin-

440 1550 533 1594 cipio
562 1561 568 1582 t
600 1564 615 1580 «
646 1549 683 1583 Si
714 1561 781 1594 qua
810 1549 846 1581 in
875 1549 981 1581 dictis
1009 1549 1239 1593 antiquorum
1269 1549 1457 1581 doctorum
1488 1548 1736 1584 inveniuntur,
1765 1559 1834 1592 que
1854 1559 1933 1580 cum
1959 1553 2051 1579 tanta
2075 1546 2213 1580 cautela
2234 1558 2307 1579 non

441 1616 617 1657 dicantur,
648 1622 777 1660 quanta
808 1628 825 1648 a
856 1615 1042 1648 modernis
1071 1622 1248 1656 servatur,
1276 1627 1349 1647 non
1378 1621 1463 1647 sunt
1491 1614 1782 1659 contempnenda
1810 1626 1876 1646 nec
1907 1613 2115 1654 obicienda;
2147 1613 2213 1646 sed
2241 1625 2307 1646 nec

440 1683 543 1715 etiam
574 1694 612 1715 ea
642 1682 836 1715 extendere
864 1688 1020 1727 oportet,
1050 1682 1114 1714 sed
1147 1693 1329 1727 exponere
1360 1687 1582 1715 reverenter.
1612 1694 1628 1712 ))
1661 1682 1734 1713 Hec
1760 1680 1834 1713 ille.
1858 1681 1902 1713 Et
1922 1680 2017 1713 idem
2040 1680 2073 1713 S.
2092 1679 2249 1713 Thomas
2270 1680 2307 1712 in

441 1756 588 1782 tractatu
613 1748 654 1782 de
680 1748 882 1782 Concordia
907 1748 1127 1793 quorundam
1152 1748 1332 1782 dictorum
1355 1748 1535 1789 suorum²,
1561 1748 1622 1792 qui
1650 1747 1778 1792 incipit
1805 1758 1812 1779 ι
1839 1747 2121 1780 Pertransibunt
2146 1746 2252 1780 multi
2273 1752 2307 1780 et

440 1815 626 1860 multiplex
647 1816 720 1849 erit
739 1815 901 1855 scientia,
920 1815 957 1847 in
978 1814 1049 1847 fine
1071 1814 1215 1860 prologi
1237 1815 1293 1848 sui
1314 1819 1404 1860 [cap.
1431 1816 1459 1855 1]
1481 1814 1661 1859 supplicat
1682 1814 1899 1859 scriptorum
1923 1825 2071 1846 suorum
2093 1812 2306 1854 lectoribus,

441 1882 485 1914 ita
508 1882 633 1914 dicens
659 1893 665 1914 :
691 1896 706 1912 «
733 1882 768 1914 Si
790 1882 870 1926 quis
892 1881 1029 1926 aliquid
1050 1881 1231 1915 invenerit
1250 1894 1268 1914 a
1290 1881 1397 1914 nobis
1418 1893 1492 1913 non
1512 1880 1785 1921 concordatum,
1809 1880 1840 1913 si
1862 1891 1935 1912 non
1955 1879 2034 1925 [leg.
2058 1880 2103 1920 ei]
2124 1879 2171 1913 sit
2194 1880 2308 1913 mani-

440 1949 529 1981 festa
560 1960 665 1981 causa
696 1948 899 1990 di[s]cendi,
930 1960 972 1980 ex
1002 1960 1070 1993 qua
1102 1948 1301 1981 secundum
1334 1947 1508 1980 Hilarium
1537 1947 1745 1992 accipienda
1767 1953 1823 1980 est
1851 1946 2093 1991 intelligentia
2114 1946 2305 1988 dictorum,

442 2015 690 2048 discretiorem
714 2021 747 2047 et
767 2015 882 2060 magis
899 2015 1132 2047 exercitatum
1150 2014 1334 2055 consulat,
1358 2015 1388 2047 si
1410 2026 1496 2047 vero
1518 2026 1591 2047 non
1611 2014 1720 2046 suerit
1739 2013 1940 2054 inventum,
1959 2013 2154 2058 quomodo,
2173 2019 2309 2046 utrum-

442 2094 510 2126 que
545 2081 652 2114 simul
687 2088 781 2114 stare
815 2081 943 2126 possit,
980 2081 1017 2114 id
1051 2081 1195 2114 illorum
1232 2081 1354 2126 eligat,
1388 2081 1485 2126 quod
1520 2081 1636 2126 magis
1670 2092 1873 2113 consonum
1905 2079 2047 2113 veritati
2075 2079 2306 2124 judicaverit.

442 2148 603 2181 Alterum
620 2160 706 2181 vero
724 2160 790 2181 nos
811 2148 881 2193 ipsi
902 2159 1215 2189 revocaveramus,
1233 2148 1288 2189 [si]
1312 2147 1393 2180 talis
1411 2147 1593 2180 discordia
1615 2146 1722 2180 nobis
1739 2153 1960 2180 occurreret.
1981 2159 1996 2177 »
2020 2147 2063 2179 Et
2078 2146 2307 2191 Augustinus

443 2214 535 2246 libro
556 2214 716 2247 secundo
733 2220 856 2247 contra
874 2215 1102 2248 Cre-§conium
1120 2215 1398 2259 grammaticum
1415 2214 1657 2254 Donatistam‚
1676 2217 1765 2258 [cap.
1783 2214 1836 2253 40]
1857 2224 1864 2245 :
1889 2226 1905 2243 «
1928 2213 2018 2256 Ego,
2036 2212 2165 2257 inquit,
2184 2211 2307 2246 literas

444 2281 612 2326 Cypriani
632 2293 704 2313 non
726 2287 764 2313 ut
783 2281 974 2313 canonicas
995 2280 1123 2322 habeo,
1143 2281 1208 2314 sed
1230 2293 1290 2313 eas
1312 2293 1354 2313 ex
1375 2280 1560 2314 canonicis
1576 2279 1784 2321 considero,
1803 2286 1839 2312 et
1858 2278 1956 2323 quod
1976 2279 2013 2311 in
2033 2279 2086 2311 eis
2104 2278 2306 2312 divinarum

446 2348 702 2392 scripturarum
723 2348 923 2380 auctoritati
945 2348 1126 2392 congruit,
1150 2359 1229 2380 cum
1252 2347 1358 2380 laude
1380 2348 1459 2392 ejus
1481 2347 1636 2392 accipio;
1660 2346 1758 2391 quod
1783 2352 1901 2379 autem
1928 2357 2001 2378 non
2022 2345 2205 2390 congruit,
2225 2357 2306 2378 cum

447 2426 531 2458 pace
552 2414 630 2458 ejus
652 2425 796 2458 respuo.
820 2427 836 2444 ³>
859 2415 902 2446 Et
922 2414 1012 2446 infra
1033 2414 1082 2454 [in
1104 2414 1184 2447 eod.
1207 2418 1298 2459 cap.]
1327 2426 1333 2446 :
1363 2428 1378 2445 «
1401 2414 1479 2447 Viri
1511 2413 1620 2458 hujus
1646 2412 1789 2445 laudem
1819 2411 1966 2456 assequi
1996 2423 2069 2444 non
2089 2411 2205 2453 valeo,
2228 2412 2307 2456 ejus

450 2479 569 2512 multis
600 2479 731 2512 litteris
760 2491 836 2512 mea
867 2480 999 2525 scripta
1031 2492 1104 2512 non
1134 2492 1316 2525 comparo,
1346 2481 1425 2525 ejus
1453 2479 1642 2525 ingenium
1671 2478 1799 2523 diligo,
1828 2479 1907 2523 ejus
1937 2489 2000 2510 ore
2031 2478 2206 2519 delector,
2228 2478 2308 2523 ejus

448 2546 627 2578 caritatem
650 2546 773 2587 miror,
796 2547 874 2590 ejus
896 2547 1100 2591 martyrium
1119 2559 1286 2588 veneror,
1309 2546 1377 2579 hoc
1399 2546 1496 2591 quod
1517 2546 1620 2579 aliter
1641 2545 1760 2590 sapuit
1780 2556 1853 2577 non
1873 2544 2024 2589 accipio,
2050 2545 2132 2589 quia
2154 2544 2308 2578 ecclesia

449 2624 521 2645 non
542 2612 682 2656 accipit,
705 2624 768 2656 pro
790 2624 857 2656 qua
879 2613 1091 2657 sanguinem
1113 2614 1216 2646 fudit.
1241 2627 1257 2644 »
1282 2615 1323 2646 Et
1343 2613 1438 2646 idem
1460 2612 1689 2658 Augustinus
1709 2610 1804 2644 libro
1825 2611 1942 2656 primo
1961 2622 2068 2656 super
2084 2612 2244 2645 Genesim
2262 2610 2309 2644 ad

448 2679 608 2713 litteram
629 2690 757 2711 versus
778 2678 883 2710 finem
906 2683 993 2723 [cap.
1019 2681 1072 2720 37]
1096 2691 1102 2712 τ
1128 2694 1144 2711 <‹
1166 2681 1207 2712 In
1234 2680 1355 2721 rebus,
1383 2679 1512 2724 inquit,
1536 2678 1704 2712 obscuris
1724 2684 1831 2722 atque
1851 2689 1869 2710 a
1890 2678 2027 2711 nostris
2048 2677 2165 2711 oeulis
2191 2689 2309 2711 remo-

450 2745 612 2785 tissimis,
635 2745 665 2777 si
687 2757 753 2789 qua
776 2745 877 2776 etiam
901 2745 1019 2777 divina
1041 2746 1173 2791 scripta
1194 2746 1407 2791 legerimus,
1431 2757 1500 2790 que
1523 2745 1663 2790 possint
1685 2744 1781 2777 salva
1802 2744 1886 2785 fide,
1905 2756 1973 2789 qua
1994 2744 2202 2786 imbuimur,
2220 2744 2307 2778 alias

450 2818 484 2844 et
504 2811 590 2844 alias
611 2823 737 2855 parere
759 2811 968 2851 sententias,
991 2812 1027 2843 in
1050 2812 1183 2845 nullam
1205 2824 1326 2845 earum
1349 2824 1415 2845 nos
1436 2812 1483 2844 ita
1504 2811 1670 2856 precipiti
1691 2810 1926 2843 affirmatione
1955 2811 2186 2856 proiciamus,
2208 2817 2247 2844 ut
2276 2810 2307 2844 si

449 2878 539 2910 sorte
570 2877 781 2922 diligentius
812 2877 975 2909 discussa
998 2879 1129 2911 veritas
1160 2891 1235 2912 eam
1264 2885 1360 2911 recte
1389 2878 1683 2911 labefactaverint
1702 2889 1926 2918 corruamus,
1949 2889 2022 2911 non
2044 2890 2108 2923 pro
2130 2876 2328 2911 sententia·
