2488 3386
447 345 509 376 154
1020 353 1336 375 CHARTULARIUM
1371 351 1556 373 umvsns.
1593 351 1720 372 rmus.
2206 334 2305 371 [1366

446 434 542 472 parte
573 428 750 460 dictorum
781 434 939 460 actorum
973 427 1088 459 extitit.
1122 427 1361 471 propositum,
1395 425 1504 470 quod,
1539 425 1624 457 licet
1648 424 1691 457 ab
1717 424 1864 468 antiquo
1891 424 1927 455 in
1960 423 2053 455 dicta
2083 422 2304 455 carnificeria

446 501 570 527 essent
596 500 631 526 et
658 505 740 526 esse
764 493 940 526 deberent
966 505 1117 525 numero
1139 500 1218 525 octo
1245 492 1434 525 carnifices
1457 492 1635 524 dumtaxat
1660 490 1717 523 vel
1738 490 1846 529 circa,
1872 490 1958 523 licet
1978 490 2083 522 etiam
2107 502 2169 535 per
2189 496 2306 523 certas

446 561 693 593 ordinationes
715 561 834 605 regias
856 572 972 604 nuper
993 560 1126 592 editas⁵
1149 559 1337 592 carnifices
1360 559 1453 591 dicte
1475 558 1700 590 carnificerie
1721 558 1852 598 fossas,
1875 557 2016 589 cloacas
2037 568 2101 589 seu
2123 556 2307 590 stillicidia

446 628 482 659 in
505 627 580 659 suis
602 626 770 659 domibus
790 626 847 659 vel
868 626 1023 671 jardinis
1049 625 1182 658 habere
1206 638 1277 657 non
1303 624 1477 657 deberent
1502 624 1545 656 ad
1566 636 1732 656 cruorem
1757 636 1821 657 seu
1849 623 2062 668 sanguinem
2085 623 2305 665 animalium,

447 710 516 742 que
541 697 755 730 occidebant
781 704 816 730 et
841 697 1023 738 occidunt,
1050 696 1313 741 recipiendum,
1343 708 1408 728 nec
1435 695 1568 727 dictum
1600 706 1766 728 cruorem
1796 707 1860 728 seu
1891 695 2106 739 sanguinem
2133 701 2193 727 aut
2219 694 2307 728 alias

446 764 697 796 immundicias
719 764 896 796 dictorum
918 763 1122 796 animalium
1147 763 1182 795 in
1204 763 1309 795 dictis
1327 763 1404 794 suis
1426 761 1608 803 domibus,
1627 761 1760 794 cloacis
1778 773 1842 794 seu
1858 762 1970 794 fossis
1991 762 2147 794 retinere
2168 768 2227 794 aut
2244 773 2308 806 per

447 831 629 864 stillicidia
646 831 809 863 emittere
827 837 861 862 et
877 830 913 862 in
930 830 1047 862 vicum
1067 829 1243 874 projicere
1261 841 1331 861 non
1356 835 1507 873 possent
1526 828 1583 861 vel
1601 828 1790 869 deberent,
1807 828 1876 861 sub
1897 828 2006 861 certis
2024 829 2127 873 penis
2148 829 2184 860 in
2201 829 2308 862 dictis

447 897 738 930 ordinationibus
763 896 942 929 contentis
964 896 1139 928 adversus
1168 907 1230 927 seu
1258 902 1382 927 contra
1403 895 1579 927 dictaru1n
1601 895 1869 928 ordinationum
1896 895 2110 928 infractores
2132 907 2196 940 pro
2222 907 2309 940 qua-

447 963 535 996 libet
555 964 632 996 vice
652 975 720 1007 qua
741 963 918 995 contraria
935 963 1093 994 facerent
1115 962 1296 1006 impositis
1319 968 1353 994 et
1373 961 1535 1002 inflictis,
1559 961 1818 995 nichilominus
1840 962 1926 994 dicti
1947 962 2136 995 carnifices
2157 968 2259 995 erant
2274 968 2310 995 et

447 1036 531 1062 sunt
551 1030 594 1062 ad
615 1041 767 1074 presens
788 1029 824 1061 in
846 1029 938 1061 dicta
960 1028 1181 1061 carnificeria
1208 1028 1353 1072 triginta
1381 1035 1534 1072 quatuor
1561 1028 1618 1061 vel
1645 1029 1753 1076 circa,
1775 1035 1810 1061 et
1836 1029 1880 1061 de
1908 1028 1966 1061 die
1996 1029 2033 1061 in
2062 1029 2156 1061 diem
2182 1040 2307 1061 eorum

446 1108 635 1128 numerum
657 1095 881 1128 excessivum
904 1101 1136 1139 augmentare
1160 1094 1367 1127 nitebantur
1388 1101 1421 1127 et
1443 1095 1621 1136 nituntur,
1646 1095 1885 1140 animaliaque
1909 1095 1945 1127 in
1972 1095 2065 1128 dicta
2086 1095 2309 1128 carnificeria

446 1162 589 1195 vendita
610 1169 645 1194 et
662 1161 851 1194 vendenda
873 1161 909 1193 in
938 1161 1095 1206 propriis
1117 1161 1286 1193 domibus
1314 1161 1540 1202 occidebant,
1563 1168 1599 1194 et
1623 1162 1784 1206 ipsorum
1814 1174 1980 1194 cruorem
2007 1174 2071 1195 seu
2094 1162 2309 1207 sanguinem

446 1241 525 1261 cum
556 1228 722 1273 pluribus
752 1227 832 1260 aliis
859 1239 983 1260 eorum
1015 1228 1261 1260 immundiciis
1292 1240 1356 1273 per
1383 1235 1479 1261 certa
1506 1228 1690 1261 stillicidia
1720 1228 1764 1261 ad
1794 1228 1861 1262 hoc
1887 1235 1966 1274 apta
1995 1236 2030 1262 et
2056 1235 2243 1274 preparata
2272 1228 2309 1262 in

446 1295 578 1327 dictum
604 1294 722 1328 vicum
746 1300 816 1334 tam
837 1294 881 1326 de
903 1300 1008 1327 nocte
1035 1306 1139 1338 quam
1166 1294 1210 1326 de
1238 1294 1296 1327 die
1323 1295 1470 1327 assidue
1493 1295 1721 1340 projecerant
1741 1302 1776 1328 et
1803 1295 2055 1340 projiciebant,
2078 1295 2201 1340 plures
2221 1307 2309 1329 vero

445 1362 488 1393 de
515 1361 621 1394 (lictis
650 1361 897 1393 immundiciis
925 1361 961 1392 in
987 1361 1064 1393 suis
1093 1361 1226 1393 cloacis
1254 1368 1289 1394 et
1314 1362 1424 1394 fossis
1451 1362 1687 1395 includebant
1708 1369 1743 1395 et
1764 1362 2002 1408 reponebant,
2024 1374 2067 1395 ex
2089 1362 2223 1407 quibus
2243 1374 2309 1395 seu

445 1434 592 1472 propter
612 1439 681 1472 que
703 1439 763 1460 aer
784 1439 848 1472 per
870 1434 979 1460 totum
1002 1428 1119 1460 vicum
1148 1413 1348 1472 predictum
1378 1435 1412 1461 et
1439 1429 1507 1462 alia
1536 1429 1614 1462 loca
1637 1430 1893 1463 circumvicina
1915 1429 2090 1474 pestilans
2114 1441 2154 1462 ac
2174 1429 2309 1463 fetidus

446 1493 664 1527 reddebatur
684 1501 719 1526 et
735 1494 975 1538 periculosus.
999 1494 1077 1537 Que
1098 1495 1187 1527 sacta
1208 1495 1350 1527 fuerant
1371 1502 1405 1528 et
1428 1502 1530 1528 erant
1550 1496 1586 1528 in
1608 1496 1785 1529 dictorum
1808 1503 1966 1529 actorum
1986 1503 2021 1529 et
2040 1496 2191 1529 aliorum
2213 1495 2309 1529 habi-

446 1561 593 1593 tantium
614 1560 816 1601 horrorem,
839 1572 947 1605 grave
968 1572 1161 1605 corporum
1179 1573 1327 1594 suorum
1346 1562 1547 1607 periculum
1565 1575 1604 1595 ac
1622 1563 1862 1608 prejudicium
1883 1575 1955 1595 non
1973 1562 2167 1604 modicum,
2185 1569 2308 1596 contra

443 1627 556 1659 dictas
586 1626 833 1659 ordinationes
863 1633 998 1659 temere
1031 1627 1212 1660 veniendo
1241 1640 1279 1660 ac
1311 1640 1422 1673 penas
1449 1629 1485 1661 in
1519 1630 1657 1662 eisdem
1691 1636 1880 1662 contentas
1910 1629 2159 1674 multipliciter
2187 1629 2310 1662 incur-

446 1693 571 1734 rendo,
595 1700 633 1725 ut
653 1692 833 1726 dicebant.
855 1694 974 1736 Quare
997 1694 1168 1738 petebant
1188 1695 1304 1727 dictos
1325 1696 1516 1729 carnifices
1537 1697 1580 1729 ad
1603 1709 1793 1729 numerum
1821 1697 2007 1742 antiquum
2035 1696 2173 1738 reduci,
2195 1696 2309 1741 ipsos-

443 1771 512 1804 que
536 1759 794 1804 condempnari
816 1766 851 1792 et
869 1760 1038 1805 compelli
1064 1761 1107 1793 ad
1134 1762 1373 1794 occidendum
1401 1769 1436 1795 et
1464 1753 1728 1808 preparandu'm
1758 1763 1927 1796 decetero
1951 1769 2049 1796 extra
2070 1762 2189 1796 villam
2210 1762 2309 1795 Pari-

443 1826 601 1858 siensein
632 1826 668 1858 in
698 1825 777 1858 loco
806 1826 849 1858 ad
879 1826 946 1859 hoc
974 1833 1056 1871 apto
1087 1827 1180 1860 dicta
1208 1840 1272 1861 sua
1300 1829 1466 1862 animalia
1493 1830 1530 1862 in
1561 1830 1655 1863 dicta
1684 1830 1908 1863 carnificeria
1936 1829 2138 1871 vendenda,
2167 1840 2310 1862 necnon

443 1892 706 1925 obstruendum
735 1904 800 1925 seu
829 1892 968 1926 obstrui
995 1894 1199 1927 faciendum
1229 1896 1305 1928 suis
1335 1896 1493 1941 propriis
1529 1896 1735 1942 sumptibus
1770 1904 1805 1930 et
1839 1897 2011 1942 expensis
2039 1896 2153 1929 dictas
2183 1907 2309 1929 eorum

442 1958 581 1991 cloacas
609 1965 644 1991 et
669 1959 787 1991 fossas
813 1959 857 1992 de
887 1959 946 1992 tali
974 1961 1133 2001 materia,
1156 1962 1253 2006 quod
1279 1962 1448 1995 decetero
1472 1963 1726 1997 immundicias
1754 1964 1934 2009 predictas
1957 1970 2018 1996 aut
2044 1963 2182 2008 aliquid
2211 1962 2310 1996 aliud
2348 1990 2351 1993 ,

443 2037 515 2057 non
536 2025 712 2069 recipiant
731 2032 791 2058 aut
813 2026 973 2070 recipere
994 2027 1148 2069 valeant,
1170 2040 1311 2061 necnon
1339 2029 1383 2062 ad
1413 2030 1685 2063 demoliendum
1712 2043 1750 2063 ac
1781 2030 2043 2064 destruendum
2066 2030 2159 2063 dicta
2183 2041 2309 2062 eorum

443 2091 639 2132 stillicidia,
670 2091 813 2136 sibique
844 2104 908 2136 per
933 2093 1062 2126 dictam
1089 2095 1224 2127 curiam
1251 2102 1408 2128 nostram
1437 2097 1506 2129 sub
1528 2098 1637 2130 certis
1658 2098 1800 2143 magnis
1821 2098 1925 2142 penis
1947 2096 2118 2138 inhiberi,
2140 2107 2185 2129 ne
2206 2095 2311 2129 dece-

443 2164 519 2190 tero
548 2158 724 2202 premissa
752 2165 812 2191 aut
840 2158 958 2203 aliqua
986 2161 1249 2204 premissorum
1278 2163 1515 2204 committant,
1545 2164 1610 2197 sed
1638 2164 1681 2197 ab
1711 2165 1866 2209 inceptis
1897 2164 2042 2209 penitus
2072 2169 2107 2196 et
2134 2169 2309 2208 perpetuo

444 2224 633 2265 desistant,
655 2224 828 2269 ipsosque
850 2231 885 2258 et
910 2237 1034 2258 eorum
1063 2227 1230 2272 singulos
1258 2229 1294 2261 in
1321 2230 1478 2263 solidum
1508 2231 1552 2263 ad
1582 2230 1649 2264 hoc
1678 2238 1713 2264 et
1742 2232 1785 2264 ad
1816 2230 2081 2264 emendandum
2112 2229 2219 2262 nobis
2243 2240 2309 2274 pro

444 2289 605 2334 qualibet
630 2291 721 2331 vice,
743 2303 811 2335 qua
832 2292 1009 2336 premissa
1029 2295 1302 2335 commiserunt,
1331 2296 1375 2328 de
1404 2298 1591 2342 sexaginta
1616 2297 1746 2331 solidis
1775 2299 1899 2343 paris,
1922 2304 1982 2330 aut
2007 2297 2052 2329 de
2077 2296 2138 2329 tali
2160 2295 2311 2329 emenda

445 2356 541 2400 quali
562 2357 661 2389 curie
689 2364 812 2390 nostre
832 2358 1027 2401 videbitur,
1054 2372 1196 2393 necnon
1217 2362 1254 2394 in
1275 2364 1446 2407 expensis
1467 2371 1628 2397 actorum
1659 2365 1904 2410 predictorum
1933 2363 2206 2408 condempnari,
2229 2362 2311 2407 plu-

445 2422 545 2455 ribus
567 2423 646 2455 aliis
667 2423 874 2457 racionibus
894 2437 1004 2470 super
1023 2426 1090 2459 hoc
1112 2427 1288 2473 allegatis.

534 2490 584 2521 Ex
614 2496 713 2533 parte
740 2502 825 2523 vero
857 2491 1034 2525 dictorum
1066 2493 1311 2537 defensorum,
1344 2497 1514 2540 quatinus
1544 2498 1706 2543 ipsorum
1738 2497 1938 2543 quemlibet
1967 2496 2149 2542 tangebat,
2177 2506 2310 2541 propo-

445 2555 552 2587 situm
574 2556 690 2588 extitit
710 2568 752 2588 ex
771 2557 937 2599 adverso,
965 2560 1061 2603 quod
1090 2561 1254 2606 religiosi
1280 2563 1433 2607 predicti
1454 2564 1523 2596 soli
1545 2571 1580 2597 et
1606 2565 1643 2597 in
1669 2564 1826 2598 solidum
1847 2565 1891 2597 ad
1917 2576 2059 2597 causam
2080 2561 2310 2596 fundacionis

445 2621 530 2653 dicti
552 2622 608 2653 sui
630 2623 839 2655 monasterii
860 2631 960 2657 erant
981 2626 1111 2670 suique
1128 2628 1412 2671 predecessores
1432 2631 1575 2664 fuerant
1594 2643 1611 2664 a
1633 2638 1730 2664 tanto
1752 2638 1927 2676 tempore,
1945 2631 2043 2676 quod
2064 2630 2108 2663 de
2129 2628 2310 2662 contrario

444 2686 629 2719 hominum
651 2689 823 2722 memoria
844 2702 916 2722 non
937 2691 1090 2733 extabat,
1112 2693 1149 2725 in
1170 2696 1407 2738 possessione
1433 2704 1468 2729 et
1493 2698 1627 2731 saisina
1652 2698 1799 2731 creandi
1820 2705 1855 2730 et
1881 2697 2096 2730 instituendi
2121 2694 2310 2729 carnifices

443 2752 480 2785 in
501 2753 593 2786 dicta
615 2754 836 2787 carnificeria
857 2768 974 2801 usque
999 2758 1043 2790 ad
1072 2758 1175 2791 talem
1203 2767 1238 2793 et
1263 2768 1399 2794 tantum
1425 2775 1629 2806 numerum,
1653 2764 1794 2809 qualem
1817 2764 1887 2797 sibi
1907 2763 2098 2797 videbatur
2119 2761 2307 2807 expedire;

443 2819 529 2852 dicti
556 2820 666 2852 eciam
694 2821 882 2854 carnifices
908 2829 943 2855 et
970 2835 1093 2856 eorum
1125 2826 1408 2870 predecessores
1435 2830 1625 2863 carnifices
1651 2831 1687 2863 in
1718 2831 1814 2863 dieto
1840 2830 1921 2863 loco
1951 2834 2216 2863 consueverant
2245 2838 2309 2872 per

444 2885 560 2918 dictos
582 2886 777 2932 religiosos
793 2889 907 2920 creari
929 2896 964 2921 et
984 2890 1124 2923 institui
1150 2892 1186 2924 in
1209 2893 1268 2925 tali
1292 2901 1327 2926 et
1347 2901 1444 2928 tanto
1466 2908 1630 2939 numero⁷
1649 2897 1746 2942 quali
1767 2897 1905 2930 eisdem
1930 2896 2115 2941 religiosis
2137 2893 2309 2940 expedire

568 2944 607 2967 20.
