2488 3386
212 354 307 390 1379]
978 365 1024 386 DE
1061 365 1301 387 senisMATE.
2008 358 2071 389 565

213 509 339 546 1624
359 528 374 544 «
390 518 556 544 Declaratio
578 517 775 543 Universitatis
791 516 882 542 studii
897 517 991 542 Paris.
1009 519 1091 550 factu
1106 525 1158 552 pro
1180 516 1292 542 domino
1317 520 1412 542 nostro
1441 516 1579 542 Clemente
1598 526 1679 553 papa
1701 519 1820 553 septimo
1841 529 1863 551 »7
1885 519 2071 544 renitentibus

297 567 463 593 nationibus
478 566 593 592 Picard.
613 570 640 592 et
654 565 824 600 Anglicana.

1389 624 1465 652 1379,
1480 624 1538 649 Maii
1551 624 1595 653 22,
1611 625 1656 652 24,
1672 625 1785 650 Parisiis.

300 723 339 754 ln
362 722 508 754 nomine
530 720 689 761 Domini,
716 733 831 753 amen.
855 721 1046 753 Universis
1068 719 1203 753 Christi
1226 719 1395 752 fidelibus
1421 727 1539 752 rector
1565 727 1600 753 et
1628 721 1850 754 [Tniversitas
1882 723 2072 766 magistro-

209 799 284 820 rum
307 794 340 820 et
360 787 582 820 studentium
600 787 760 820 Parisius
782 787 818 819 in
836 786 996 831 qualibet
1016 786 1195 827 facultate,
1215 786 1366 819 salutem
1385 793 1419 819 et
1440 786 1617 819 sinceram
1641 787 1677 818 in
1701 787 1854 819 Domino
1871 788 2068 820 veritatem.

207 854 329 886 Amica
344 854 410 886 Dei
426 854 572 890 veritass
591 866 660 898 que
678 860 762 886 tunc
779 853 823 886 (le
846 860 938 886 terra
956 860 1031 886 orta
1049 860 1116 894 est,
1134 865 1214 885 cum
1227 853 1368 897 justitia
1386 853 1429 885 de
1447 853 1526 885 celo
1544 854 1728 897 prospexit
1751 854 1911 894 [Psalm.‚
1931 865 2070 891 Lxxxm

209 921 314 960 12]....
338 920 427 953 Cum
450 920 562 964 igitur
583 919 732 952 dubium
754 919 862 952 suerit
884 919 1104 963 aliquamdiu
1127 919 1221 952 inter
1248 931 1315 951 nos
1342 931 1452 964 super
1476 919 1568 952 sacto
1591 920 1748 952 rcscenti
1771 919 1960 952 electionis
1983 934 2071 966 pape

206 986 336 1018 summi
358 986 540 1031 pontificis
562 986 732 1031 agitatum
756 992 790 1018 et
811 998 874 1030 per
895 986 1036 1030 aliquos
1058 986 1237 1027 curiosos,
1256 986 1317 1030 qui
1339 992 1462 1018 contra
1485 985 1684 1018 doctrinam
1705 986 1858 1030 apostoli
1877 994 2071 1031 querentes

206 1052 288 1097 plus
314 1065 440 1097 sapere
463 1065 566 1097 quam
590 1059 744 1097 oportet,
773 1064 858 1097 sepe
881 1053 924 1085 de
946 1052 1016 1085 hiis
1038 1064 1107 1097 que
1130 1065 1201 1084 non
1225 1052 1373 1085 multum
1401 1052 1598 1097 expediunt
1626 1053 1862 1097 disceptatum
1894 1065 1899 1085 τ
1928 1055 2071 1087 tandem

205 1119 248 1152 ad
278 1120 610 1159 commonitionem,
638 1120 897 1151 exortationem
930 1126 964 1151 et
992 1119 1265 1163 requisitionem
1295 1119 1521 1152 serenissimi
1551 1126 1584 1151 et
1610 1119 1865 1164 benignissimi
1897 1121 2071 1165 principis

206 1185 342 1218 domini
365 1186 481 1218 nostri
502 1185 626 1218 Karoli
645 1185 710 1218 Dei
732 1185 846 1230 gratia
869 1186 966 1230 regis
989 1187 1220 1225 Francorum,
1245 1186 1296 1217 rei
1323 1192 1357 1218 et
1384 1185 1548 1218 utilitatis
1574 1185 1717 1230 publice
1747 1186 1928 1231 magnifici
1955 1187 2071 1220 (lirec-

206 1252 308 1292 toris,
340 1263 451 1296 super
480 1251 548 1284 hoc
578 1252 716 1296 pluries
747 1252 972 1296 congregati,
1001 1258 1136 1284 matura
1168 1251 1432 1284 deliberatione
1461 1259 1495 1284 et
1527 1252 1782 1285 informatione
1810 1253 2003 1286 sufficienti
2032 1266 2070 1286 ac

205 1317 372 1362 diligenti
404 1325 470 1350 tam
498 1318 593 1362 juris
624 1330 729 1362 quam
757 1318 839 1350 sacti
871 1317 1068 1362 prehabita,
1101 1331 1143 1350 ex
1172 1319 1273 1363 puris
1302 1318 1484 1351 mentibus
1511 1325 1546 1351 et
1574 1318 1673 1351 nullo
1700 1323 1880 1359 ar[c]tante
1907 1327 2069 1352 nostrum

199 1384 378 1428 judicium
401 1383 471 1416 nisi
493 1385 581 1425 Deo,
605 1384 648 1416 ad
671 1396 815 1416 omnem
837 1385 1047 1429 scrupulum
1070 1385 1114 1417 de
1135 1385 1309 1417 cordibus
1338 1385 1498 1418 fidelium
1528 1392 1562 1417 et
1587 1385 1860 1430 disceptationis
1887 1387 2069 1419 materiam

203 1450 459 1495 amputandum
492 1451 806 1491 concordavimus7
837 1451 1111 1492 declaravimus7
1139 1452 1460 1485 determinavimus
1488 1452 1734 1497 nosmetipsos
1767 1453 1803 1484 in
1836 1454 1979 1485 modum
2009 1454 2069 1498 qui

203 1517 369 1561 sequitur
390 1524 424 1550 et
444 1517 480 1549 in
501 1517 650 1549 formam
675 1529 681 1549 :

291 1583 472 1617 Videlicet
502 1584 599 1628 quod
633 1596 726 1616 anno
757 1597 775 1616 a
810 1584 999 1617 Nativitate
1034 1585 1198 1629 ejusdem
1234 1586 1379 1617 Domini
1414 1585 1609 1618 millesimo
1642 1587 1897 1619 trecentesimo
1928 1594 2071 1631 septua-

203 1651 343 1696 gesimo
365 1663 475 1692 nono,
498 1651 697 1683 indictione
717 1651 889 1691 secunda,
913 1651 970 1683 die
991 1651 1162 1684 vicesima
1188 1652 1348 1684 secunda
1376 1653 1510 1685 mensis
1537 1653 1633 1693 Maii7
1658 1653 1888 1697 pontificatus
1920 1654 2071 1686 sanctis-

203 1716 285 1750 simi
305 1717 342 1749 in
364 1716 510 1750 Christo
532 1717 643 1761 patris
666 1723 700 1749 et
721 1717 857 1749 domini
880 1718 994 1750 nostri
1017 1718 1154 1750 domini
1176 1718 1376 1751 Clementis
1404 1719 1524 1751 divina
1552 1719 1779 1763 providentia
1808 1732 1897 1764 pape
1926 1721 2069 1764 septimi

203 1795 295 1816 anno
318 1784 446 1828 primo,
470 1784 507 1815 in
528 1783 598 1815 mei
620 1784 749 1816 notarii
772 1783 907 1828 publici
929 1784 1147 1828 testiumque
1171 1784 1458 1829 subscriptorum
1484 1793 1630 1830 propter
1650 1786 1717 1818 hoc
1740 1786 1946 1831 specialiter
1966 1799 2069 1819 voca-

204 1856 321 1883 torum
344 1857 378 1883 et
405 1857 614 1895 rogatorum
637 1851 819 1894 presentia
842 1851 1082 1895 personaliter
1103 1851 1311 1884 constitutis
1334 1852 1606 1885 venerabilibus
1629 1860 1662 1885 et
1683 1853 1956 1899 circumspectis
1982 1854 2069 1886 viris

204 1916 362 1949 dominis
384 1923 419 1949 et
439 1916 622 1961 magistris
642 1928 648 1949 :

291 2015 424 2040 Johanne
448 2014 588 2044 Stralenl.
610 2016 714 2040 rectore
738 2016 931 2042 universitatis
949 2016 1103 2049 magistro-
1243 2017 1420 2043 Goddcfrido
1437 2018 1510 2044 Bake
1526 2017 1619 2052 [Beke]
1636 2018 1771 2047 l’icardie,

203 2069 270 2088 rum
286 2063 314 2087 et
329 2062 483 2087 scolarium
498 2062 620 2087 Parisius
635 2062 829 2092 studentium,
1241 2065 1374 2091 Johanne
1390 2066 1540 2091 Pertuisou
1556 2066 1719 2094 Nomnanie,

291 2109 452 2135 Guillermo
467 2109 545 2135 dicto
558 2109 584 2135 le
599 2109 672 2135 Dos²
688 2110 844 2139 Gallicane,
1242 2115 1270 2139 et
1283 2113 1416 2139 Johanne
1431 2114 1466 2140 de
1482 2114 1647 2147 Magu11tia³³
1663 2114 1830 2146 Anglicane,

203 2185 358 2210 nationum
373 2185 621 2218 procuratoribus,
638 2186 773 2212 facientes
792 2185 851 2220 (sic)
867 2187 1022 2220 collegium
1038 2188 1182 2221 facultatis
1198 2189 1314 2220 artium;

290 2275 423 2300 Johanne
437 2275 473 2301 de
489 2275 679 2305 Bellomonte.
1239 2280 1371 2305 Johanne
1387 2280 1504 2309 Croizic,

291 2323 424 2349 Gervasio
439 2323 605 2353 Christiani,
1239 2327 1322 2352 Petro
1339 2327 1500 2355 Bouscheti,

290 2371 398 2397 Herveo
413 2372 570 2402 Camaroti,
1239 2375 1394 2408 Radulpho
1408 2375 1443 2401 de
1459 2375 1572 2403 lterhes.

291 2422 374 2447 Petro
390 2422 522 2451 Beliardi,
1240 2426 1268 2449 ct
1284 2424 1417 2449 Guidoue
1433 2424 1563 2452 Cum-ini,

290 2469 402 2495 Nicolao
417 2470 452 2495 de
466 2470 605 2499 oliverus.

203 2544 346 2576 magistris
359 2544 389 2570 in
399 2545 536 2578 facultate
551 2546 680 2572 medicine
695 2548 724 2572 et
736 2547 871 2573 facientes
886 2548 1042 2580 collegium
1057 2547 1131 2573 dicte
1145 2548 1304 2577 facultatis:

291 2631 424 2658 Gervasio
440 2633 606 2666 Boysouche
621 2634 739 2663 decano,
1237 2636 1370 2661 Johanne
1385 2636 1552 2668 (japitisberi
1566 2636 1683 2669 [Capitis
1698 2637 1901 2668 Bituricensis].

290 2680 423 2707 Johanne
437 2681 473 2707 de
488 2682 661 2712 Bornasesso,
1238 2685 1360 2710 llenrico
1379 2686 1471 2711 Beuve
1483 2685 1500 2714 2,

291 2727 417 2760 Symone
431 2729 466 2754 de
482 2729 656 2759 Cramaudo,
1237 2734 1320 2759 Petro
1336 2733 1448 2762 Bloudi,

291 2776 374 2802 Petro
389 2777 424 2802 de
437 2777 661 2808 Themericuria,
1237 2784 1264 2807 et
1279 2782 1361 2807 Petro
1376 2782 1411 2807 de
1427 2782 1613 2815 Lupimonte,

290 2824 424 2851 Johanne
440 2826 584 2856 Balduini‚

201 2899 368 2925 doctoribus
383 2899 413 2925 in
428 2900 564 2934 facultate
578 2901 746 2928 decretorum
762 2903 954 2937 facientesque
972 2905 1128 2938 collegium
1142 2905 1270 2938 predicte
1288 2906 1445 2934 facultatis:
