2488 3386
173 319 269 356 1354]
589 332 635 353 AB
669 331 774 353 ΑΝΝΟ
808 331 939 353 mcch
973 331 1103 359 USQUE
1138 331 1185 352 An
1221 331 1484 353 REM-:nicrum
1520 333 1608 353 xui.
1991 324 2031 355 21

170 405 317 445 siensis,
340 412 510 450 regentes
538 405 574 437 in
605 405 738 449 prefata
765 405 892 436 artium
924 404 1089 437 facultate
1120 410 1152 436 te
1178 416 1257 435 cum
1280 403 1495 447 quibusdam
1518 405 1597 437 aliis
1619 406 1829 438 doctoribus
1852 407 1885 438 in
1908 408 2030 439 eadem

170 471 351 516 theologia
373 471 440 503 sub
461 483 552 516 pena
569 471 765 515 juramenti
787 470 939 515 predicti
960 470 1002 502 ad
1025 482 1124 502 suam
1146 470 1311 501 fecerunt
1331 471 1548 513 presentiam
1569 472 1723 509 evocari,
1743 479 1777 504 et
1798 472 1916 504 minus
1937 485 2033 505 vera-

169 537 258 570 citer
278 537 536 582 pretendentes
557 537 653 581 quod
685 544 721 569 tu
750 549 829 569 cum
858 536 938 569 aliis
970 536 1153 581 theologie
1183 535 1367 580 magistris
1395 543 1491 568 certa
1523 543 1651 569 statuta
1682 544 1765 569 tunc.
1797 549 1966 581 expressa
1997 539 2032 570 in

168 603 332 636 facultate
354 603 537 647 theologie
558 604 709 643 feceras,
727 609 786 635 aut
806 614 846 635 ea
867 602 1082 635 facientibus
1104 601 1296 634 consilium
1316 608 1351 634 et
1370 602 1541 634 auxilium
1561 602 1714 635 dederas
1735 603 1771 634 in
1794 604 2030 647 prejudicium

168 670 328 714 ipsorum
351 669 606 714 magistrorum
629 676 664 701 et
684 669 876 701 scolarium
899 669 1026 701 artium
1050 668 1291 713 predictarum
1315 674 1348 700 et
1375 675 1565 712 propterea
1587 669 1784 712 perjurium
1812 669 2032 710 incurreras,

168 735 231 768 tibi
263 736 300 767 in
327 747 452 768 eorum
484 735 665 780 presentia
694 735 891 767 constituto
923 740 1165 779 preceperunt
1197 740 1235 766 ut
1266 745 1376 778 super
1406 733 1473 765 hoc
1503 735 1747 778 peremptorie
1775 735 2032 779 responderes,

167 809 277 846 tuque
298 801 391 834 bona
412 801 483 834 fide
504 801 714 834 existimans
735 813 807 833 non
830 801 944 833 teneri
966 801 1009 833 ad
1035 801 1086 833 sic
1109 800 1293 844 proposita
1320 800 1556 844 respondere,
1581 801 1771 844 presertim
1794 801 1872 833 sine
1895 801 2032 833 delibe—

167 868 269 900 randi
291 868 406 912 spatio
427 870 661 912 competenti,
682 868 779 912 quod
807 867 870 900 tibi
897 879 961 912 per
982 879 1045 899 eos
1067 867 1143 899 dari
1165 878 1327 911 congrue
1354 866 1502 910 petiisti,
1527 866 1767 899 incontinenti
1789 879 1861 899 non
1883 879 2034 911 respon-

166 934 263 971 disti,
285 934 355 979 ipsi
377 940 547 979 regentes
569 941 602 967 te
623 946 702 966 cum
726 933 806 966 aliis
828 933 1040 965 doctoribus
1058 939 1092 965 et
1108 932 1294 977 magistris
1311 932 1427 976 ipsius
1444 944 1545 964 sacre
1568 932 1701 976 pagine
1724 932 1841 965 taliter
1861 934 2031 973 evocatis,

165 1000 209 1033 de
241 1001 332 1033 facto
361 1012 379 1032 a
409 1011 475 1033 suo
503 1000 702 1041 consortio,
731 999 961 1032 libertatibus
994 1006 1029 1031 et
1058 998 1261 1043 privilegiis
1290 1004 1328 1031 ut
1357 999 1524 1042 perjuros
1556 1005 1590 1030 et
1624 998 1789 1039 infames,
1818 998 1973 1031 rebelles
1999 1007 2030 1032 et

164 1066 417 1099 inobedientes
434 1067 667 1111 privaverunt
682 1073 717 1098 et
732 1072 907 1111 perpetuo
926 1071 1196 1110 separaverunt.
1216 1066 1367 1109 Propter
1383 1076 1453 1109 que
1470 1065 1633 1109 magistri
1651 1065 1767 1109 ipsius
1785 1077 1885 1097 sacre
1902 1066 2034 1110 pagine

164 1133 208 1166 de
229 1132 350 1165 studio
372 1132 578 1177 supradicto
600 1133 645 1165 ad
665 1132 788 1165 sedem
810 1132 1043 1176 apostolicam
1066 1131 1305 1176 appellarunt,
1324 1131 1382 1163 cui
1403 1130 1636 1175 appellationi
1660 1137 1693 1163 tu
1718 1131 1821 1163 etiam
1843 1131 2032 1172 adhesisti,

164 1199 207 1232 de
229 1211 297 1243 qua
318 1198 559 1244 appellatione
579 1198 695 1231 adhuc
716 1211 789 1231 non
810 1199 877 1231 suit
897 1198 1003 1243 plene
1025 1198 1245 1238 discussum,
1270 1204 1379 1241 tuque
1401 1197 1533 1229 deinde
1554 1196 1882 1230 archidiaconatum
1899 1198 2032 1231 Vallis-

162 1265 252 1298 virie
273 1265 309 1297 in
331 1265 484 1297 ecclesia
501 1265 773 1298 Constantiensi
795 1271 878 1297 tunc
899 1271 1081 1297 vacantem
1104 1264 1169 1296 tibi
1190 1263 1358 1296 collatum
1380 1263 1479 1296 suisti
1500 1263 1672 1295 canonice
1693 1270 1894 1297 assecutus.
1913 1264 2032 1306 Quare

163 1343 227 1376 pro
249 1338 348 1376 parte
370 1338 427 1364 tua
448 1331 515 1364 fuit
535 1331 641 1363 nobis
662 1330 847 1363 humiliter
868 1331 1108 1375 supplicatum
1131 1337 1181 1370 ut,
1204 1330 1285 1362 licet
1315 1337 1350 1362 tu
1372 1329 1505 1362 nullam
1529 1341 1571 1361 ex
1593 1330 1782 1373 premissis
1805 1330 1953 1374 perjurii
1975 1330 2031 1363 vel

163 1397 263 1430 aliam
292 1404 324 1430 te
346 1397 473 1430 credas
499 1397 673 1430 maculam
701 1397 914 1431 incurrisse.
936 1397 979 1429 ad
1011 1403 1103 1429 tuam
1137 1403 1254 1429 tamen
1283 1396 1541 1428 conscientiam
1571 1396 1807 1428 serenandam
1840 1396 2030 1440 providere

162 1463 226 1496 tibi
254 1475 365 1508 super
384 1463 454 1496 hiis
476 1463 520 1496 de
550 1463 774 1508 benignitate
802 1463 999 1508 apostolica
1021 1463 1267 1507 dignaremur.
1291 1464 1364 1494 Nos
1386 1463 1504 1506 itaque
1527 1462 1597 1494 tuis
1624 1462 1660 1493 in
1687 1461 1751 1494 hac
1774 1468 1872 1506 parte
1893 1462 2032 1506 suppli-

161 1529 364 1563 cationibus
392 1530 566 1570 inclinati,
593 1542 736 1562 omnem
765 1530 910 1562 infamie
941 1529 1114 1562 maculam
1146 1541 1210 1562 seu
1237 1536 1369 1565 notam,
1397 1529 1427 1561 si
1457 1541 1561 1572 quam
1591 1540 1633 1560 ex
1659 1528 1848 1572 premissis
1879 1528 2029 1560 forsitan

161 1596 384 1637 [incurristi],
401 1596 612 1629 auctoritate
633 1596 829 1640 apostolica
852 1596 996 1640 penitus
1018 1595 1219 1634 abolemus,
1240 1602 1344 1639 teque
1366 1595 1409 1627 ad
1430 1595 1555 1627 famam
1579 1594 1766 1639 pristinam
1790 1594 2029 1635 restituimus,

162 1669 277 1695 tecum
304 1662 563 1695 nichilominus
589 1669 627 1695 ut
652 1662 841 1707 premissis
863 1669 898 1695 et
925 1662 1205 1707 quibuscunque
1231 1661 1554 1694 constitutionibus
1584 1661 1774 1693 contrariis
1804 1673 2027 1705 nequaquam

161 1728 401 1769 obstantibus,
420 1728 746 1762 archidiaconatum
769 1729 970 1773 predictum
993 1729 1090 1761 licite
1106 1728 1226 1762 valeas
1249 1728 1405 1761 retinere
1423 1728 1547 1760 eadem
1570 1727 1780 1760 auctoritate
1803 1734 1926 1759 tenore
1949 1739 2028 1771 pre-

160 1795 314 1828 sentium
338 1795 604 1840 dispensamus.
628 1795 724 1827 Nulli
747 1807 850 1840 ergo,
870 1801 933 1828 etc.
958 1797 1034 1827 Dat.
1058 1795 1151 1840 apud
1169 1794 1430 1828 Villamnovam
1453 1794 1623 1827 Avinion.
1648 1794 1741 1826 dioc.
1764 1795 1796 1837 vj
1821 1805 1904 1826 non.
1930 1793 2025 1834 Maii,

159 1873 252 1894 anno
274 1861 448 1894 secundo.

252 1960 314 1990 ch.
330 1960 387 1982 Vnt.
405 1960 504 1982 Comm.
521 1959 664 1982 Innocentii
680 1960 721 1985 Vl,
738 1967 780 1981 an.
798 1960 820 1987 2,
838 1963 865 1981 11⁰
881 1960 934 1988 226,
952 1960 996 1982 sol.
1013 1960 1066 1985 204,
1082 1967 1123 1989 ep.
1139 1960 1191 1981 178.
1208 1972 1237 1975 —
1254 1958 1292 1981 Cf.
1310 1961 1372 1981 tom.
1389 1959 1409 1981 ll
1429 1959 1567 1985 Chartul.,
1586 1958 1695 1980 n01143.

252 2043 274 2068 1.
290 2043 352 2074 Reg.
370 2051 375 2065 ’.
397 2042 601 2073 «propositione
616 2051 637 2065 ».

162 2221 302 2258 1218.
326 2232 444 2257 Errores
460 2240 477 2256 α
496 2231 622 2256 Guidone
638 2231 772 2266 (Aegidio
790 2230 824 2256 dc
840 2231 1007 2264 MedontaP)
1028 2231 1093 2256 ord.
1110 2231 1227 2256 Eremil.
1248 2231 1370 2256 revocati
1386 2231 1414 2256 in
1433 2230 1621 2256 Universitate
1637 2229 1731 2254 Paris.

1400 2313 1476 2342 1354,
1492 2313 1552 2338 Maii
1566 2313 1601 2341 16,
1618 2312 1735 2337 Parisiis.

200 2401 291 2433 Hoc¹
311 2412 405 2433 anno
427 2400 584 2445 legendo
602 2408 637 2433 et
652 2401 910 2445 respondendo
933 2401 1112 2434 ambulavi
1133 2402 1169 2433 in
1191 2401 1332 2445 magnis
1350 2407 1385 2433 et
1403 2399 1631 2432 mirabilibus
1655 2410 1764 2443 super
1785 2411 1853 2438 me,
1872 2397 2020 2431 verbum

154 2467 315 2500 veritatis
337 2479 408 2499 non
430 2473 526 2499 recte
549 2467 744 2508 tractando,
764 2467 828 2500 sed
851 2467 972 2500 verbis
994 2467 1250 2500 contendendo
1272 2467 1431 2511 profanis
1454 2473 1488 2498 et
1507 2465 1726 2509 vaniloquis,
1744 2477 1812 2508 que
1834 2464 1878 2496 ad
1899 2464 2020 2508 impie-

155 2539 259 2565 tatem
289 2540 485 2577 provocant
514 2539 548 2565 et
578 2534 799 2566 audientium
831 2533 1121 2566 subversionem.
1151 2535 1201 2565 Ex
1229 2533 1362 2577 quibus
1389 2534 1502 2566 factus
1531 2544 1609 2564 sum
1633 2531 1774 2563 occasio
1800 2530 1958 2563 scandali
1983 2530 2018 2562 in

155 2599 394 2632 sacratissima
414 2599 580 2632 facultate
602 2606 637 2632 et
661 2600 798 2632 Ordine
819 2612 911 2640 meo,
935 2600 1031 2644 quod
1054 2599 1161 2632 michi
1183 2599 1352 2644 displicet
1372 2598 1467 2630 hono
1490 2598 1611 2630 eorde.
1641 2597 1779 2629 Idcirco
1800 2598 1900 2640 juxta
1927 2596 2016 2640 piam

155 2671 189 2698 et
215 2672 371 2698 Sanctam
398 2665 663 2698 ordinationem
685 2666 820 2698 domiui
849 2666 1053 2698 cancellarii
1084 2666 1313 2703 Parisiensis,
1340 2677 1378 2697 ac
1406 2671 1607 2697 ceterorum
1637 2663 1889 2707 magistrorum
1919 2674 2016 2694 reve-

154 2731 347 2763 rendorum
372 2731 575 2776 theologice
596 2732 787 2772 facultatis,
811 2744 963 2776 quorum
986 2732 1203 2764 correctioni
1225 2738 1257 2764 et
1283 2731 1501 2763 ordinationi
1525 2742 1579 2762 me
1601 2729 1754 2761 submisi
1775 2735 1810 2760 et
1830 2727 2013 2763 submitto,

153 2797 245 2830 dicta
273 2809 349 2830 mea
370 2804 405 2830 et
432 2798 564 2842 scripta
591 2798 673 2831 volo
696 2810 879 2838 revocare,
907 2805 942 2830 et
969 2798 1205 2830 intentionem
1238 2809 1349 2829 meam
1380 2796 1573 2829 ostendere
1605 2795 1748 2834 bonam,
1772 2806 1842 2825 non
1873 2793 2014 2825 obstan—

154 2862 249 2895 tibus
271 2863 377 2896 dictis
397 2870 432 2895 et
452 2864 597 2908 scriptis
618 2864 654 2896 in
675 2865 787 2896 forma
810 2876 879 2908 que
901 2864 1076 2908 sequitur.
1100 2865 1143 2895 Et
1167 2863 1262 2903 licet,
1287 2863 1422 2894 domini
1453 2874 1491 2894 ac
1517 2860 1706 2893 reverendi
1730 2859 1902 2902 magistri,
1926 2859 2011 2890 istas
