2488 3386
466 381 529 412 242
1032 385 1355 409 CHARTULAMUM
1393 383 1582 405 UN1vEns.
1619 381 1747 403 rmus.
2223 368 2322 404 [1379

994 542 1008 556 «
1038 528 1201 558 ROTULns
1230 526 1501 556 {luivsnswssls
1527 523 1749 554 PAnlsustus
1776 535 1792 551 »

1195 622 1230 644 Ad
1247 621 1404 644 Clementem
1419 620 1463 642 VII
1479 619 1586 642 missus.

558 710 613 738 Quo
627 713 743 740 tempore
758 709 859 732 rotulus
873 709 929 735 iste,
947 708 989 739 qui
1004 708 1029 730 in
1043 708 1104 737 Reg.
1122 706 1214 737 Suppl.
1231 709 1269 728 n0⁸
1285 704 1420 727 1428-1433
1433 703 1489 726 sine
1505 703 1644 726 intervallo
1660 703 1851 734 complectitur,
1867 703 2029 734 compositus
2045 706 2070 726 et
2082 703 2219 734 expeditus
2234 702 2320 731 suerit,

465 754 534 777 haud
551 754 625 777 facile
637 754 791 785 dijudicatu.
807 754 835 776 In
851 753 905 784 ejus
920 753 969 775 fine
984 752 1050 774 hunc
1062 750 1174 782 legimus
1190 749 1316 780 temporis
1332 751 1420 771 notam
1437 756 1442 770 2
1458 756 1468 770 κ
1481 748 1537 771 Dat.
1551 747 1648 770 Fundis
1666 755 1698 771 xv
1713 747 1767 771 kal.
1781 747 1941 776 Decembris,
1955 756 1997 771 an.
2013 747 2098 778 primo
2117 755 2139 776 »‚
2154 747 2181 770 id
2197 750 2236 770 est
2251 747 2320 774 1378,

465 799 588 822 Novemb.
611 799 648 821 17.
667 798 785 821 Clemens
803 798 848 820 VII
863 796 961 820 Fundis
982 796 1134 818 morabatur
1153 795 1186 817 ab
1205 802 1246 817 an.
1268 794 1336 822 1378,
1353 793 1425 823 Sept.
1441 793 1480 821 20,
1498 800 1580 823 usque
1602 792 1634 815 ad
1651 792 1721 820 1379,
1734 792 1810 815 Mart.
1826 792 1868 819 30;
1888 795 1929 815 ast
1946 792 2015 815 intra
2033 792 2080 814 hos
2099 799 2200 814 menses
2219 791 2320 814 rotulus

464 842 569 865 minime
587 842 682 865 missus
698 845 745 865 est.
763 842 815 864 Hac
830 843 984 871 tempestate
1003 839 1167 863 Universitas
1190 838 1305 860 nondum
1323 837 1478 860 definiverat
1494 836 1544 859 utri
1561 844 1656 867 papae,
1676 836 1783 859 Urbano
1803 836 1836 859 Vl
1857 836 1896 859 vel
1913 836 2040 859 Clementi
2056 836 2111 865 Vll,
2125 835 2320 859 adhaerendum

464 890 543 914 esset;
560 886 629 918 quod
644 887 806 909 declaratum
821 889 860 908 est
874 885 959 907 solum
974 884 999 907 in
1018 882 1265 914 congregationibus
1281 890 1324 904 an.
1341 882 1409 910 1379,
1426 889 1515 903 mense
1533 880 1609 909 Maio,
1625 880 1709 905 sactis.
1723 881 1860 904 Praeterea
1876 880 1902 903 in
1916 881 2002 903 rotulo
2018 880 2218 903 decretistarum
2233 888 2259 911 p.
2276 880 2322 903 249

462 931 588 954 alluditur
612 930 669 953 istis
691 930 802 960 aliisque
825 928 1072 959 congregationibus
1098 926 1205 950 Parisiis
1230 925 1342 953 habitis;
1357 925 1427 956 quod
1450 928 1578 948 memorat
1592 925 1671 948 etiam
1694 924 1786 956 petitio
1805 924 1926 955 magistri
1941 924 2055 948 Simonis
2072 925 2168 947 Freron
2186 924 2212 947 in
2235 924 2321 948 rotulo

462 975 575 1005 theolog.
592 983 617 1005 p.
634 975 686 1002 247,
711 974 755 996 ubi
777 975 888 996 refertur
903 973 949 995 has
966 971 1182 1003 congregationes
1199 980 1211 992 a
1234 970 1285 992 hiis
1301 969 1394 992 diebus
1413 979 1425 990 »ι
1440 969 1544 992 habitas
1564 977 1630 992 esse.
1650 969 1668 992 E
1687 969 1744 993 Lib.
1762 973 1909 999 procurat.
1932 973 1992 993 nat.
2013 969 2123 999 Anylic.
2145 970 2284 997 muctar„
2300 968 2320 996 1,

462 1028 487 1049 p.
505 1020 558 1048 569,
575 1019 612 1048 17)
627 1018 722 1041 scimus
738 1018 846 1048 insuper
861 1017 979 1039 eumdem
994 1016 1106 1038 rotulum
1124 1023 1165 1038 an.
1186 1015 1254 1040 1379,
1272 1014 1346 1036 Febr.
1362 1014 1401 1042 12,
1417 1013 1533 1036 nondum
1548 1013 1701 1036 conclusum
1716 1013 1806 1036 fuisse.

554 1064 620 1086 Post
641 1070 756 1084 mensem
775 1061 835 1084 Maii
850 1064 951 1084 tantum
969 1068 1010 1083 an.
1028 1061 1087 1082 1379
1106 1059 1207 1082 rotulus
1230 1058 1366 1089 expeditus
1385 1061 1433 1081 est.
1450 1058 1503 1080 Hoc
1516 1066 1546 1080 ex
1558 1057 1613 1088 jam
1629 1057 1705 1080 dictis
1718 1058 1755 1084 ¹de
1776 1057 2025 1088 congregationibus
2042 1065 2130 1080 mense
2144 1057 2206 1080 Maii
2222 1056 2319 1080 habitis

460 1107 549 1137 liquet.
564 1107 701 1129 Praeterea
716 1105 834 1129 Nicasius
848 1105 879 1128 de
894 1104 1082 1135 Regalimonte,
1099 1103 1143 1134 qui
1161 1103 1192 1126 iis
1209 1102 1459 1134 congregationibus
1475 1102 1575 1129 aderat,
1594 1105 1654 1124 tunc
1677 1102 1793 1124 nondum
1811 1101 1894 1124 abbas
1911 1101 1968 1130 suit,
1985 1101 2047 1124 dum
2062 1101 2089 1124 in
2110 1101 2196 1124 rotulo
2218 1101 2320 1125 theolo-

460 1159 552 1181 gorum
565 1150 619 1181 jam
634 1153 662 1172 ut
674 1150 756 1172 abbas
773 1149 935 1172 Elemosinac
948 1148 1121 1179 significatur.
1138 1148 1208 1170 Inter
1224 1147 1365 1178 magistros
1384 1146 1497 1169 nationis
1510 1146 1660 1169 Picardicne
1676 1145 1784 1169 affertur
1796 1146 1930 1169 ,lohannes
1945 1146 1976 1169 de
1991 1145 2068 1173 Beke,
2083 1145 2128 1177 qui
2143 1145 2239 1169 dicitur
2250 1155 2263 1167 «
2277 1145 2318 1168 bis

459 1197 543 1217 rector
558 1203 584 1222 »;
601 1195 645 1217 sed
668 1194 847 1217 tantummodo
870 1201 912 1216 an.
936 1193 1005 1221 1379,
1022 1192 1093 1215 Junii
1114 1193 1153 1221 23,
1168 1201 1181 1213 «
1198 1191 1312 1214 secunda
1328 1190 1384 1214 vice
1404 1200 1417 1212 ι»
1432 1190 1459 1213 in
1474 1193 1602 1213 rectorem
1622 1190 1720 1213 electus
1741 1193 1789 1213 est.
1811 1190 1869 1213 vid.
1886 1198 1967 1221 supra
1983 1194 2011 1212 n⁰
2031 1190 2100 1213 1421.
2118 1190 2200 1213 Immo
2216 1190 2318 1213 rotulus

457 1239 620 1262 solummodo
633 1242 693 1269 post
707 1238 838 1268 Septemb.
855 1238 867 1260 7
883 1237 943 1260 anni
959 1237 1019 1260 1379
1035 1236 1131 1259 missus
1148 1239 1195 1259 est.
1210 1236 1275 1258 Nam
1289 1235 1338 1258 sub
1356 1235 1404 1258 hac
1419 1234 1546 1266 temporis
1564 1238 1625 1258 nota
1641 1234 1759 1258 nationes
1775 1234 1878 1257 Picard.
1894 1237 1919 1258 et
1937 1234 2037 1265 Anglic.
2052 1234 2138 1257 adhuc
2153 1234 2318 1258 difficultates

458 1283 604 1311 movebunt,
621 1286 645 1305 et
658 1282 785 1313 agebatur
800 1282 831 1305 de
845 1281 976 1306 articulis
992 1281 1185 1305 communibus
1205 1282 1242 1309 (n0
1257 1280 1337 1309 1424).
1350 1279 1407 1303 Vid.
1421 1282 1558 1310 praeterea
1574 1283 1602 1302 n⁰
1618 1279 1687 1302 1633.

550 1327 600 1349 Sed
615 1330 682 1350 ante
696 1335 737 1349 an.
758 1327 827 1355 1382,
844 1325 904 1349 Maii
919 1326 956 1352 30,
974 1325 1076 1348 rotulus
1092 1324 1228 1355 expeditus
1244 1327 1296 1352 est;
1314 1324 1363 1346 sub
1380 1324 1429 1346 hac
1445 1323 1513 1346 enim
1534 1323 1661 1354 temporis
1680 1326 1741 1346 nota
1757 1323 1847 1346 Simon
1863 1323 1895 1346 de
1910 1322 2057 1346 Cramaudo
2074 1324 2158 1346 suctus
2178 1325 2218 1346 eat
2235 1322 2318 1354 episc.

457 1372 564 1402 Agenn.,
586 1379 645 1393 cum
663 1374 747 1394 tamen
770 1370 795 1392 in
818 1370 902 1393 rotulo
922 1369 1071 1392 nuntiorum
1088 1372 1112 1391 et
1127 1368 1152 1391 in
1170 1369 1254 1391 rotulo
1276 1370 1324 1391 fac.
1348 1368 1445 1391 decret.
1462 1368 1555 1395 adhuc,
1573 1370 1598 1390 et
1613 1367 1719 1399 quidem
1737 1370 1764 1390 ut
1779 1367 1870 1390 doctor
1890 1367 1986 1390 decret.
2009 1366 2153 1398 inscriptus
2169 1366 2212 1390 sit.
2234 1367 2317 1390 Immo

455 1418 513 1437 ante
536 1423 577 1438 un.
600 1415 668 1444 1381,
685 1415 728 1445 qui
748 1423 831 1437 annus
854 1422 868 1437 a
885 1414 988 1437 Simone
1009 1414 1105 1436 Freron
1128 1413 1154 1435 in
1171 1413 1256 1435 rotulo
1274 1416 1301 1435 ut
1319 1414 1424 1435 futurus
1444 1412 1599 1443 designatur
1621 1413 1657 1443 (p.
1674 1412 1737 1441 247),
1758 1414 1784 1434 et
1804 1412 1895 1434 Petrus
1918 1411 1996 1442 Regis
2020 1411 2068 1434 hoc
2090 1419 2158 1434 anno
2178 1412 2262 1435 factus
2278 1414 2318 1434 est

454 1459 535 1482 abbas
554 1460 580 1483 S.
594 1459 711 1482 Taurini.
728 1460 864 1482 Praeterea
878 1458 1011 1481 ,lohannes
1026 1458 1056 1480 de
1074 1457 1167 1481 Calore
1181 1457 1272 1480 eodem
1295 1465 1362 1479 anno
1375 1457 1514 1480 defunctus
1527 1460 1567 1480 est
1584 1456 1645 1487 (vid.
1663 1460 1692 1479 n⁰
1708 1457 1786 1486 1460),
1804 1464 1863 1479 cum
1879 1459 1966 1479 tamen
1986 1456 2012 1479 in
2032 1456 2119 1479 rotulo
2134 1456 2317 1487 theologorum

455 1504 539 1526 adhuc
558 1507 585 1526 ut
600 1503 772 1526 cancellarius
793 1503 944 1534 designetur
963 1503 1097 1532 (ηο1429).
1120 1502 1201 1525 Immo
1217 1505 1282 1525 ame
1297 1510 1339 1524 an.
1356 1502 1416 1524 1380
1431 1502 1534 1524 rotulus
1556 1501 1589 1523 ad
1612 1500 1712 1523 curiam
1734 1503 1855 1532 portatus
1878 1503 1926 1523 est.
1943 1500 2076 1524 Johannes
2097 1500 2239 1530 Laurentii,
2262 1503 2316 1524 nat.

454 1548 531 1577 Gall„
548 1551 573 1571 et
588 1548 720 1571 Johannes
743 1548 850 1575 Rousse,
871 1551 924 1571 nat.
948 1547 1061 1574 Picard.,
1077 1546 1103 1569 in
1126 1546 1212 1569 rotulo
1229 1549 1336 1576 sperant
1356 1554 1383 1569 se
1404 1545 1566 1568 licentiatum
1587 1545 1620 1568 iri
1641 1545 1666 1568 in
1686 1545 1766 1568 theol.
1789 1544 1842 1568 «in
1864 1544 1973 1568 instanti
1993 1552 2061 1567 anno
2081 1553 2103 1573 »,
2122 1553 2134 1567 α
2153 1544 2179 1568 in
2196 1544 2316 1576 proxima

455 1593 541 1615 sutura
558 1592 720 1623 expeditione
732 1600 753 1620 ι),
770 1592 897 1623 amboque
913 1591 1045 1614 licentiam
1061 1599 1103 1614 an.
1122 1591 1182 1613 1379
1200 1593 1363 1621 receperunt.
1383 1591 1481 1613 Freron
1497 1590 1576 1613 ctiam
1592 1590 1618 1612 in
1638 1589 1724 1612 rotulo
1739 1589 1855 1620 exponit,
1872 1597 1899 1612 se
1918 1598 1929 1612 «
1948 1589 2064 1620 presenti
2080 1597 2148 1612 anno
2166 1597 2178 1612 ι)
2197 1589 2230 1612 ab
2247 1588 2316 1612 unti-

454 1636 586 1659 cardinale
603 1637 690 1665 (Pileo)
706 1636 895 1659 Ravennatensi
911 1636 1019 1658 citatum
1035 1644 1091 1658 esse
1107 1635 1139 1658 ad
1156 1636 1181 1659 11
1197 1635 1328 1663 Octobris,
1344 1643 1354 1657 σι
1369 1643 1398 1657 eo
1414 1634 1483 1665 quod
1500 1638 1569 1657 tenet
1583 1634 1754 1657 conformiter
1767 1634 1799 1656 ad
1812 1633 1950 1657 ecclesiam
1967 1633 2131 1657 Gallicanam
2142 1637 2168 1657 et
2180 1633 2317 1657 Universi-

457 1685 534 1704 tatem
546 1681 577 1704 de
590 1681 714 1703 canonica
731 1680 854 1703 electione
870 1681 902 1703 ad
916 1689 1046 1703 summum
1061 1680 1226 1711 pontificium
1240 1689 1251 1701 »
1263 1679 1502 1706 Clementis..Qu0d
1520 1687 1563 1702 an.
1576 1679 1636 1702 1379
1652 1678 1739 1702 evenit
1754 1678 1827 1709 (Reg.
1845 1678 1949 1709 Suppl.,
1964 1678 1983 1701 l.
1999 1686 2032 1708 c.‚
2048 1679 2064 1701 f.
2079 1678 2142 1707 129).
2160 1678 2193 1701 Et
2209 1678 2316 1710 quidem

456 1726 521 1748 inter
537 1726 608 1756 Sept.
626 1726 637 1748 7
653 1728 678 1748 et
697 1725 822 1748 Novemb.
846 1733 887 1747 an.
904 1724 964 1747 1379
980 1725 1081 1747 rotulus
1105 1725 1201 1747 missus
1217 1727 1265 1747 est.
1281 1724 1414 1747 ,lohannes
1437 1724 1468 1746 dc
1490 1723 1593 1746 Sanctis
1614 1723 1639 1745 in
1657 1723 1742 1746 rotulo
1763 1726 1791 1746 ut
1812 1722 1886 1753 prior
1901 1725 2005 1746 tuntum
2020 1722 2174 1751 designatus
2191 1722 2234 1752 (nu
2255 1723 2316 1746 1426

455 1773 479 1793 et
494 1770 571 1799 1429),
585 1777 627 1792 an.
644 1769 712 1796 1379,
729 1769 792 1792 Nov.
809 1770 845 1798 10,
863 1770 945 1792 sactus
962 1772 1001 1791 est
1016 1769 1107 1793 abbas.
1123 1769 1172 1792 Sed
1188 1772 1213 1791 et
1228 1772 1287 1791 ante
1302 1768 1394 1792 Octob.
1421 1769 1449 1790 28
1465 1768 1579 1790 rotulum
1598 1767 1623 1790 iu
1639 1767 1712 1790 curia
1728 1767 1869 1790 Clementis
1892 1767 1937 1790 Vll
1951 1770 2148 1798 praesentatum
2163 1775 2221 1790 esse
2238 1767 2314 1790 nobis

456 1814 559 1837 videtur
573 1817 597 1836 et
609 1813 761 1844 conjicimus
780 1821 792 1836 e
808 1817 923 1844 tempore
939 1813 964 1835 in
982 1813 1112 1837 articulis
1128 1813 1324 1837 communibus
1337 1815 1424 1835 notato
1441 1820 1446 1834 ·.
1465 1821 1476 1834 ((
1493 1812 1650 1835 Concessum
1667 1811 1798 1835 Avenione
1817 1820 1830 1834 v
1843 1811 1948 1835 kalend.
1965 1812 2028 1834 Nov.
2047 1819 2058 1833 n
2078 1811 2155 1834 Nulla
2173 1811 2222 1835 fuit
2236 1819 2316 1835 causa

458 1858 483 1880 in
499 1858 572 1880 curia
586 1857 757 1880 Avenioneusi
773 1865 819 1880 cur
837 1866 847 1880 (ι
865 1865 1016 1880 concessum
1033 1865 1043 1880 »
1061 1857 1217 1888 petitionum
1233 1857 1258 1880 in
1275 1857 1316 1880 his
1333 1857 1451 1880 articulis
1472 1857 1503 1879 ad
1525 1856 1627 1879 initium
1646 1856 1815 1887 pontificatus
1830 1857 2031 1888 transferretur,
2050 1859 2078 1879 ut
2095 1855 2175 1879 fiebat
2189 1859 2315 1887 quantum

455 1902 487 1924 ad
503 1902 603 1924 rotulos
619 1902 700 1932 ipsos,
721 1901 764 1924 ubi
781 1901 909 1932 agebatur
926 1902 957 1924 de
978 1901 1110 1924 beneficiis
1135 1910 1276 1932 eorumque
1301 1901 1428 1924 fructibus
1452 1900 1639 1932 percipiendis.
1661 1901 1742 1923 Immo
1767 1900 1890 1923 insanum
1908 1900 2002 1923 fuisset
2022 1900 2156 1932 aliquibus
2173 1899 2200 1923 in
2216 1899 2315 1923 eisdem

455 1946 572 1969 articulis
590 1945 678 1977 petitis
696 1949 784 1968 notam
799 1945 925 1976 temporis
943 1946 1100 1968 anteriorem
1120 1954 1262 1976 apponere.
1279 1945 1321 1968 Sic
1338 1954 1362 1968 v.
1379 1954 1405 1976 g.
1422 1953 1469 1976 pro
1487 1945 1606 1976 collegiis
1629 1945 1776 1968 Becodinno
1790 1948 1815 1968 et
1836 1944 2013 1968 Boissiacensi
2028 1944 2127 1976 petitur
2140 1947 2169 1968 ut
2183 1944 2210 1967 in
2224 1952 2314 1968 eorum

455 1990 563 2021 capellis
575 1990 679 2021 possint
691 1990 779 2012 divina
794 1989 930 2018 celebrari,
946 1998 1011 2021 quae
1026 1990 1117 2021 petitio
1132 1998 1255 2013 concessa
1271 1993 1311 2012 est
1326 1998 1367 2012 nn.
1391 1990 1459 2017 1379,
1476 1989 1532 2014 Oct.
1550 1990 1579 2012 28
1596 1989 1657 2019 (vid.
1676 1998 1703 2020 p.
1719 1990 1784 2018 245).
1801 1989 1903 2012 Scimus
1922 1989 2030 2020 insuper
2044 1997 2074 2012 ex
2093 1989 2145 2012 olio
2160 1989 2315 2012 documento
2342 2006 2347 2009 .

458 2043 537 2058 unum
552 2035 593 2057 vel
605 2035 716 2057 alterum
729 2034 878 2057 nuntiorum
895 2038 923 2056 n⁰
938 2034 1001 2057 1426
1010 2035 1151 2057 allatorum
1166 2043 1254 2057 mense
1268 2034 1334 2058 Nov.
1351 2034 1467 2065 ejusdem
1483 2034 1543 2056 anni
1562 2034 1692 2057 Avenione
1708 2034 1821 2057 stetisse.
1838 2034 1903 2057 Nam
1919 2042 1948 2056 eo
1963 2041 2040 2062 anno,
2056 2034 2119 2057 Nov.
2137 2034 2166 2056 15
2181 2033 2315 2060 (Avinione

457 2079 507 2110 xvij
521 2079 573 2102 kal.
590 2079 660 2107 Dec..
675 2087 719 2102 un.
734 2079 865 2107 secundo),
882 2086 932 2109 quo
946 2078 1064 2102 Clemens
1080 2079 1125 2102 Vll
1143 2078 1280 2102 ecclesiam
1296 2078 1475 2109 parochialem
1494 2082 1629 2101 vacantem
1646 2079 1671 2102 S.
1689 2078 1794 2101 Martini
1812 2079 1843 2101 de
1858 2078 2024 2109 Martilbeyo,
2040 2077 2208 2101 Abx-incensis
2221 2078 2314 2107 dioec„

457 2123 564 2154 Aegidio
577 2123 608 2146 de
624 2123 729 2153 Campis
743 2123 851 2150 confert,
865 2123 928 2145 dicit
942 2131 1012 2154 papa
1027 2123 1093 2146 inter
1109 2123 1161 2146 alia
1175 2123 1205 2146 de
1221 2123 1266 2146 illo
1280 2131 1285 2146 ·.
1304 2132 1315 2145 «
1332 2123 1375 2154 qui
1391 2123 1498 2146 nuntius
1515 2123 1701 2146 Universitatis
1718 2123 1799 2146 studii
1815 2122 1898 2146 Paris.
1916 2122 2004 2146 existit
2020 2130 2031 2145 »
2048 2123 2120 2153 (Reg.
2137 2123 2217 2146 Aven.
2233 2122 2314 2146 Clem.

459 2168 513 2195 Vll,
529 2167 581 2190 vol.
598 2167 674 2196 XVII,
688 2167 734 2190 fol.
751 2168 799 2196 96).

552 2211 674 2235 Botulus
689 2211 778 2241 iqitur
795 2215 889 2234 noster
905 2212 980 2235 inter
995 2212 1066 2241 Sept.
1086 2212 1102 2236 7
1119 2216 1143 2235 et
1160 2212 1249 2235 Octob.
1264 2212 1307 2236 28
1322 2218 1368 2236 an.
1390 2212 1471 2236 1379
1486 2212 1632 2242 expeditus
1644 2216 1669 2236 et
1683 2213 1720 2235 ad
1734 2212 1849 2236 curiam
1862 2211 2083 2235 Avenionensem
2095 2215 2228 2241 portatus
2241 2214 2290 2235 ese.

553 2256 602 2278 Sed
618 2255 736 2278 attendas
751 2263 858 2285 gravem
871 2255 1057 2279 difficultatem.
1070 2256 1186 2287 Namque
1205 2256 1229 2278 in
1243 2256 1303 2279 Lib.
1318 2262 1395 2286 proc.
1410 2260 1470 2280 nat.
1484 2257 1597 2287 Anylic.
1612 2257 1647 2279 ita
1661 2257 1692 2279 de
1703 2256 1789 2279 rotulo
1801 2256 1829 2279 fit
1840 2264 1934 2284 sermo,
1951 2255 2027 2287 quasi
2040 2258 2142 2278 tantum
2152 2254 2202 2278 sub
2216 2258 2316 2279 rectore

459 2300 566 2331 Aegidio
591 2300 621 2322 de
644 2301 838 2330 Asperomonte,
858 2308 900 2322 an.
920 2300 988 2327 1353,
1005 2308 1091 2323 mense
1108 2300 1191 2327 Febr„
1210 2301 1307 2323 missus
1323 2304 1392 2323 essct
1415 2301 1477 2329 (vid.
1497 2305 1545 2323 „um
1562 2302 1640 2330 1477),
1662 2300 1780 2324 Marsilio
1799 2300 1830 2323 de
1852 2300 1953 2331 lnghen
1971 2308 2022 2323 non
2042 2299 2236 2323 contradicente
2251 2299 2315 2329 (vid.

460 2345 529 2368 infru
542 2348 570 2367 n0
584 2345 662 2373 1648).
678 2344 727 2367 Sed
741 2344 766 2366 in
782 2345 898 2368 Auctor.
917 2345 1020 2372 Cleart.,
1034 2345 1051 2371 l,
1066 2353 1092 2375 p.
1105 2345 1159 2373 581,
1178 2348 1230 2367 not.
1248 2347 1270 2374 5,
1287 2345 1479 2372 annotavimus,
1497 2346 1555 2369 Lib.
1571 2352 1646 2375 proc.
1664 2345 1705 2368 hic
1721 2353 1843 2368 mancum
1861 2353 1927 2369 esse.
1944 2345 1979 2368 De
1994 2344 2119 2373 Morsilio,
2135 2343 2178 2367 hic
2193 2344 2314 2372 obscuro,

462 2389 514 2412 vid.
530 2389 606 2416 infra,
628 2388 645 2411 1.
660 2397 681 2412 c.
696 2389 802 2416 Revera,
818 2389 839 2411 si
856 2389 939 2411 solum
956 2397 998 2411 an.
1015 2389 1074 2411 1383
1087 2392 1206 2420 portatus
1223 2393 1292 2412 esset
1311 2389 1422 2419 rotulus,
1444 2390 1573 2420 quomodo
1592 2398 1635 2412 eos
1650 2390 1675 2412 in
1697 2390 1783 2412 rotulo
1804 2389 1853 2412 sub
1877 2389 1955 2412 veteri
1975 2388 2157 2420 designatione
2173 2388 2315 2419 inscriptos

461 2433 624 2457 Universitas
640 2432 785 2463 relinquere
803 2433 930 2463 potuisset
948 2433 1097 2463 magistros,
1115 2433 1158 2464 qui
1176 2437 1237 2456 tunc
1255 2434 1295 2456 vel
1311 2434 1407 2457 mortui
1423 2437 1497 2456 erant
1512 2436 1550 2463 (ut
1564 2434 1711 2457 Jobnnnem
1731 2434 1762 2457 de
1778 2434 1888 2462 Colore),
1906 2433 1946 2456 vel
1962 2433 1995 2456 ud
2010 2433 2091 2456 alium
2109 2432 2226 2456 ordinem
2241 2435 2317 2456 tran—

461 2477 558 2500 sierant
573 2479 606 2506 (v.
623 2485 649 2507 g.
670 2477 807 2508 Symoncm
823 2477 854 2499 de
866 2477 1021 2504 Crmnando,
1035 2478 1180 2500 Johannem
1197 2478 1228 2500 de
1244 2478 1355 2506 Sanctis,
1373 2479 1476 2501 Petrum
1493 2478 1591 2509 Regis),
1608 2478 1647 2501 vel
1664 2478 1696 2501 ad
1713 2478 1825 2509 majores
1841 2478 1940 2509 gradus
1956 2477 1983 2500 in
1997 2477 2174 2501 Universitate
2188 2485 2316 2508 pervene-

461 2525 519 2544 rant
532 2523 565 2551 (v.
581 2530 606 2552 g.
621 2521 764 2544 Johannem
784 2522 889 2550 Rousse,
905 2522 1048 2545 Johannem
1065 2523 1168 2551 Trelon,
1184 2522 1329 2545 ,lohannem
1347 2523 1489 2552 Laurentii,
1506 2523 1612 2546 Petrum
1632 2523 1663 2546 de
1680 2523 1797 2551 Ailliaco,
1811 2523 1957 2546 Johannem
1971 2522 2002 2545 de
2016 2522 2128 2550 Quercu,
2146 2521 2274 2553 aliosque,
2290 2521 2316 2544 in

462 2566 547 2588 rotulo
562 2565 727 2588 baccalareos
743 2565 768 2588 in
784 2566 862 2589 theol.
883 2566 1042 2597 designatos,
1063 2570 1122 2589 ante
1138 2574 1179 2589 an.
1197 2566 1333 2589 1380-1383
1349 2567 1532 2598 magisterium
1547 2567 1573 2590 in
1588 2567 1669 2590 theol.
1685 2567 1814 2598 adeptos),
1833 2567 1873 2590 vel
1889 2570 1950 2590 tunc
1967 2570 2056 2597 partes
2072 2565 2173 2590 Urbani
2187 2566 2220 2589 VI
2235 2565 2318 2589 secuti

462 2613 523 2632 sunt
539 2611 572 2638 (v.
590 2618 615 2640 g.
631 2609 775 2632 Johannem
792 2610 916 2638 Rousse)?
930 2610 1134 2633 Universitatem
1149 2618 1178 2633 ea
1193 2610 1281 2633 omnio
1298 2619 1341 2634 an.
1357 2611 1417 2634 1383
1435 2611 1633 2634 conservavisse
1648 2615 1742 2642 putare
1757 2619 1906 2642 possemus,
1923 2610 1945 2634 si
1961 2611 2062 2633 rotulus
2078 2610 2169 2633 eodem
2181 2617 2250 2633 anno
2265 2617 2316 2632 non

462 2654 493 2676 de
508 2662 574 2676 novo
588 2653 701 2684 scriptus
714 2653 813 2677 fuisset.
826 2655 856 2676 At
866 2654 994 2684 quomodo
1006 2654 1054 2676 hoc
1069 2654 1268 2684 admittendumy
1282 2663 1340 2677 cum
1356 2655 1470 2678 sciamus
1487 2656 1601 2678 rotulum
1613 2664 1655 2679 an.
1666 2656 1726 2678 1383
1736 2655 1895 2678 Avenionem
1911 2654 2021 2678 missum
2036 2654 2115 2686 paulo
2131 2657 2207 2678 antea
2221 2662 2232 2677 α
2244 2661 2319 2685 gros·

462 2701 548 2721 satum
567 2706 588 2727 y»,
607 2697 624 2720 i.
644 2706 665 2720 e.
682 2698 713 2720 de
726 2706 801 2725 novo,
822 2697 981 2729 nitidiusque
997 2698 1123 2729 scriptum
1143 2699 1205 2728 (vid.
1224 2702 1277 2722 not.
1294 2699 1326 2722 ad
1342 2703 1390 2721 num
1410 2700 1492 2730 1474).)
1509 2700 1557 2723 Res
1577 2703 1631 2723 totu
1644 2700 1804 2729 enucleatur,
1818 2699 1840 2723 si
1854 2700 1951 2722 sontem
1964 2699 2092 2722 hahemus
2106 2707 2119 2722 e
2132 2706 2182 2730 quo
2196 2701 2315 2729 apparet,

461 2742 574 2765 rotulum
590 2741 650 2764 anni
666 2742 726 2764 1383
740 2741 911 2772 posteriorem
927 2750 983 2764 esse
999 2743 1083 2765 rotulo
1101 2743 1170 2765 infra
1187 2743 1264 2770 edito,
1281 2746 1306 2766 ct
1322 2743 1455 2766 diversum
1474 2744 1506 2766 ab
1522 2744 1590 2775 ipso.
1606 2744 1664 2766 Jam
1681 2744 1789 2771 scimus,
1807 2751 1855 2775 pro
1871 2751 1914 2767 an.
1930 2743 1990 2766 1383
2005 2743 2086 2766 alium
2102 2742 2222 2766 nuntium
2237 2741 2316 2765 rotuli

460 2794 473 2809 e
488 2789 562 2817 parte
579 2789 632 2808 nat.
645 2785 802 2816 Anglicauae
818 2786 958 2816 designari⁷
977 2794 1054 2817 quam
1070 2795 1111 2809 an.
1126 2787 1186 2809 1379
1202 2787 1264 2815 (vid.
1280 2796 1306 2818 p.
1324 2788 1377 2816 241,
1395 2791 1448 2811 not.
1467 2790 1498 2817 5).

554 2831 650 2853 Revera
668 2830 746 2852 talem
758 2830 853 2853 fontem
869 2830 1024 2859 invenimus,
1041 2839 1053 2852 υ
1067 2839 1116 2861 quo
1132 2834 1211 2861 patet,
1227 2831 1294 2854 inter
1309 2840 1350 2855 an.
1364 2833 1432 2859 1379,
1445 2832 1546 2862 octob„
1561 2836 1585 2855 et
1596 2833 1664 2861 1383,
1677 2832 1761 2860 Febr.,
1774 2832 1840 2855 duos
1856 2832 1955 2855 rotulos
1969 2840 2119 2855 communes
2130 2830 2316 2855 Universitatia

459 2874 584 2897 Clementi
604 2874 648 2897 Vll
669 2874 763 2896 missos
787 2882 843 2897 esse
864 2875 941 2905 (quod
959 2883 1046 2898 omnes
1063 2875 1196 2906 hucusque
1215 2876 1290 2906 sugit)
1303 2876 1434 2906 :primus
1453 2885 1498 2899 scu
1519 2877 1709 2901 coronationis
1726 2879 1766 2899 cst
1783 2876 1852 2899 infra
1868 2875 2317 2904 ni*1428-1433editus;secundus

458 2927 525 2940 nunc
541 2918 691 2949 deperditus
707 2921 754 2941 est.
771 2919 833 2941 Tam
852 2928 862 2940 «
879 2918 956 2949 primi
975 2928 995 2947 ι),
1012 2928 1089 2950 quam
1107 2928 1117 2941 «
1134 2920 1240 2942 secundi
1260 2928 1270 2942 ι)
1291 2921 1330 2943 vel
1346 2929 1355 2943 (ι
1371 2921 1456 2943 ultimi
1474 2929 1483 2943 η
1501 2929 1578 2952 saepe
1592 2921 1689 2944 mentio
1705 2921 1734 2943 fit
1748 2920 1774 2943 in
1790 2921 1875 2943 rotulo
1891 2928 1933 2943 an.
1954 2921 2019 2949 1387,
2036 2928 2112 2951 quem
2130 2919 2164 2942 ni·
2179 2919 2315 2942 1537-1541

581 2963 635 2985 31³«.
