2508 3372
182 1060 217 1084 De
230 1060 379 1086 schismate.

477 313 549 334 XXI!
1260 309 1551 332 INTRODUCTlo.

478 386 645 435 VirginiS,
674 398 756 422 eum
782 398 850 434 quo
876 385 1121 422 Giani-Garbio
1147 385 1316 420 Ordinem
1345 385 1532 420 Servorum
1561 383 1864 420 confundebant'.
1892 382 2035 418 Parisiis
2060 381 2215 418 Billettes
2239 393 2341 418 voca-

478 458 616 494 bantur.
644 458 824 493 Johannes
845 457 956 493 Collet
980 469 1039 492 seu
1065 456 1180 499 ColeS,
1211 456 1377 503 magister
1397 455 1432 490 in
1457 454 1637 502 theologia
1652 454 1780 498 Paris.,
1805 454 1913 490 totius
1935 452 2077 490 Ordinis
2098 453 2142 488 de
2164 452 2341 489 Charitate

477 529 653 564 Generalis
669 529 765 564 suit2.

573 600 872 643 Mathurinorum,
892 599 984 646 apud
1005 610 1094 645 qnos
1115 597 1312 646 generatim
1330 597 1624 645 congregationes
1641 596 1887 632 Universitatis
1903 607 1923 632 a
1938 595 2079 631 saeculo
2094 602 2173 631 xl11⁰
2189 594 2337 637 fiebant,

474 682 551 706 rara
573 672 608 706 in
630 671 754 706 studiis
767 671 923 718 vestigia.
943 670 1046 705 Solus
1070 669 1269 716 Stephanus
1286 669 1328 704 de
1346 668 1510 704 Mesnillo
1529 667 1743 711 Fouchardi,
1762 668 1924 703 minister
1938 668 1973 703 S.
1992 667 2183 702 Mathurini
2206 667 2338 708 Paris.,

471 742 636 789 magister
650 742 685 777 in
702 741 889 789 theologia,
908 741 1160 776 memoratur3.

567 813 695 848 Charta
717 812 860 848 deficiat
880 813 908 847 si
934 812 1106 847 novitates
1130 812 1286 859 singulas
1315 812 1350 846 in
1377 811 1603 847 documentis
1626 810 1772 854 nostris,
1792 810 2007 858 quandoque
2028 810 2062 845 in
2084 809 2178 845 notis
2199 812 2338 845 tantum

468 883 674 931 patefactas,
700 884 845 918 velimus
873 895 1098 930 percensere.
1126 884 1315 918 Caeterum
1331 882 1468 918 Tabula
1489 882 1682 918 lectoribus
1698 885 1838 930 praesto
1859 885 1924 917 est.
1950 883 2053 917 Nunc
2076 881 2119 917 de
2137 880 2338 917 Schismate

468 966 583 1002 pauca
598 954 760 990 dicenda.

564 1052 829 1088 Chartularium
845 1057 878 1088 et
895 1053 971 1100 ejus
987 1052 1194 1088 Auctarium
1211 1064 1254 1088 ex
1272 1052 1322 1088 eis
1345 1051 1513 1099 operibus
1540 1055 1646 1087 erunt
1671 1063 1825 1099 quorum
1848 1051 1935 1086 ratio
1955 1049 2124 1086 habenda
2145 1048 2212 1085 erit
2227 1048 2338 1084 cuivis

468 1123 571 1159 rebus
593 1124 707 1171 magni
731 1123 937 1159 Schismatis
963 1123 1130 1159 studenti.
1150 1125 1360 1170 Quanquam
1387 1123 1505 1159 adhuc
1531 1123 1602 1159 fere
1629 1124 1725 1170 apud
1747 1122 1938 1158 historicos
1961 1124 2113 1164 constat,
2132 1119 2266 1156 Urbani
2287 1121 2332 1157 Vl

466 1194 680 1230 electionem
696 1196 826 1230 Romae
844 1194 952 1230 fuisse
970 1206 1086 1230 veram
1109 1194 1337 1239 electionem,
1357 1198 1462 1242 atque
1486 1194 1670 1230 Urbanum
1693 1194 1841 1242 ejusque
1863 1204 2086 1229 successores
2105 1203 2206 1228 veros
2228 1202 2336 1239 papas

466 1265 589 1308 fuisse,
612 1265 845 1301 nihilominus
869 1266 1087 1301 Clementem
1107 1267 1171 1301 Vll
1197 1266 1297 1313 quasi
1322 1266 1439 1302 solum
1465 1265 1685 1310 induximus,
1705 1264 1886 1301 Urbanum
1906 1265 1953 1301 Vl
1978 1267 2011 1299 et
2040 1262 2263 1299 Bonisacium
2290 1263 2336 1298 lx

463 1339 601 1382 tantum
620 1336 723 1384 quasi
745 1348 809 1384 per
830 1341 1057 1372 transennam
1083 1337 1325 1385 inspicientes,
1350 1337 1434 1384 quia
1454 1337 1669 1373 Universitas
1699 1336 1808 1373 Paris.
1827 1335 1971 1372 Urbano
1990 1336 2037 1372 VI
2058 1334 2171 1370 electo
2190 1333 2335 1370 nonnisi

463 1420 526 1455 per
546 1419 658 1443 unum
681 1408 846 1455 temporis
861 1412 1036 1455 punctum
1054 1408 1228 1451 adhaesit,
1247 1420 1330 1444 mox
1345 1408 1540 1444 'Clementis
1555 1410 1620 1446 Vll
1641 1412 1757 1456 partes
1774 1407 1924 1443 firmiter
1938 1406 2066 1442 tenuit.

559 1480 602 1514 Ut
622 1479 792 1515 volumini
813 1479 964 1527 integro,
984 1480 1031 1515 ita
1055 1480 1206 1516 textibus
1231 1480 1275 1516 de
1299 1480 1512 1524 Schismate,
1532 1480 1641 1516 finem
1665 1491 1747 1515 cum
1774 1482 1885 1515 morte
1912 1477 2104 1514 Clementis
2129 1478 2193 1514 Vll
2215 1477 2334 1524 impo-

461 1549 607 1586 suimus.
630 1550 788 1585 Primum
805 1551 1038 1587 instrumenta
1054 1563 1143 1598 quae
1163 1552 1324 1587 Schisma
1342 1551 1684 1598 Universitatemque
1707 1550 1903 1599 respiciunt
1928 1549 1963 1585 in
1986 1548 2114 1585 unum⁴
2142 1559 2334 1596 congrega—

458 1620 585 1664 vimus,
605 1621 653 1656 ita
675 1625 711 1656 ut
730 1621 829 1657 facile
851 1622 894 1657 sit
917 1622 1006 1658 viam
1027 1623 1069 1658 ab
1091 1623 1317 1659 Universitate
1344 1623 1453 1659 Paris.
1483 1626 1649 1671 regnante
1677 1622 1875 1658 Schismate
1900 1624 2083 1669 peractam
2107 1631 2329 1668 percurrere,

459 1691 591 1727 nedum
608 1692 721 1727 aliena
743 1692 958 1729 documenta
974 1694 1132 1729 animum
1154 1695 1187 1729 in
1208 1695 1295 1730 alias
1316 1707 1370 1730 res
1392 1695 1604 1730 distrahant.
1626 1694 1795 1741 Excerpta
1815 1693 2004 1740 quaedam,
2022 1691 2129 1739 paulo
2150 1691 2329 1739 longiora,

458 1763 503 1798 ad
516 1762 704 1799 Acldendass
722 1765 936 1809 remisimus,
957 1777 1045 1812 quae
1062 1765 1205 1813 quidem
1221 1767 1434 1802 assertiones
1450 1766 1485 1801 in
1502 1765 1727 1802 Chartulario
1748 1764 1990 1813 pronuntiatas
2006 1763 2184 1799 illustrant
2198 1765 2232 1798 et
2247 1773 2332 1798 con·
2364 1811 2367 1815 Ι
2383 1813 2387 1817 Ι

458 1832 613 1869 vineunt.
635 1834 770 1881 Spuriis
796 1835 881 1870 actis
907 1836 1141 1878 abstinuinus,
1166 1838 1474 1884 quemadmodum
1499 1837 1648 1885 epistola
1671 1848 1779 1884 quam
1804 1850 1818 1868 «
1834 1835 2085 1872 Universitates
2110 1833 2327 1878 Parisiensis‚

460 1905 686 1949 Oxoniensis,
711 1907 894 1953 Pragensis
918 1911 952 1943 et
976 1909 1135 1944 Romana
1159 1909 1404 1956 generalitas»
1426 1909 1567 1945 Urbano
1591 1909 1636 1945 VI
1661 1920 1702 1944 ac
1723 1907 1931 1944 Wenzeslao
1955 1908 2200 1942 Romanorum
2216 1905 2330 1952 impe·

459 1975 577 2019 ratori,
602 1976 644 2011 de
672 1977 878 2013 auctoritate
899 1978 1121 2025 imperatoris
1142 1979 1177 2014 in
1196 1980 1396 2016 Schismate
1421 1980 1624 2024 tribuenda,
1644 1991 1700 2015 an.
1723 1979 1815 2015 1380
1839 1978 1978 2013 misisse
2004 1975 2211 2019 dicuntur⁰;
2235 1987 2337 2023 quae.
2381 1978 2384 1981 ‘

458 2046 616 2093 epistola,
635 2047 678 2083 ab
700 2048 899 2095 aliquibus⁷
917 2050 1119 2086 authentica
1136 2055 1309 2098 reputata,
1332 2055 1428 2087 certe
1445 2055 1566 2087 tamen
1586 2051 1677 2086 inter
1693 2050 1899 2099 apocrypha
1918 2049 2117 2097 rejicienda
2132 2047 2219 2084 est⁸.

555 2119 644 2153 Cum
660 2119 822 2155 ordinem
838 2123 1038 2168 temporum
1055 2122 1269 2158 documenta
1285 2127 1317 2158 et
1334 2126 1473 2171 regesta
1489 2126 1693 2170 sequantur,
1713 2122 1816 2169 plura
1831 2120 1937 2157 verba
1951 2120 1994 2156 de
2015 2120 2058 2155 iis
2077 2119 2192 2155 facere
2210 2119 2329 2155 abun—

457 2188 567 2224 daret.
587 2190 683 2231 Quae
703 2202 792 2226 nova
808 2195 887 2227 sunt
912 2196 970 2227 ant
990 2193 1128 2240 scriptis
1154 2194 1407 2230 historicorum
1433 2194 1675 2230 correctiones
1698 2193 1752 2229 vel
1777 2192 2025 2240 supplementa
2045 2191 2207 2236 afferunt,
2226 2191 2325 2227 haud

457 2271 561 2307 aegre
577 2260 692 2295 sciens
703 2261 814 2298 lector
829 2263 994 2299 inveniet.
1014 2266 1109 2300 Inter
1121 2266 1266 2301 maximi
1282 2267 1453 2302 momenti
1469 2266 1563 2302 sacta
1576 2265 1755 2313 incognita
1771 2264 1969 2300 Schismate
1986 2263 2129 2298 ineunte
2143 2266 2327 2309 comparet

553 2373 574 2397 1.
594 2376 671 2399 Ann.
688 2375 752 2399 Ord.
768 2377 853 2406 Serv„
866 2378 887 2406 1,
902 2377 956 2401 337.

550 2418 574 2441 2.
595 2418 653 2442 Vid.
671 2427 695 2451 p.
715 2420 769 2449 384,
783 2425 811 2444 n⁰
830 2421 869 2452 55,
884 2423 910 2445 et.
925 2430 949 2454 p.
965 2422 1019 2451 389.
1038 2424 1091 2447 not.
1111 2424 1150 2449 29.
1165 2424 1194 2448 In
1210 2425 1274 2456 Reg.
1296 2425 1354 2448 vat.
1371 2425 1451 2449 Clem.
1468 2425 1527 2454 vn,
1540 2429 1570 2448 n⁰
1584 2424 1639 2453 296,
1653 2423 1695 2448 fol.
1712 2423 1772 2453 551²,
1788 2431 1829 2447 an.
1847 2422 1917 2452 1384,
1933 2423 1996 2446 Nov.
2015 2422 2053 2451 18,
2068 2420 2248 2453 indulgentiae
2263 2421 2327 2444 sunta

456 2460 562 2485 collatae
580 2462 789 2488 benefactoribus
804 2466 933 2497 hospitalii
952 2467 982 2490 de
997 2467 1128 2492 Charitate
1142 2469 1172 2492 Β.
1189 2469 1223 2493 M.
1236 2469 1331 2500 Paris„
1348 2470 1374 2493 in
1389 2470 1464 2501 cujus
1478 2468 1573 2502 capella
1587 2469 1614 2493 in
1629 2471 1717 2493 octava
1729 2467 1937 2492 Resurrectiouis
1952 2468 1979 2491 et
1989 2466 2099 2498 singulis
2110 2465 2177 2498 jovis
2191 2464 2284 2489 diebus
2298 2464 2326 2489 in

457 2507 607 2530 memoriam
624 2508 743 2532 miraculi
764 2509 880 2539 (hostiae)
901 2511 981 2535 missa
1003 2512 1153 2536 solemniter
1173 2513 1327 2538 celebratur.
1348 2514 1402 2538 Fol.
1421 2514 1469 2538 54¹>
1482 2521 1522 2546 sq.
1542 2514 1727 2538 enumerantur
1741 2512 1881 2545 hospitalia
1900 2510 2049 2541 Silvanecti,
2069 2510 2239 2534 Horessotens.
2255 2509 2283 2541 [i.
2301 2517 2324 2533 e.

456 2549 641 2583 Haressorens.]
655 2552 792 2584 Rotomag.
809 2554 897 2584 dioec..
911 2556 1097 2582 Montenotens.
1113 2558 1246 2582 Bisuntin.
1263 2559 1352 2589 dioec„
1368 2559 1558 2590 Rotomagense
1570 2560 1596 2582 et.
1610 2558 1755 2590 Bajocense.

550 2595 573 2619 3.
594 2596 651 2620 Vid.
666 2596 789 2622 Iudicem
805 2599 1007 2625 Personarum.

548 2640 571 2662 4.
589 2639 651 2664 Vid.
668 2641 702 2664 11¹⁸
717 2642 858 2667 1605-1695.

548 2683 571 2707 5.
592 2684 622 2707 P.
637 2684 751 2710 663-670.

547 2727 572 2754 6.
588 2728 635 2752 Ed.
653 2730 722 2760 apud
739 2731 876 2761 Goumsr,
893 2734 1062 2759 Monarchia
1079 2735 1226 2765 (Hauoviaez
1243 2736 1322 2767 1611),
1338 2745 1363 2769 p.
1379 2737 1492 2768 229-232,
1505 2738 1532 2762 et.
1542 2736 1633 2768 incipit
1648 2745 1654 2761 :
1671 2746 1684 2758 α
1700 2735 1800 2767 Moyses
1812 2735 1901 2759 noster
1915 2733 2035 2758 dominus
2051 2743 2073 2756 »-

546 2771 570 2795 7.
588 2773 616 2796 O.
633 2773 656 2797 J.
674 2773 769 2804 Woon,
790 2776 856 2800 HIst.
878 2777 1001 2803 Univers.
1019 2780 1116 2810 Oneon„
1130 2781 1150 2809 I,
1165 2780 1218 2804 188.

545 2816 568 2840 8.
587 2817 657 2844 Quod
678 2819 772 2843 merito
796 2820 857 2844 tacit
877 2821 964 2846 Alfred
986 2823 1111 2853 Lunoux,
1134 2825 1221 2850 Nouo.
1242 2827 1402 2851 recherches
1425 2826 1559 2857 critiques
1577 2832 1629 2851 sur
1651 2826 1688 2850 les
1708 2824 1846 2849 relations
1865 2823 2014 2854 potitiques
2035 2823 2067 2846 de
2089 2822 2118 2845 la
2138 2821 2247 2845 Franco
2261 2827 2325 2845 avec

451 2860 647 2891 l'AlIemagme‚
662 2869 687 2893 p.
700 2863 723 2893 8,
740 2865 793 2887 not..
808 2864 832 2888 3.

576 2913 597 2929 c.
