2488 3386
475 348 539 381 692
1051 354 1370 377 CHARTULARIUM
1408 353 1598 375 umvans.
1636 353 1766 374 rmus.

473 476 534 498 1689
611 473 675 499 1394
809 473 874 496 Julii
889 475 903 496 8
989 473 1109 504 Epistola
1123 472 1240 503 Philippi
1255 472 1287 495 de
1301 471 1451 502 Alenconio,
1464 471 1547 500 card„
1564 471 1597 493 nd
1612 469 1818 494 Universitatem
1832 468 1906 492 Paris
1910 484 2252 492 ..............
2297 469 2343 492 630

474 533 533 556 1690
628 545 659 549 -·
827 544 859 549 —
872 531 901 554 17
988 530 1108 561 Epistola
1123 529 1310 553 Universitatis
1326 529 1409 552 Paris.
1431 529 1463 552 ad
1483 528 1643 552 Clementem
1658 528 1704 551 VII
1728 527 1755 553 in
1777 527 1909 558 principio
1932 525 2125 558 prosecutionis
2149 525 2253 548 unionis

1019 574 1145 598 ecclesiae
1158 586 2252 597 ...........................................
2297 571 2342 594 631

473 634 531 657 1691
627 646 658 650 -
794 632 857 655 Julii
873 633 912 655 25-
989 632 1165 656 Universitati'
1173 631 1256 655 Paris.
1273 631 1437 662 prohibetur,
1454 630 1558 653 nomine
1576 630 1656 661 regis,
1671 629 1812 661 quominus
1831 629 1863 652 de
1881 628 1976 652 unione
1992 627 2117 652 ecclesiae
2132 630 2253 650 tractent.

773 664 885 695 Aug¹¹⁵²i
903 664 932 687 15
1019 676 1184 700 Universitas
1200 684 1215 699 a
1233 675 1391 699 lectionibus
1406 678 1493 698 cessat
1496 688 2252 698 ..............................
2297 674 2344 697 634

473 736 533 759 1692
563 751 717 759 .......
794 735 912 766 Augusto
987 734 1120 757 Johannes
1133 741 1179 756 rex
1191 733 1337 764 Aragoniae
1352 733 1558 756 Universitatem
1572 732 1656 757 Paris.
1667 735 1753 763 rogat,
1764 731 1827 755 velit
1842 739 1917 754 suam
1932 731 1963 754 de
1978 730 2094 754 sedando
2108 729 2254 753 Schismate

1019 778 1175 801 sententiam
1190 777 1243 809 ipsi
1258 785 1306 808 per
1319 777 1422 800 litteras
1438 776 1631 800 communicare
1650 790 2252 800 ........................
2297 776 2344 799 634

473 838 532 860 1693
562 854 717 862 .......
748 836 911 867 Septembris
929 837 958 858 22
987 835 1044 858 Alia
1059 835 1172 866 epistola
1187 834 1374 858 Universitatis
1390 835 1423 857 ad
1440 835 1599 858 Clementem
1612 834 1667 862 VII,
1684 834 1742 864 ipso
1757 833 1813 864 jam
1828 833 1950 856 defuncto
1962 848 2252 856 ............
2297 834 2344 857 634

472 895 532 918 1694
562 912 716 918 .......
815 907 845 911 -
929 895 958 916 23
987 893 1098 924 Cognita
1107 893 1247 916 Clementis
1257 893 1303 915 VII
1316 895 1399 915 morte
1408 892 1573 915 Universitas
1585 891 1641 922 regi
1652 891 1782 923 quaedam
1791 890 1925 922 proponit,
1934 893 1960 914 et
1969 889 2093 913 lectiones
2102 889 2253 913 reassumit.
2297 892 2343 915 636

472 953 532 976 1695
606 952 674 978 1394
748 968 955 975 .........
987 950 1114 974 Hem-icus
1131 951 1162 974 de
1178 950 1273 973 Hassia
1286 950 1361 973 Petro
1377 950 1408 973 de
1424 949 1533 973 Ailliaco
1546 950 1697 981 gratulatur
1711 949 1742 972 de
1757 949 1827 972 bona
1838 948 1973 971 voluntate
1988 947 2072 979 regis;
2089 947 2123 970 ad
2137 947 2253 978 singula-

1017 995 1057 1018 ria
1069 1003 1138 1018 nunc
1151 995 1361 1018 descendendum
1365 1008 2251 1018 ...................................
2295 995 2342 1018 636

1529 1077 1705 1103 ΔΡΡΕΝΒῙΧ.

470 1157 530 1180 1696
559 1171 954 1180 ................
985 1156 1078 1178 Forma
1093 1155 1242 1178 litterarum
1257 1153 1570 1178 recommendatoriarum
1586 1153 1724 1185 cujusdam
1744 1152 1867 1184 magistri
1885 1152 1982 1176 artium
1985 1167 2251 1176 ...........
2295 1154 2340 1178 641

1378 1239 1492 1262 Statuta
1509 1238 1664 1262 Facultaaeis
1678 1238 1863 1262 decretorum.

1458 1292 1587 1316 (Continent
1599 1295 1632 1311 n⁰³
1646 1292 1779 1316 1697-1712.)

469 1361 528 1384 1697
563 1361 711 1387 1340-1390
745 1375 952 1382 .........
984 1360 1087 1382 Statuta
1103 1366 1169 1390 quae
1184 1358 1280 1381 debent
1294 1358 1347 1389 legi
1362 1367 1410 1390 per
1424 1358 1556 1381 bcdcllum
1572 1366 1737 1381 communem
1753 1365 1820 1380 anno
1834 1357 1952 1388 quolibet
1965 1357 1993 1380 in
2007 1356 2147 1388 principiis
2161 1356 2252 1380 lectio-

1014 1412 1075 1426 num
1091 1406 1145 1426 tam
1161 1403 1335 1426 Decretalium
1349 1411 1428 1434 quam
1443 1403 1612 1426 Decretorum
1628 1402 1654 1425 in
1669 1402 1792 1425 facultate
1805 1402 1975 1425 Decretorum
1987 1401 2061 1425 Paris
2064 1418 2251 1425 ........
2295 1403 2340 1428 641

468 1463 528 1486 1698
558 1477 953 1487 ................
983 1462 1137 1485 Juramenta
1151 1469 1218 1492 quae
1233 1461 1329 1484 debent
1343 1464 1480 1492 praestare
1493 1460 1604 1483 admissi
1617 1460 1650 1483 ad
1664 1460 1777 1491 gradum
1790 1459 1988 1483 baccalareatns
1992 1475 2251 1483 ...........
2295 1461 2342 1486 643

469 1520 529 1543 1699
559 1535 953 1544 ................
984 1520 1087 1542 Statuta
1101 1519 1237 1550 tangentia
1249 1519 1417 1542 baccalareos
1433 1519 1550 1550 legentes
1555 1534 1813 1542 ...........
1831 1534 1840 1550 .·
1859 1533 2250 1541 ................
2295 1519 2342 1543 6422

469 1578 529 1601 1700
559 1593 953 1602 ................
985 1578 1088 1601 Statuta
1104 1580 1129 1600 et
1141 1577 1292 1608 juramenta
1307 1576 1491 1599 concernentia
1506 1576 1623 1607 legentes
1639 1576 1671 1598 de
1686 1583 1762 1599 mane
1778 1591 2251 1599 ...................
2295 1577 2342 1600 646

470 1636 527 1659 1701
560 1650 954 1660 ................
985 1636 1089 1658 Statuta
1103 1634 1240 1666 tangentia
1253 1634 1384 1658 bedellum
1401 1637 1427 1657 et
1439 1634 1625 1657 subbedellum
1642 1633 1775 1657 facultatis
1779 1649 2251 1656 ...................
2296 1634 2342 1658 647

470 1694 530 1716 1702
561 1709 954 1717 ................
985 1694 1088 1716 Statuta
1100 1693 1235 1724 tangentia
1250 1692 1316 1715 alios
1332 1692 1449 1715 bedellos
1465 1695 1490 1715 et
1505 1691 1646 1715 servitores
1650 1706 2252 1715 ........................
2296 1692 2342 1716 649

471 1751 531 1774 1703
561 1766 953 1775 ................
986 1751 1089 1774 Statuta
1103 1750 1238 1781 tangentia
1255 1751 1367 1773 formum
1382 1749 1542 1781 procedendi
1557 1749 1591 1772 ad
1606 1757 1713 1772 examen
1728 1748 1949 1772 lieentiandorum
1961 1764 2251 1772 ............
2296 1750 2343 1773 649

472 1809 531 1832 1704
562 1824 954 1832 ................
985 1809 1138 1831 Juramenta
1154 1808 1298 1831 volentium
1314 1808 1412 1830 intrare
1428 1815 1535 1830 examen
1551 1815 1709 1838 magnarum
1728 1806 1881 1830 cedularum
1885 1821 2252 1829 ...............
2296 1808 2343 1831 650

472 1867 531 1890 1705
562 1882 956 1890 ................
987 1867 1089 1891 Statuta
1104 1865 1286 1889 concernentia
1299 1866 1427 1889 decanum
1447 1865 1517 1888 circa
1532 1873 1639 1888 examen
1654 1864 1775 1888 licentiae
1778 1879 2200 1889 .................
2219 1879 2226 1894 .-
2245 1879 2252 1886 .
2296 1865 2343 1889 650

472 1924 532 1947 1706
562 1940 956 1948 ................
988 1924 1091 1947 Statuta
1104 1923 1239 1954 tangentia
1255 1923 1469 1947 distributionem
1484 1923 1700 1946 haccalareorum
1715 1922 1893 1946 admissorum
1908 1921 1942 1944 ad
1954 1921 2088 1945 licentiam
2092 1937 2252 1945 .......
2296 1922 2342 1947 651

473 1982 532 2005 1707
563 1998 957 2005 ................
988 1982 1091 2004 Statuta
1105 1981 1241 2012 tangentia
1256 1981 1359 2004 scholas
1364 1995 2252 2006 ...................................
2296 1980 2354 2004 651’

473 2040 533 2063 1708
563 2056 958 2063 ................
987 2039 1141 2062 Juramenta
1156 2039 1316 2070 praestanda
1330 2047 1378 2070 per
1391 2039 1451 2062 illos
1465 2039 1509 2070 qui
1525 2039 1558 2062 ad
1574 2039 1739 2062 doctoratum
1754 2037 1919 2069 recipiuntur
1936 2053 2252 2061 .............
2297 2039 2343 2062 652

474 2098 534 2120 1709
564 2115 593 2151 ἰ).
665 2114 671 2120 .
689 2114 694 2120 .
713 2114 718 2119 .
750 2114 756 2120 .
773 2114 779 2120 .
799 2114 805 2120 .
825 2114 831 2120 .
850 2115 856 2125 ,
876 2114 882 2120 .
901 2114 907 2120 .
927 2114 933 2120 .
953 2114 959 2120 .
988 2098 1142 2120 Juramenta
1159 2097 1229 2120 cirea
1245 2098 1356 2120 formam
1378 2097 1521 2128 incipiendi
1539 2097 1565 2120 in
1583 2096 1699 2120 Decretis
1714 2104 1763 2128 pro
1778 2095 1865 2128 gradu
1879 2095 2031 2118 doctoratus
2047 2094 2227 2126 adipiscendo.
2245 2111 2252 2118 .
2296 2097 2344 2121 854

475 2159 534 2183 1710
584 2132 719 2185 urit331un'
772 2159 908 2183 Februarii
924 2160 937 2182 8
990 2160 1093 2183 Statuta
1108 2163 1133 2183 et
1147 2159 1297 2190 juramenta
1312 2160 1472 2190 praestanda
1487 2160 1513 2182 in
1530 2159 1641 2190 collegio
1658 2158 1790 2182 facultatis
1808 2158 1977 2182 Decretorum
1994 2156 2178 2181 concernentia
2191 2156 2254 2180 duc-

1019 2207 1089 2227 tores
1103 2204 1220 2227 volentes
1236 2204 1381 2234 regentium
1398 2204 1513 2235 incipere
1529 2207 1554 2227 et
1568 2203 1686 2226 eamdem
1702 2202 1847 2233 regentium
1860 2202 2012 2225 continuare
2016 2217 2252 2225 ..........
2297 2199 2344 2223 654

476 2261 533 2284 1711
565 2278 958 2285 ................
990 2263 1094 2285 Statuta
1107 2262 1249 2293 tangencia
1263 2262 1392 2284 decanum
1414 2265 1438 2285 et
1460 2262 1515 2293 ejus
1532 2262 1695 2290 electionem,
1711 2264 1736 2284 et
1750 2260 1829 2284 etiam
1848 2260 1999 2291 juramenta
2013 2267 2080 2290 quae
2098 2259 2156 2290 ipse
2174 2257 2254 2281 habet

1019 2309 1156 2337 praestare
1172 2306 1197 2329 in
1216 2306 1327 2338 collegio
1343 2307 1480 2329 doctorum
1502 2306 1652 2329 immediate
1672 2305 1741 2337 quod
1762 2305 1821 2336 ipse
1839 2307 1880 2328 est
1900 2305 1997 2327 electus
2013 2303 2131 2335 quolibet
2144 2310 2212 2325 anno
2227 2302 2253 2325 in

1021 2351 1143 2373 manibus
1160 2350 1317 2382 antiquioris
1333 2351 1448 2374 doctoris
1464 2351 1575 2382 regentis
1580 2363 2252 2374 ...........................
2297 2346 2344 2369 655

477 2407 536 2430 1712
567 2424 959 2432 ................
991 2408 1094 2431 Statuta
1109 2411 1196 2431 actum
1211 2408 1344 2439 regentiae
1359 2408 1493 2440 tangentia
1498 2420 2252 2432 ..............................
2297 2403 2343 2426 657

477 2504 536 2527 1713
610 2504 674 2529 1357
753 2521 959 2528 .........
990 2506 1144 2528 Juramenta
1159 2509 1283 2529 consueta
1298 2506 1324 2528 in
1338 2506 1429 2537 parvis
1445 2506 1543 2529 scholis
1559 2506 1653 2533 paris„
1669 2505 1702 2528 ad
1718 2512 1795 2527 usum
1809 2503 1998 2535 magistrarum
2012 2501 2040 2525 in
2054 2501 2175 2533 linguam
2193 2501 2253 2532 gal-

1021 2549 1099 2572 licam
1114 2550 1242 2573 translata
1246 2562 2253 2575 ........................................
2297 2544 2344 2568 658

1398 2634 1556 2659 ADDENDA
1572 2633 1611 2658 ET
1627 2631 1845 2658 GORRIGENDA.

1155 2781 1160 2786 .
1186 2775 2253 2787 ..........................................
2297 2758 2344 2781 660

2297 2814 2342 2838 661

1185 2832 2252 2846 ..........................................

991 2878 1114 2900 Addenda
1129 2878 1160 2901 <le
1176 2878 1322 2902 schismate
1336 2886 1384 2910 per
1397 2879 1503 2902 modum
1518 2877 1692 2909 digressionis
1701 2890 2251 2900 ......................
2297 2873 2344 2896 663
