2488 3386
220 339 316 375 1365]
636 353 682 374 AB
716 353 820 374 ANNo
855 353 986 374 MCCCL
1016 353 1147 381 usoui:
1183 355 1230 375 AD
1266 355 1533 377 BENEDicrUM
1568 357 1657 378 Χιιι.
2017 350 2077 382 127

217 427 338 453 Parisius
352 427 383 452 in
395 428 462 460 jure
483 428 631 457 canonico,
653 428 720 454 cler.
741 429 770 453 et
793 427 971 453 consiliarius
993 428 1066 460 regis
1088 429 1204 454 Francie
1227 429 1257 454 in
1279 437 1330 454 sua
1350 437 1455 462 magna
1478 438 1589 456 camera
1614 432 1786 457 Parlamenti
1809 432 1854 466 [de
1876 441 1938 459 can.
1960 434 1989 459 in
2010 435 2075 460 cccl.

214 475 410 510 Rothomag.].

303 525 399 550 Frater
413 525 559 551 Johannes
575 525 685 551 Pereini
702 525 859 551 canonieus
877 525 1017 559 regularis
1032 526 1115 551 Beate
1128 526 1215 552 Marte
1229 526 1265 552 de
1278 526 1393 552 Virtuto
1406 527 1475 553 Ord.
1494 528 1519 552 S.
1538 528 1625 560 Aug..
1643 528 1793 554 Cathalan.
1810 530 1895 557 dioc..
1914 531 2024 558 bachal.
2049 532 2076 556 in

214 573 319 600 decret.
336 575 403 599 actu
419 574 516 606 legens
531 574 662 600 Parisius.

302 622 479 648 Guillermus
492 622 634 655 Grignon‚
651 622 747 648 licent.
765 623 796 648 in
811 623 865 655 leg.
880 624 909 649 et
923 623 1034 649 bachal.
1052 623 1082 648 in
1098 623 1203 649 decret.
1221 624 1318 656 legens
1335 624 1456 649 Parisius
1473 623 1518 658 [de
1530 632 1593 650 can.
1609 625 1638 650 in
1653 626 1720 652 eccl.
1738 626 1906 661 Camerac.].

302 671 402 697 Petrus
415 670 451 697 de
463 671 577 704 Capella
591 671 728 701 Lassonis,
743 671 830 698 licent
846 672 876 697 in
889 672 944 705 leg.
957 673 985 698 et
1000 672 1111 698 bachal.
1126 672 1156 697 in
1171 672 1289 701 decret..
1301 672 1368 699 cler.
1382 673 1497 698 Trecen.
1513 673 1587 701 dioc.
1604 673 1649 708 [de
1664 682 1726 700 can.
1742 674 1772 699 in
1785 675 1851 700 cccl.
1867 676 2074 711 Callialaneu.].

302 719 403 746 Petrus
419 719 536 746 Aveline
550 720 586 746 de
599 720 757 748 Fourmies.
774 721 867 754 presb.
884 720 1030 747 Gamerae.
1045 720 1131 749 dioc..
1149 720 1258 746 bachal.
1276 721 1307 746 in
1322 721 1440 750 decret..
1457 722 1524 747 actu
1538 722 1635 754 legens
1651 723 1781 749 Parisius.

301 768 453 794 Nicholaus
467 767 553 795 Mie'e⁴
568 769 674 802 presb..
690 769 787 795 licent.
802 769 833 795 in
846 769 899 802 leg.
915 771 944 795 et
958 769 1070 795 bachal.
1085 769 1116 794 in
1131 769 1236 796 decret.
1254 768 1299 804 [de
1313 777 1376 795 can.
1394 770 1425 795 in
1437 771 1505 796 ecel.
1523 770 1664 805 Ebroyc.].
1920 772 1971 807 [15]

302 855 483 888 Premisse
512 856 626 900 gratie
657 856 919 901 intelligantur,
949 857 980 889 si
1010 869 1090 889 cuin
1122 857 1243 902 rigore
1274 857 1448 890 examinis
1470 857 1662 890 habuerint
1688 858 1882 890 licentiam.
1907 860 1945 892 B.
1972 881 2004 883 ἡ
2036 862 2075 893 Et

212 922 310 966 quod
335 928 518 955 transeant
543 923 622 955 sine
642 922 709 955 alia
734 922 902 957 lectione.
920 944 964 947 —
980 923 1066 956 Fiat.
1091 924 1130 956 B.
1154 944 1197 947 —
1223 925 1351 956 Datum
1373 924 1554 957 Avinione
1576 925 1848 969 quartodecimo
1871 925 1938 957 kal.
1965 927 2075 965 Junii,

212 1000 305 1021 anno
322 988 441 1023 tertio,

305 1087 367 1118 Reg.
386 1087 480 1118 Suppl.
493 1087 550 1110 Vnt.
568 1087 668 1110 Urbani
683 1088 713 1116 V,
729 1095 771 1110 an.
784 1089 807 1116 3,
823 1096 849 1118 p.
869 1088 893 1117 2,
910 1088 955 1111 fol.
969 1089 1006 1111 58.
1022 1102 1051 1106 —
1065 1089 1093 1111 ln
1110 1089 1159 1111 fine
1175 1089 1316 1120 cujuslibet
1331 1089 1437 1112 additur
1454 1097 1458 1112 :
1476 1099 1489 1111 «
1506 1089 1594 1112 Fiat».

304 1171 326 1194 1.
341 1172 409 1194 Haec
431 1172 471 1194 vel
491 1171 586 1195 similis
604 1173 715 1195 foi-mula
737 1175 797 1195 ante
814 1172 958 1203 quemlibet
978 1173 1142 1204 sequentium
1164 1172 1300 1204 repetitur,
1319 1181 1398 1204 quam
1418 1173 1538 1196 consulto
1561 1173 1762 1204 supprimimus.
1784 1173 1870 1204 Aliqui
1890 1174 2077 1204 magistrorum

207 1215 260 1246 jam
274 1215 300 1238 in
315 1216 401 1239 rotulo
414 1224 495 1247 supra
511 1217 620 1239 n⁰1263.
635 1230 665 1234 ·-
676 1218 697 1240 2.
708 1217 813 1248 Suppl.,
823 1217 884 1245 l.‹*.,
894 1218 939 1241 fol.
949 1217 988 1246 91,
1003 1217 1128 1240 scribitur
1143 1226 1153 1239 «
1170 1217 1273 1248 Quoqui
1290 1226 1311 1240 υ,
1325 1231 1355 1235 —-
1370 1219 1392 1241 3.
1405 1218 1452 1240 An.
1467 1218 1537 1247 1375,
1551 1219 1657 1242 Januar.
1668 1218 1706 1245 31,
1723 1227 1780 1240 eum
1791 1219 2077 1249 essetcnn.1lot01nug.

209 1262 234 1282 et
248 1260 345 1283 decret.
361 1260 459 1288 doctor,
476 1260 557 1292 episc.
572 1260 709 1291 Bajocens.
722 1262 793 1292 (Reg.
806 1262 885 1284 Aven.
904 1261 982 1292 Greg.
1000 1262 1041 1290 XI,
1058 1262 1110 1285 vol.
1127 1262 1200 1290 xxv,
1218 1262 1262 1285 sol.
1278 1262 1343 1291 427).
1359 1261 1394 1284 De
1409 1262 1467 1293 ipso
1481 1261 1534 1285 vid.
1550 1262 1621 1286 Gall.
1639 1263 1744 1290 christ„
1762 1263 1804 1289 XI,
1820 1264 1865 1286 375
1883 1271 1951 1293 sqq.,
1969 1266 1993 1285 et
2009 1263 2077 1285 insi-a

209 1304 242 1327 ad
258 1312 300 1328 an.
316 1304 385 1332 1388,
402 1304 462 1328 Maii
478 1306 501 1328 9.
517 1319 544 1322 —
562 1306 585 1328 4.
600 1305 635 1328 Ad
653 1313 695 1329 an.
712 1306 772 1328 1366
785 1306 881 1329 mentio
896 1306 926 1329 fit
940 1305 1075 1329 Guillelmi
1095 1306 1169 1334 Mide,
1184 1306 1272 1329 licent.
1291 1306 1317 1329 in
1332 1306 1385 1337 leg.
1405 1306 1553 1329 Aurelianis
1569 1306 1595 1329 in
1614 1306 1700 1337 rigore
1715 1307 1850 1335 examinis,
1868 1307 1930 1329 olim
1947 1307 2075 1330 scholaris

209 1348 309 1372 Urbani
325 1349 346 1371 V
361 1349 386 1371 in
404 1349 463 1380 jure
481 1357 548 1377 cum,
566 1349 644 1373 unius
658 1350 777 1381 judicum
791 1350 879 1373 curiae
895 1350 980 1374 Paris.
999 1353 1024 1373 et
1038 1350 1160 1373 officialis
1177 1350 1281 1374 Ebroic.
1300 1350 1403 1381 (Suppl.
1417 1351 1482 1374 Urb.
1497 1351 1526 1378 V,
1539 1359 1579 1373 an.
1597 1352 1620 1380 4,
1636 1360 1664 1382 p.
1678 1352 1699 1380 1,
1714 1351 1757 1374 sol.
1772 1352 1816 1374 180
1824 1351 1854 1380 b).

213 1510 353 1547 1305.
377 1529 390 1544 «
408 1520 527 1546 Botulus
544 1520 736 1555 theologorum
752 1521 910 1547 Parisiens.
930 1532 942 1545 »

1551 1564 1626 1592 7365.
1647 1564 1718 1589 dunis
1731 1564 1769 1589 14.

295 1646 506 1691 Apostolice
528 1647 707 1679 sanctitati
727 1647 926 1680 vestre¹....
949 1647 1152 1692 supplicant
1176 1647 1360 1680 humiliter
1382 1647 1503 1680 devoti
1525 1648 1637 1680 vestri
1659 1654 1836 1687 oratores,
1854 1648 2015 1692 magistri
2037 1648 2073 1679 in

207 1711 388 1757 theologia
411 1713 570 1745 Parisius
596 1719 674 1745 actu
703 1719 888 1758 regentes,
911 1720 1089 1758 quatenus
1111 1714 1235 1746 eadem
1259 1714 1430 1747 sanctitas
1452 1714 1624 1759 dignetur
1645 1726 1708 1746 eos
1729 1713 1862 1746 habere
1884 1721 2073 1746 excusatos

206 1779 250 1812 de
272 1786 307 1812 et
327 1791 437 1824 super
458 1780 620 1824 presenti
650 1780 840 1813 iteratione
872 1781 1101 1825 petitionum,
1123 1781 1166 1813 ad
1195 1793 1299 1825 quam
1324 1781 1431 1813 nimia
1459 1781 1660 1814 necessitas
1682 1788 1716 1813 et
1737 1781 1934 1826 singularis
1954 1788 2073 1814 vestre

206 1845 442 1890 benignitatis
463 1846 682 1879 confidentia
703 1846 770 1880 hos
795 1847 993 1892 compellit,
1017 1847 1122 1880 solita
1144 1847 1238 1880 dicte
1262 1847 1499 1892 benignitatis
1525 1847 1709 1880 affluentia
1730 1848 1867 1880 eisdem
1891 1848 2073 1892 magistris

205 1912 357 1945 inferius
387 1912 424 1945 in
453 1913 614 1958 presenti
645 1913 764 1946 rotulo
795 1914 989 1947 nominatis
1017 1914 1167 1959 gratiam
1199 1913 1392 1959 specialem
1420 1914 1586 1946 faciendo
1616 1914 1659 1946 de
1685 1913 1875 1946 benefieiis
1901 1914 2072 1947 ecelesia-

205 1979 307 2012 sticis

294 2078 389 2104 Primo
404 2078 485 2104 fratri
500 2079 628 2104 Johanni
642 2079 677 2105 de
688 2079 834 2109 HesdIniQ
849 2079 918 2105 Ord.
933 2079 959 2105 S.
973 2079 1114 2105 Johannis
1128 2079 1347 2108 Jherosolimit..
1361 2079 1470 2105 decano
1482 2079 1518 2105 ad
1534 2087 1648 2113 presens
1662 2080 1821 2112 theologice
1835 2079 1977 2105 facultatis
1992 2079 2071 2104 Pari-

203 2126 270 2155 sius,
287 2126 339 2160 qui
354 2134 406 2160 per
421 2135 475 2153 xxv
489 2135 580 2153 annos
601 2128 655 2153 suit
670 2128 752 2161 quasi
777 2128 917 2154 continue
937 2128 1059 2154 Parisius
1080 2130 1147 2154 actu
1163 2136 1273 2161 regens,
1290 2130 1408 2161 excepto
1424 2130 1555 2161 tempore
1570 2136 1631 2162 quo
1652 2129 1682 2154 in
1706 2129 1848 2154 Avinione
1867 2136 1936 2154 eum
1951 2128 2072 2153 domino

202 2175 347 2201 cardinale
366 2175 528 2202 Boloniensi
553 2176 662 2210 peregit
682 2177 824 2202 lecturam
846 2184 933 2210 supra
949 2176 1012 2206 Job‚
1030 2185 1120 2210 quam
1142 2177 1263 2202 Parisius
1282 2177 1438 2210 inceperat.
1455 2178 1483 2202 et
1498 2178 1595 2210 postea
1612 2177 1734 2202 Parisius
1749 2178 1814 2203 fecit
1830 2178 1969 2203 lecturam
1986 2184 2071 2209 supra

202 2224 353 2257 epistolam
370 2225 450 2250 Pauli
465 2225 501 2250 ad
516 2225 625 2253 Titum.
642 2233 711 2251 cum
733 2225 868 2259 pluribus
890 2225 1074 2252 sermonibus
1096 2227 1124 2251 et
1147 2225 1208 2251 aliis
1231 2225 1377 2259 operibus,
1403 2233 1461 2259 quc
1482 2233 1533 2259 per
1554 2226 1668 2259 copiam
1693 2226 1840 2252 habentur
1863 2225 2003 2251 l’arisius2
2027 2225 2072 2259 [dc

201 2272 311 2300 remiss.
328 2273 460 2307 peceat.].

289 2322 362 2348 Item
384 2322 497 2348 Nicolao
517 2323 553 2348 de
567 2323 697 2348 Danvilla
711 2323 817 2356 presb..
831 2331 909 2357 mag.
925 2323 957 2349 in
978 2325 1032 2349 art.
1051 2323 1182 2352 Parisius,
1208 2323 1239 2348 in
1262 2330 1339 2349 sacra
1354 2323 1482 2356 theolog.
1506 2323 1614 2349 ibidem
1638 2325 1704 2349 actu
1727 2323 1837 2356 regenti
1853 2331 1868 2348 a
1885 2323 1960 2356 xxiiij
1977 2323 2069 2351 anuis,

202 2370 300 2400 Paris..
316 2370 432 2397 Abrinc.
449 2372 477 2397 et
492 2371 518 2397 S.
537 2371 688 2405 Gaugerici
704 2372 850 2398 Gamerae.
864 2372 961 2399 eccles.
977 2380 1039 2398 can.
1058 2372 1197 2405 prebend.
1212 2379 1244 2398 ac
1259 2371 1462 2405 penitentiario
1477 2372 1543 2397 eccl.
1562 2372 1647 2398 Paris.
1667 2371 1774 2406 [ide1n].

289 2419 362 2444 Item
376 2419 500 2446 Roberto
514 2420 550 2446 de
565 2420 701 2454 Corbeya,
719 2428 796 2454 mag.
814 2421 845 2446 in
860 2422 914 2448 art.
934 2421 1019 2446 Paris.
1036 2422 1065 2446 et
1077 2421 1108 2446 in
1123 2428 1144 2446 s.
1163 2421 1250 2446 theol.
1266 2420 1318 2453 qui
1334 2421 1394 2445 tam
1415 2420 1538 2453 legendo
1555 2421 1771 2454 philosophiam
1787 2428 1877 2453 quam
1894 2420 2070 2453 theologiam

202 2467 324 2493 Parisius
339 2468 412 2494 rexit
427 2476 478 2502 per
493 2469 623 2502 spacium
646 2469 722 2503 xxiiij
745 2477 904 2499 annorum,
928 2470 1030 2503 bisque
1051 2469 1107 2495 fuit
1128 2469 1246 2495 interim
1263 2471 1356 2495 rector
1372 2469 1566 2495 Universitatis
1589 2470 1673 2495 Paris.
1691 2472 1719 2495 et
1741 2471 1784 2495 ter
1799 2469 1921 2494 nuntius
1940 2469 2070 2501 ejusdem

201 2516 237 2542 ad
252 2516 349 2542 sedem
361 2519 452 2550 apost.
470 2518 639 2547 destinatus,
652 2526 684 2544 ac
699 2519 808 2552 pluries
823 2519 960 2544 mandata
975 2518 1051 2545 dicte
1066 2518 1138 2544 sedis
1150 2520 1240 2551 apost.
1259 2525 1356 2551 regem
1372 2518 1391 2542 F
1394 2517 1499 2546 rancie,
1519 2519 1590 2544 tunc
1604 2518 1710 2544 ducem
1726 2518 1909 2547 Normannie,
1925 2519 1952 2543 et
1974 2517 2069 2542 villain

203 2565 287 2591 Paris.
303 2566 452 2598 tangentia
464 2574 524 2592 non
539 2567 600 2593 sine
615 2567 730 2595 timore.
748 2567 814 2593 licet
828 2575 897 2593 cum
910 2568 1017 2597 labore,
1030 2567 1185 2600 diligenter
1199 2567 1332 2600 exposuit
1345 2574 1377 2592 ae
1397 2568 1515 2600 propter
1536 2567 1697 2592 infortunia
1715 2569 1743 2593 et
1761 2567 1942 2592 adversitates
1963 2566 2070 2591 inultas

201 2615 230 2639 et
245 2614 335 2640 malas
354 2622 493 2648 magnam
515 2617 628 2649 partem
650 2623 772 2642 suorum
792 2616 964 2642 reddituum
986 2616 1196 2649 temporalium
1211 2615 1345 2641 alienavit
1361 2614 1405 2650 [de
1419 2623 1481 2641 can.
1501 2616 1598 2645 Paris,
1616 2623 1675 2641 non
1699 2616 1831 2641 obstante
1855 2615 2025 2641 canonicatu
2041 2616 2069 2640 et

201 2662 347 2695 prebenda
362 2663 476 2690 ecclesie
491 2664 620 2694 Carnot..
634 2666 662 2690 et
674 2672 737 2691 can.
755 2666 783 2691 et
802 2665 883 2699 preb.
898 2665 928 2691 B.
946 2665 1052 2691 Mathei
1068 2665 1181 2691 FolIIac.
1200 2664 1334 2690 Ambian.
1349 2663 1444 2698 dioc.].

289 2712 362 2737 Item
376 2712 534 2739 Guillelmo
548 2713 584 2739 de
597 2713 624 2739 S.
642 2714 782 2747 Remigio,
800 2721 877 2747 mag.
892 2714 922 2739 in
938 2715 991 2739 art.
1011 2714 1095 2741 Paris.
1111 2715 1139 2739 et
1153 2714 1183 2739 in
1198 2721 1218 2738 s.
1237 2713 1363 2746 theolog.
1380 2712 1424 2747 [de
1437 2721 1499 2738 can.
1515 2713 1582 2739 ecel.
1600 2712 1773 2746 Cathala11.].

289 2761 361 2786 Item
376 2761 495 2794 Symoni
506 2762 623 2791 Freron,
635 2762 728 2795 presb.
742 2762 935 2789 Suessionens.
948 2762 1034 2792 dioc.‚
1046 2770 1124 2795 mag.
1138 2762 1167 2788 in
1180 2764 1233 2788 art.
1248 2762 1332 2787 Paris.
1343 2769 1358 2786 a
1371 2761 1445 2794 xxiiij
1460 2762 1554 2790 annis,
1566 2770 1598 2787 ae
1609 2762 1719 2795 regenti
1732 2761 1853 2786 Parisius
1866 2761 1894 2785 in
1906 2768 1926 2785 s.
1941 2760 2066 2791 theolog.

200 2816 215 2834 a
232 2817 248 2834 x
262 2809 346 2834 annis
361 2810 431 2835 citra
448 2809 493 2844 [de
505 2818 569 2838 can.
586 2811 652 2837 eccl.
668 2811 798 2840 Tornae..
817 2819 876 2837 non
891 2811 1025 2837 obstante
1038 2819 1100 2837 can.
1116 2813 1144 2837 et
1159 2811 1238 2844 preb.
1254 2810 1321 2836 eccl.
1339 2810 1508 2844 Camerac.].

291 2858 363 2883 Item
380 2858 535 2885 Laurentio
549 2859 664 2889 Yvonis,
681 2860 775 2893 presb.
792 2860 966 2893 Rothomag.
988 2860 1074 2889 dioc.‚
1092 2868 1168 2893 mag.
1190 2860 1221 2884 in
1240 2860 1294 2884 art.
1313 2859 1397 2884 Paris.
1415 2860 1442 2883 et
1461 2858 1490 2884 in
1510 2866 1530 2884 s.
1551 2859 1678 2890 theolog.
1696 2857 1739 2892 [de
1754 2865 1816 2883 can.
1834 2857 1901 2883 ecel.
1918 2856 2065 2883 Ambian..

201 2913 263 2932 non
283 2906 416 2933 obstante
436 2915 498 2934 ean.
521 2908 588 2934 eccl.
611 2908 703 2934 Baioc.
722 2908 753 2934 in
774 2909 868 2942 patria
885 2909 1010 2934 desolata
1025 2916 1076 2942 per
1095 2908 1232 2943 guerras].
