2488 3386
207 310 302 346 1387]
623 324 669 344 AB
703 324 808 345 ANNO
844 324 973 346 MCCCL
1007 325 1138 352 USQUE
1174 326 1221 346 Αῐ)
1257 326 1519 347 BENEDtCTUM
1554 327 1644 348 xm.
2001 306 2066 350 46'5

208 413 513 449 1543.Slalu!1tm
530 422 655 447 nationis
672 423 895 447 Nor-marmorum
911 421 946 447 de
962 422 1042 447 modo
1057 422 1182 456 eligendi
1197 424 1349 455 officiarios
1365 424 1500 458 nationis,
1518 428 1545 449 ct
1556 424 1590 449 <Ic
1599 425 1763 459 juramento
1778 425 1946 454 eorumdem.

1357 502 1435 530 7387,
1451 502 1596 527 Novembris
1612 503 1649 532 77,
1665 503 1778 529 Parisiis.

293 575 482 608 Universis
510 581 699 619 presentes
726 574 864 607 litteras
892 574 1113 619 inspecturis
1141 587 1208 608 nos
1230 587 1357 608 omnes
1380 582 1414 608 et
1443 576 1579 620 singuli
1608 577 1771 621 magistri
1793 578 1954 610 nacionis
1976 579 2066 610 Nor-

204 653 390 674 manorum
412 648 490 674 actu
512 647 683 684 regentes
710 641 870 674 Parisius
898 641 934 672 in
962 641 1128 674 facultate
1156 642 1305 679 arcium,
1333 641 1483 674 salutem
1514 642 1548 674 in
1575 654 1617 674 eo
1639 643 1699 687 qui
1721 650 1776 675 est
1803 644 1960 675 omnium
1983 656 2066 676 vera

203 707 313 740 salus.
337 708 426 741 Cum
448 707 623 739 hactenus
643 707 680 739 in
701 707 1002 739 consuetudinem
1025 714 1241 749 verteretur,
1263 720 1344 752 ymo
1367 709 1494 753 pocius
1515 709 1769 753 corruptelam,
1793 710 1888 753 quod
1911 710 2066 742 instante

203 781 364 818 tempore
387 773 576 806 electionis
597 773 813 806 celebrande
835 774 871 805 in
893 774 985 806 dicta
1009 774 1161 807 nacione
1191 786 1255 819 pro
1284 774 1401 819 aliqua
1432 775 1619 819 legacione
1640 775 1697 808 vel
1718 775 1835 808 officio
1859 776 1974 815 multi,
1997 782 2064 808 tam

203 840 366 885 magistri
388 851 490 884 quam
515 851 586 872 non
609 840 784 884 magistri,
807 839 903 872 illam
925 840 982 873 vel
1003 840 1094 872 illud
1115 841 1374 885 pretendentes
1396 840 1543 880 habere,
1566 841 1665 873 ibant
1685 841 1867 874 hostiatim
1890 842 1934 873 de
1961 842 2067 874 domo

203 906 247 939 ad
265 906 424 946 domum,
443 918 506 950 per
524 918 562 938 se
580 912 613 938 et
630 918 717 938 suos
734 906 869 939 amicos
886 906 929 938 ad
946 913 1080 951 partem
1100 907 1257 951 singulis
1275 907 1459 952 magistris
1476 907 1727 952 supplicaturi,
1745 908 1781 939 in
1799 914 1932 940 tantum
1951 907 2064 952 quod'

205 979 352 1018 propter
373 973 679 1017 importunitatem
702 973 754 1005 sic
776 973 1061 1017 supplicancium
1091 979 1123 1006 et
1152 985 1300 1006 suorum
1333 974 1526 1006 amicorum
1557 973 1724 1006 nonnulli
1752 974 1915 1019 magistri
1945 981 2069 1007 contra

204 1039 467 1072 conscienciam
492 1039 613 1084 dignis
636 1039 755 1071 minus
778 1039 909 1084 dignos
931 1039 1173 1084 preferebant,
1194 1040 1289 1072 unde
1310 1046 1475 1084 poterant
1491 1040 1578 1072 oriri
1600 1040 1812 1081 divisiones,
1831 1040 2013 1073 discordie
2036 1047 2068 1073 et

205 1105 503 1138 inconveniencia
533 1117 540 1137 ε
574 1112 793 1150 quapropter
820 1105 985 1138 volentes
1010 1106 1047 1138 in
1075 1106 1233 1138 futurum
1265 1106 1398 1139 talibus
1430 1106 1590 1147 obviare,
1619 1118 1686 1139 nos
1714 1118 1840 1139 omnes
1871 1113 1906 1139 et
1935 1107 2070 1151 singuli

206 1172 370 1217 magistri
391 1172 485 1204 dicte
506 1172 682 1211 nacionis,
704 1179 772 1204 tam
795 1179 966 1217 regentes
992 1184 1095 1217 quam
1125 1185 1197 1205 non
1219 1180 1403 1217 regentes,
1427 1185 1537 1217 super
1562 1173 1630 1206 hoc
1652 1185 1715 1218 per
1736 1173 1953 1206 servientem
1970 1174 2071 1218 jura-

207 1246 279 1272 tum
303 1239 397 1271 dicte
414 1239 590 1279 nacionis,
614 1245 651 1271 ut
672 1239 783 1271 moris
801 1245 868 1279 est,
889 1239 932 1271 ad
954 1239 1199 1279 statuendum,
1222 1240 1460 1272 ordinandum
1485 1246 1519 1272 et
1541 1240 1826 1284 dispensandum
1849 1240 1985 1284 pluries
2007 1252 2071 1284 per

201 1307 446 1350 juramentum
468 1305 596 1345 vocati,
617 1305 659 1337 de
682 1306 863 1337 communi
884 1317 1066 1338 consensu
1089 1306 1248 1338 omnium
1271 1313 1448 1346 nostrum,
1472 1306 1572 1338 nullo
1594 1306 1823 1346 reclamante,
1846 1318 1910 1351 pro
1932 1306 2070 1339 honore

207 1372 324 1405 tocius
358 1372 522 1404 nacionis
557 1371 816 1404 inviolabiliter
847 1371 1089 1412 observando,
1121 1373 1312 1405 statuimus
1342 1379 1375 1405 et
1410 1373 1632 1413 ordinamus,
1663 1373 1759 1417 quod
1790 1373 1918 1405 amodo
1949 1373 2072 1406 nullus

207 1438 340 1472 habere
356 1438 484 1471 volens
505 1438 659 1471 officium
677 1438 734 1471 vel
754 1438 978 1482 legacionem
1001 1439 1038 1471 in
1056 1439 1148 1471 dicta
1165 1439 1329 1480 nacione,
1348 1440 1610 1483 cujuscumque
1632 1445 1744 1471 status
1766 1446 1825 1471 aut
1845 1439 2072 1472 condicionis

208 1505 348 1545 existat,
372 1505 551 1549 supplicet
573 1505 616 1537 ad
638 1511 773 1549 partem
795 1504 852 1537 vel
878 1505 983 1537 saciat
1016 1505 1211 1550 supplicari
1242 1505 1348 1537 alicui
1380 1505 1553 1550 magistro
1574 1505 1631 1537 vel
1663 1505 1845 1549 aliquibus
1874 1505 2072 1550 magistris,

207 1564 273 1621 Per
299 1584 337 1604 se
358 1571 415 1604 vel
442 1571 564 1606 alium,
588 1571 723 1604 directe
750 1571 806 1604 vel
834 1571 1023 1611 indirecte,
1054 1583 1119 1616 pro
1147 1571 1265 1616 aliqua
1295 1572 1484 1616 legacione
1509 1572 1566 1604 vel
1596 1571 1713 1604 officio
1741 1584 1982 1616 quocumque,
2006 1572 2073 1604 sub

209 1651 299 1684 pena
321 1638 552 1683 privacionis,
572 1650 636 1682 pro
658 1637 717 1670 illa
734 1638 824 1678 vice,
843 1637 942 1670 illius
959 1638 1066 1670 officii
1083 1638 1140 1670 vel
1162 1638 1375 1686 legacionis,
1400 1650 1463 1682 pro
1484 1650 1554 1682 quo
1572 1638 1629 1670 vel
1651 1650 1719 1682 qua
1740 1638 1858 1670 taliter
1874 1638 2072 1687 acl-partem

209 1705 480 1751 supplicaverit,
502 1711 561 1737 aut
580 1705 707 1737 fecerit
728 1704 945 1749 supplicare.
969 1705 1011 1737 Et
1032 1704 1093 1737 fiet
1114 1704 1243 1737 electio
1266 1705 1325 1737 tali
1348 1705 1467 1745 modo,
1486 1705 1656 1737 videlicet
1676 1705 1772 1749 quod
1795 1717 1920 1737 omnes
1943 1705 2076 1749 suppli-

209 1779 332 1805 cantes
354 1784 418 1817 pro
441 1772 572 1812 ossicio,
591 1778 657 1804 tam
681 1783 746 1816 pro
764 1783 803 1804 se
824 1783 929 1816 quam
952 1783 1016 1816 pro
1034 1771 1116 1809 alio,
1135 1772 1171 1803 in
1193 1778 1389 1816 conspectu
1414 1772 1524 1804 totius
1546 1771 1721 1811 nacionis,
1741 1771 1963 1804 immediate2
1981 1778 2076 1804 ante-

209 1851 315 1884 quam
338 1838 556 1883 supplicent,
578 1837 763 1871 habebunt
783 1839 906 1882 jurare
928 1838 970 1870 ad
993 1845 1112 1870 sancta
1135 1838 1201 1871 Dei
1226 1838 1459 1882 Evuangelia,
1482 1838 1579 1882 quod
1601 1850 1673 1870 non
1695 1838 1990 1882 supplicaverunt
2011 1850 2076 1871 nec

209 1906 376 1938 fecerunt
397 1904 604 1949 supplicari,
635 1916 699 1949 per
721 1916 759 1936 se
780 1904 836 1936 vel
864 1916 928 1949 per
948 1904 1069 1945 alium,
1093 1905 1230 1937 directe
1251 1905 1307 1937 vel
1329 1905 1518 1945 indirecte,
1542 1904 1585 1936 ad
1611 1911 1746 1949 partem
1769 1904 1874 1936 alicui
1902 1905 2075 1949 magistro

210 1963 268 2005 vel
301 1971 483 2016 aliquibus
513 1971 788 2016 quoquomodo,
822 1971 1050 2015 postmodum
1083 1971 1254 2003 recedant
1285 1978 1319 2003 et
1354 1978 1438 2003 tunc
1473 1977 1685 2015 procurator
1715 1971 1810 2003 dicet
1841 1971 1907 2003 ista
1933 1971 2073 2004 verba:

212 2053 228 2070 «
252 2038 416 2083 Magistri
438 2038 520 2078 mei,
543 2037 733 2070 audivistis
755 2037 1002 2082 supplicantes
1021 2051 1051 2078 υ,
1069 2037 1126 2070 vel
1149 2052 1164 2068 «
1188 2037 1451 2082 supplicantem
1471 2051 1500 2078 »,
1524 2038 1553 2070 si
1576 2037 1622 2070 sit
1643 2049 1736 2069 unus
1758 2038 1942 2077 duntaxat,
1968 2052 1983 2068 α
2007 2050 2075 2082 ego

212 2105 358 2150 requiro
380 2104 579 2149 quemlibet
599 2111 758 2137 vestrum
780 2104 847 2137 sub
870 2104 993 2137 debito
1015 2104 1224 2148 juramenti,
1248 2105 1278 2136 si
1301 2104 1389 2136 sciat
1418 2104 1525 2136 istum
1554 2110 1614 2136 aut
1641 2104 1794 2148 aliquem
1818 2104 1967 2136 istorum
1992 2116 2075 2148 sup—

211 2172 366 2217 plicasse
388 2171 430 2204 ad
453 2178 602 2216 partem,
625 2182 689 2215 per
710 2182 749 2203 se
769 2170 825 2203 vel
857 2183 920 2215 per
941 2171 1061 2211 alium,
1085 2182 1150 2215 pro
1172 2170 1290 2203 officio
1318 2170 1375 2203 vel
1406 2170 1594 2215 legacione
1623 2182 1686 2214 pro
1708 2182 1778 2214 quo
1800 2170 1856 2202 vel
1884 2182 1951 2214 qua
1979 2182 2074 2203 nunc

210 2238 439 2284 supplicavit,
464 2244 641 2282 quatenus
662 2238 741 2282 ipse
763 2237 852 2269 dicat
876 2237 933 2269 vel
955 2237 1104 2277 revelet,
1121 2244 1310 2281 antequam
1332 2237 1375 2269 ad
1398 2237 1612 2269 electionem
1636 2236 1787 2268 ulterius
1810 2237 2037 2281 procedatur.
2059 2251 2073 2266 »

211 2305 317 2348 Quod
339 2305 369 2338 si
392 2304 604 2349 reperiatur,
630 2310 669 2336 ut
696 2315 804 2349 supra
827 2310 956 2336 tactum
980 2310 1034 2336 est
1056 2315 1063 2335 :
1087 2304 1205 2348 ipsum
1228 2303 1285 2336 vel
1306 2304 1407 2348 ipsos
1430 2315 1472 2335 ex
1494 2315 1589 2336 nunc
1612 2309 1643 2335 et
1665 2315 1729 2347 pro
1752 2310 1849 2344 tunc,
1872 2315 1914 2335 ex
1935 2310 2019 2335 tunc
2041 2310 2075 2336 et

212 2384 276 2417 pro
298 2383 406 2412 nunc,
429 2371 472 2404 ab
492 2370 552 2403 illa
573 2370 751 2403 electione
774 2377 808 2403 et
827 2370 1016 2415 legacione
1038 2370 1094 2402 vel
1116 2370 1233 2402 officio
1256 2370 1475 2414 privavimus
1497 2376 1531 2402 et
1553 2370 1748 2414 privamus,
1771 2376 1876 2414 atque
1899 2370 2072 2414 privatum

212 2438 457 2483 ‘seu'privatos
477 2436 601 2469 haberi
622 2436 791 2469 volumus
820 2448 882 2481 per
904 2443 1105 2481 presentes.
1134 2438 1179 2469 Ut
1205 2443 1321 2468 autem
1351 2436 1418 2468 hoc
1440 2442 1610 2468 statutum
1640 2436 1783 2468 roboris
1812 2435 1941 2468 habeat
1965 2435 2075 2468 sirmi-

212 2512 316 2537 tatem
348 2505 383 2536 in
412 2505 584 2544 futurum,
615 2504 651 2535 in
681 2504 838 2547 registro
861 2503 954 2535 dicte
985 2509 1108 2535 nostre
1139 2503 1302 2535 nacionis
1331 2514 1409 2534 cum
1441 2502 1520 2534 aliis
1551 2502 1686 2534 nostris
1714 2502 2011 2534 ordimicionibus
2041 2509 2073 2534 et

212 2569 355 2604 [statutis
376 2571 461 2615 poni
483 2570 616 2615 pariter
637 2576 670 2602 et
692 2569 802 2602 scribi
824 2569 1018 2602 voluimus.
1042 2570 1081 2601 In
1103 2570 1207 2613 cujus
1233 2569 1283 2601 rci
1307 2569 1552 2601 testimonium
1575 2568 1735 2616 sigillum
1761 2568 1883 2601 nostre
1913 2569 2074 2601 nacionis

212 2637 445 2683 presentibus
463 2637 630 2669 duximus
645 2636 911 2681 apponendum.
936 2637 1062 2668 Datum
1085 2635 1245 2668 Parisius
1266 2635 1361 2679 apud
1380 2636 1546 2668 Sanctum
1570 2635 1801 2674 Maturinum,
1820 2622 1912 2667 anno
1931 2635 2074 2667 Domini

213 2704 407 2736 millesimo
429 2703 684 2736 trecentesimo
706 2703 931 2748 octogesimo
954 2703 1122 2747 septimo,
1141 2702 1199 2734 die
1222 2702 1360 2734 decima
1384 2701 1535 2746 septima
1558 2702 1695 2734 mensis
1717 2701 1943 2734 Novembris.

306 2793 369 2816 cod.
386 2793 504 2822 llarcur„
519 2792 562 2815 sol.
580 2792 633 2815 137.
649 2805 679 2809 —-
697 2792 834 2819 Jourdain,
852 2797 880 2815 n⁰
896 2793 950 2815 829.

309 2874 329 2896 1.
345 2872 472 2895 Jourdnin
490 2880 628 2903 perperam
645 2880 651 2895 :
669 2881 679 2894 (ι
693 2875 717 2895 ct
733 2872 863 2895 interdum
882 2880 893 2894 n
910 2880 958 2903 pro
975 2880 980 2895 ’.
999 2880 1009 2894 a
1026 2872 1051 2894 in
1067 2875 1168 2894 tantum
1185 2871 1252 2902 quod
1267 2879 1286 2893 γ).
1303 2885 1333 2887 -
1346 2871 1368 2893 2.
1381 2870 1507 2893 Jourdain
1521 2870 1618 2892 omittit
1633 2870 1699 2892 hanc
1715 2878 1812 2892 νοω-ιιι.

338 2921 385 2936 *¹³⁶*
405 2918 499 2941 Chart.
522 2916 599 2940 Univ.
617 2916 712 2940 Paris.
732 2917 778 2939 111.
1922 2915 1952 2936 59
