2488 3386
198 381 295 417 1366]
615 395 661 417 ΑΒ
696 395 801 417 ΑΝΝΟ
835 395 967 417 MCCCL
1000 395 1130 423 USQUE
1165 395 1213 417 AD
1249 395 1515 418 BENEDICTUM
1549 397 1639 418 an.
1992 388 2053 421 147

197 469 376 509 concessi,
399 468 589 502 statuimus
611 470 708 514 quod
730 469 852 502 nullus
873 469 1080 502 admittatur
1101 469 1144 501 ad
1172 470 1344 502 utendum
1371 476 1406 502 et
1430 470 1661 514 gaudendum
1691 471 1882 515 privilegio
1911 478 2056 516 septen-

197 534 268 567 nali
290 535 483 576 antedicto,
507 536 577 568 nisi
600 537 739 569 venerit
763 548 882 569 coram
910 536 1152 569 Universitate
1180 536 1338 580 predicta
1366 542 1426 568 aut
1453 536 1632 580 deputatis
1663 537 1706 569 de
1732 544 1885 581 quatuor
1909 538 2056 570 faculta-

198 601 295 634 tibus
315 601 359 634 ab
380 602 518 642 eadem,
548 602 712 635 dicturus
739 602 862 636 verbis
892 603 1013 635 latinis
1041 614 1183 635 causam
1215 614 1330 642 suam,
1360 609 1397 634 ut
1427 602 1520 634 dicta
1551 603 1776 636 Universitas
1807 615 1871 636 seu
1898 604 2056 648 deputati

198 668 317 701 videat
337 680 402 701 seu
422 669 579 709 videant,
604 670 633 701 si
655 681 761 702 causa
783 670 947 714 ejusdem
968 669 1196 702 contineatur
1215 668 1283 702 sub
1304 669 1418 713 ipso’³
1438 669 1630 713 privilegio
1651 670 1865 714 septennali.

288 736 374 768 Item
407 735 503 780 quod
529 735 669 769 dictis2‘
698 736 824 769 volens
852 736 903 769 uti
931 748 1048 769 coram
1080 736 1173 768 dicta
1200 736 1443 768 Universitate
1469 742 1523 768 au!
1549 736 1712 780 predicto
1741 737 1848 769 modo
1879 737 2058 781 deputatis

194 801 343 846 jurabit.
366 803 462 846 quod
485 814 557 835 non
580 803 646 835 fuit
672 815 736 848 per
761 810 899 848 septem
921 814 1036 835 annos
1058 814 1146 835 usus
1168 802 1361 847 privilegio
1381 796 1578 842 antediem,
1601 814 1666 835 nec
1692 803 1728 835 in
1757 809 1941 847 posterum
1970 803 2059 836 ultra

199 875 336 912 septem
358 881 472 902 annos
499 876 631 909 utetur,
654 869 751 902 omni
773 870 898 902 fraude
919 876 1099 910 cessante,
1121 869 1363 914 computando
1385 875 1498 902 totum
1522 875 1663 913 tempus
1691 881 1762 913 quo
1785 881 1873 902 usus
1893 870 1960 902 fuit
1980 882 2058 902 cum

200 941 362 978 tempore
384 947 454 980 quo
476 942 607 968 utetur.

290 1003 376 1034 Item
393 1002 531 1046 jurabit
551 1003 647 1047 quod
669 1004 799 1036 virtute
821 1003 1002 1048 privilegii
1024 1003 1194 1035 antedicti
1217 1015 1288 1035 non
1310 1009 1408 1047 petet,
1424 1002 1494 1034 nisi
1515 1003 1653 1035 fructus
1675 1002 1745 1035 sibi
1763 1002 1906 1036 debitos
1924 1004 2061 1036 ratione

201 1068 257 1101 sui
285 1068 453 1101 beneficii
480 1076 540 1102 aut
560 1069 819 1103 beneficiorum
845 1082 1008 1110 suorum,
1031 1070 1061 1102 si
1084 1070 1184 1114 plura
1205 1069 1412 1110 obtinea1²³,
1436 1076 1643 1114 transportu
1667 1069 1764 1101 omni
1792 1076 1827 1102 et
1847 1082 2062 1115 quacunque

201 1135 369 1168 cessione
404 1143 581 1168 cessante.
614 1136 755 1179 Quibus
781 1137 911 1181 juratis
941 1137 1117 1181 factisque
1152 1135 1515 1180 interrogationibus,
1552 1136 1595 1167 de
1635 1135 1768 1180 quibus
1802 1136 1999 1178 videbitur,
2031 1143 2062 1169 et

202 1202 506 1246 responsionibus
538 1203 758 1244 subsecutis,
791 1210 909 1236 rector
939 1204 1033 1236 dicte
1066 1203 1320 1236 Universitatis
1351 1202 1604 1235 testificabitur
1630 1203 1814 1235 executori
1843 1203 1928 1236 dicti
1956 1204 2065 1248 privi-

202 1268 288 1314 legii
315 1269 470 1302 eundem
493 1281 574 1302 esse
596 1270 699 1302 talem
723 1270 820 1315 quod
843 1271 889 1303 sit
910 1270 979 1303 sibi
1000 1270 1121 1303 citatio
1142 1269 1388 1302 concedenda.
1417 1269 1482 1302 Die
1508 1281 1594 1302 vero
1621 1270 1803 1314 assignata
1824 1270 1860 1302 in
1882 1270 1959 1315 ipsa
1981 1271 2066 1303 cita-

203 1335 301 1368 tione
325 1336 418 1368 idem
442 1336 546 1369 etiam
569 1337 823 1381 personaliter,
847 1337 918 1369 nisi
942 1337 1104 1382 legitime
1126 1337 1323 1381 impeditus
1345 1336 1495 1368 arbitrio
1513 1337 1719 1369 executoris
1741 1337 1860 1376 suerit,
1884 1336 2067 1370 tenebitur

203 1402 344 1447 precise
366 1414 588 1447 comparere,
612 1403 772 1448 alioquin
794 1404 830 1436 in
852 1404 1023 1448 expensis
1045 1403 1136 1448 parti
1156 1403 1258 1436 alteri
1280 1403 1581 1447 condempnetur.

294 1469 428 1502 Statuta
444 1476 562 1502 autem
579 1470 646 1502 alia
667 1477 702 1503 et
717 1470 1004 1503 consuetudines
1021 1470 1174 1515 predicti
1192 1470 1352 1511 studii²⁶,
1369 1470 1439 1502 nisi
1456 1470 1492 1502 in
1509 1476 1681 1514 quantum
1701 1470 1890 1514 premissis
1908 1470 2066 1511 obviant,

204 1535 240 1567 in
262 1547 328 1568 suo
358 1536 527 1569 volumus
556 1536 686 1569 robore
715 1549 915 1570 remanere.
947 1537 1111 1570 Predicta
1141 1543 1258 1569 autem
1291 1537 1409 1569 omnia
1438 1543 1473 1569 et
1500 1537 1644 1581 singula
1668 1537 1878 1570 auctoritate
1911 1537 2068 1581 predicta

204 1602 415 1635 mandamus
436 1615 500 1647 per
528 1603 776 1645 cancellarios.
803 1610 977 1645 rectores,
1007 1604 1214 1649 magistros,
1238 1604 1407 1636 doctores
1437 1610 1471 1636 et
1501 1603 1661 1636 scolares
1683 1604 1928 1648 predictorum
1959 1604 2069 1636 studii

205 1675 240 1701 et
260 1669 515 1703 Universitatis
544 1677 734 1715 presentes
765 1677 797 1704 et
826 1672 980 1712 futuros,
1004 1672 1255 1715 cujuscunque
1282 1670 1418 1703 suerint
1444 1670 1646 1715 dignitatis,
1677 1670 1888 1711 nobilitatis,
1916 1671 2070 1715 preemi—

205 1736 340 1778 nentie,
355 1737 507 1778 ordinis,
522 1738 671 1782 gradus,
689 1745 802 1771 status
819 1738 876 1771 vel
893 1738 1127 1779 conditionis,
1143 1737 1403 1771 inviolabiliter
1419 1737 1619 1775 observari,
1640 1749 1711 1770 non
1730 1737 1973 1778 obstantibus,
1987 1744 2068 1778 etc.,

206 1810 243 1836 ut
270 1804 306 1836 in
336 1804 549 1849 prescriptis
575 1805 706 1837 litteris
732 1805 942 1850 apostolicis
963 1805 1182 1846 continetur,
1210 1811 1245 1837 et
1265 1805 1470 1849 cuicunque
1491 1804 1626 1837 habere
1648 1804 1784 1837 volenti
1813 1816 1876 1849 per
1902 1816 1966 1837 vos
1988 1816 2071 1837 can-

205 1870 391 1903 cellarium
421 1871 654 1914 antedictum,
686 1883 799 1917 penes
829 1884 936 1917 quem
964 1871 1032 1904 hoc
1058 1883 1211 1917 presens
1240 1871 1425 1916 publicum
1456 1871 1738 1904 instrumentum
1764 1871 1901 1916 hasque
1927 1878 2070 1904 nostras

207 1937 345 1970 litteras
366 1937 534 1971 volumus
555 1950 756 1980 remanere,
778 1946 813 1972 et
832 1950 897 1984 per
917 1950 981 1972 vos
1003 1938 1194 1984 publicari,
1217 1939 1386 1975 earum27,
1409 1950 1489 1970 cum
1517 1938 1699 1983 petierint,
1722 1938 1860 1983 copiam
1883 1938 1971 1979 dari,
1995 1938 2071 1971 suis

208 2010 327 2037 tamen
348 2005 554 2050 sumptibus
576 2012 611 2038 et
631 2006 814 2051 expensis.

298 2073 338 2104 In
360 2083 512 2116 quorum
539 2073 699 2105 omnium
726 2073 973 2106 testimonium
999 2079 1190 2118 presentes
1215 2072 1353 2105 litteras
1375 2084 1439 2105 seu
1461 2084 1614 2117 presens
1637 2071 1821 2117 publicum
1852 2072 2074 2104 instrumen-

208 2144 283 2171 tum
304 2150 369 2183 per
388 2138 591 2171 Arnoldum
613 2139 791 2172 notarium
809 2139 994 2184 publicum
1011 2139 1280 2184 infrascriptum
1299 2139 1391 2180 fieri,
1410 2139 1547 2184 signari
1563 2146 1599 2172 et
1615 2138 1791 2183 publicari
1811 2138 2073 2178 mandavimus,

209 2217 249 2238 ac
282 2205 569 2250 appensionibus
599 2213 808 2239 nostrorum
838 2206 1043 2252 sigillorum
1072 2206 1217 2239 muniri.
1251 2208 1378 2239 Datum
1410 2213 1445 2239 et
1474 2213 1590 2239 actum
1623 2206 1811 2239 Avenione
1843 2206 1879 2238 in
1908 2205 2072 2250 hospicio

210 2271 442 2305 habitationis
463 2273 592 2317 prefati
612 2273 750 2305 domini
769 2273 945 2306 ,Iohannis
966 2273 1160 2306 cardinalis
1181 2285 1274 2306 anno
1296 2285 1314 2305 a
1336 2273 1525 2306 Nativitate
1547 2273 1693 2305 Domini
1714 2272 1908 2305 millesimo
1935 2278 2075 2304 trecen-

211 2338 341 2371 tesimo
363 2340 590 2384 sexagesimo
613 2346 727 2381 sexto,
751 2339 950 2373 indictione
971 2346 1108 2385 quarta,
1132 2340 1189 2372 die
1218 2340 1341 2384 quinta
1363 2339 1500 2372 mensis
1525 2339 1635 2380 Junii,
1664 2339 1894 2384 pontificatus
1925 2339 2076 2371 sanctis-

212 2405 294 2438 simi
308 2405 344 2437 in
361 2405 507 2439 Christo
524 2407 635 2451 patris
652 2413 688 2439 et
707 2406 844 2439 domini
862 2407 978 2440 nostri
995 2407 1132 2439 domini
1147 2406 1283 2440 Urbani
1301 2406 1420 2440 divina
1438 2406 1664 2451 providentia
1685 2417 1774 2450 pape
1791 2406 1907 2450 quinti
1924 2405 2076 2450 predicti

212 2483 305 2504 anno
327 2479 467 2517 quarto,
490 2473 723 2518 presentibus
748 2473 948 2507 venerabili
973 2474 1010 2506 in
1036 2473 1182 2507 Christo
1211 2480 1307 2518 patre
1335 2473 1483 2506 domino
1510 2472 1709 2506 Gaucelino
1732 2472 1904 2517 episcopo
1926 2474 2077 2504 Nemau-

213 2539 312 2572 sensi
333 2551 372 2572 ac
393 2539 664 2573 venerabilibus
686 2547 720 2573 et
740 2541 1001 2586 circonspectis
1022 2541 1110 2573 viris
1132 2540 1290 2573 dominis
1312 2539 1529 2573 Grimerio²²³
1548 2539 1723 2572 Bonifacii
1745 2539 1960 2571 cancellario
1982 2539 2077 2570 Pari-

214 2605 339 2647 siensi,
363 2606 560 2640 Guillelmo
591 2607 753 2649 Romani,
781 2607 931 2641 Ordinis
953 2607 1238 2648 Predicatorum,
1262 2607 1435 2652 magistro
1465 2606 1585 2651 palatii
1611 2606 1816 2651 apostolici,
1844 2605 2006 2639 Gerardo
2033 2605 2077 2637 de

213 2673 386 2714 Vervino,
404 2673 441 2705 in
458 2685 557 2706 sacra
574 2674 703 2719 pagina
720 2675 918 2719 magistris,
936 2674 1139 2708 Guillermo
1162 2673 1401 2714 Martelleti²⁹,
1425 2685 1612 2706 causarum
1634 2673 1726 2705 sacri
1748 2672 1868 2717 palatii
1889 2671 2078 2716 apostolici

214 2738 391 2781 auditore,
415 2740 604 2785 Aymerico
627 2741 751 2786 Helye,
773 2740 1027 2774 archidiacono
1049 2741 1301 2782 Nemausensi,
1325 2747 1360 2773 et
1381 2741 1534 2785 Hugone
1560 2740 1699 2780 Moteti,
1729 2739 1848 2784 priore
1875 2738 1918 2771 de
1945 2737 2078 2770 Balmis

216 2805 492 2840 Ebredunensis
513 2807 684 2849 diocesis,
708 2807 863 2841 testibus
884 2808 927 2841 ad
950 2808 1127 2853 premissa
1148 2808 1285 2841 vocatis
1307 2806 1515 2852 specialiter
1536 2813 1569 2839 et
1592 2806 1776 2851 rogatis³⁰.

307 2874 350 2906 Et
370 2885 438 2919 ego
459 2874 644 2907 Arnoldus
666 2874 747 2907 Prel
768 2875 812 2907 de
834 2876 1075 2920 Heppenaert,
1098 2875 1255 2908 clericus
1276 2874 1491 2906 Leodiensis
1514 2873 1686 2913 diocesis,
1710 2871 1877 2916 publicus
1899 2869 2077 2915 imperiali

218 2946 253 2972 et
278 2940 475 2985 apostolica
502 2941 713 2974 auctoritate
742 2942 918 2984 notarius,
945 2942 1187 2987 predictarum
1216 2941 1398 2973 literarum
1428 2939 1706 2984 apostolicarum
1733 2937 1944 2982 receptioni,
1969 2943 2080 2969 statu-
