2508 3372
973 334 1267 356 INTRODUCTlo.
1982 333 2050 354 XXV

274 410 388 436 dictum
452 410 488 436 ad
508 410 563 436 hoc
576 410 717 436 idoneum
734 412 762 435 et
779 409 974 435 sufficientem
991 417 1048 435 esse
1071 409 1223 442 repcreris;
1240 424 1274 427 ——
1289 409 1310 434 si
1327 417 1377 442 per
1391 409 1602 443 depositionem
1626 409 1832 442 magistrorum
1852 408 1952 433 habilis
1968 408 2049 433 inve—

276 459 383 485 niatur.
401 469 415 482 »

284 549 353 583 Has
383 547 554 583 formulas
579 547 822 583 communiter
845 546 1046 589 omisiinus3
1076 547 1161 581 item
1187 558 1276 592 quae
1301 547 1336 581 iu
1359 546 1430 581 fine
1454 546 1584 593 legitur
1611 546 1860 580 mandatorum
1883 544 2050 591 apostoli-

185 630 308 654 corum
330 622 368 654 ut
383 619 627 666 magisterium
644 618 818 665 recipiant
837 630 844 653 ε

362 731 375 744 «
397 720 518 747 Servatis
533 721 790 747 constitutionibus
803 720 924 746 Concilii
937 719 1106 746 Viennensis
1120 721 1148 746 et
1162 719 1224 745 aliis
1237 719 1470 745 solemnitatibus
1483 719 1635 745 consuetis.
1654 728 1667 743 »

284 810 572 846 Abundantiores
596 813 697 845 notas
721 821 830 856 quam
853 809 888 844 in
914 808 1094 855 prioribus
1110 808 1215 844 tomis
1230 808 1441 855 adjecimus.
1467 809 1497 842 A
1520 807 1695 854 principio
1717 819 1830 854 usque
1854 807 1898 842 ad
1918 806 2049 842 calcem

180 881 371 919 voluminis
390 881 538 917 nomina
554 881 599 916 ad
612 892 730 916 veram
747 880 898 915 sormam
917 880 1115 923 restituere,
1135 891 1204 926 quo
1220 879 1379 926 praecise
1398 884 1557 925 tempore
1572 878 1673 914 electi
1691 878 1824 913 fuerint
1840 877 2048 921 cardinales,

182 953 352 1002 episcopi,
379 952 524 988 abbates
546 952 704 988 indicare
737 951 951 995 curavimus,
980 951 1028 986 ita
1047 954 1084 986 ut
1112 950 1375 986 Chartularium
1402 951 1438 985 in
1462 950 1565 985 rebus
1588 961 1731 997 quoque
1760 949 1952 984 subsecivis
1979 960 2049 984 non

181 1025 347 1061 infimum
377 1024 497 1059 locum
531 1023 718 1060 obtineret.
751 1023 880 1065 Quanti
912 1022 956 1058 sit
986 1022 1152 1069 ponderis
1186 1022 1228 1057 ad
1264 1034 1319 1057 res
1347 1021 1642 1057 demonstrandas
1668 1024 1832 1056 exactum
1868 1020 2050 1055 electionis

181 1100 324 1143 tempus
346 1095 458 1131 lector
476 1094 633 1142 prudens
649 1106 720 1130 non
737 1095 849 1130 semel
872 1093 1060 1142 judicabit.
1085 1094 1138 1129 Ad
1160 1093 1375 1140 principales
1391 1104 1561 1140 personas
1576 1092 1631 1128 vel
1657 1104 1710 1128 res
1726 1103 1832 1127 novas
1848 1091 2051 1126 addidimus

182 1167 325 1204 notitias
342 1178 429 1214 quas
446 1167 481 1201 in
503 1166 682 1202 volumine
697 1166 774 1213 ipso
792 1165 963 1213 reperies,

277 1239 407 1273 Textus
422 1249 530 1285 puros
546 1237 792 1284 ingenuosque
808 1237 913 1271 edere
931 1248 1016 1271 eura
1029 1236 1223 1283 praecipua
1239 1236 1315 1271 fuit.
1333 1237 1383 1271 Eo
1398 1235 1580 1271 difficilius
1592 1247 1687 1270 nune
1700 1238 1786 1277 erat,
1802 1234 1897 1281 quod
1913 1234 2053 1281 scriptis

179 1321 220 1345 ac
236 1308 444 1344 tractatibus
461 1311 556 1343 aetas
572 1308 782 1343 Schismatis
799 1307 991 1350 redundet;
1015 1319 1086 1342 uno
1102 1307 1157 1342 vix
1171 1307 1375 1350 terminato,
1394 1306 1490 1342 aliud
1506 1306 1759 1353 incipiebatur;
1785 1317 1901 1352 neque
1927 1304 2051 1351 optimi

181 1379 321 1416 scribae
343 1379 488 1415 codices
517 1378 755 1426 ampliabant3
785 1379 828 1413 de
849 1390 918 1425 quo
943 1378 1135 1424 aliquando
1162 1381 1325 1413 auctores
1349 1377 1416 1425 ipsi
1442 1377 1671 1424 queruntur'.
1695 1377 1874 1412 Pessimae
1898 1376 2049 1420 litterae,

178 1454 293 1486 textus
311 1450 512 1493 adulterati,
532 1453 699 1496 corrupta
715 1449 865 1484 nomina
887 1449 968 1484 inde
991 1452 1192 1484 evaserunt.
1212 1449 1269 1484 Sic
1297 1448 1410 1495 magis
1435 1449 1595 1483 minusve
1623 1448 1818 1495 perscripta
1842 1451 1922 1482 sunt
1942 1446 2053 1481 inulta

177 1521 360 1558 volumina
375 1521 410 1556 in
434 1521 645 1557 collectione
670 1521 713 1556 de
738 1521 939 1556 Schismate
964 1532 1071 1567 quam
1089 1524 1204 1555 servat
1219 1520 1413 1555 Archivum
1428 1520 1562 1563 Vatic.7
1579 1531 1668 1555 arm.
1688 1522 1746 1554 54.
1766 1519 1856 1560 Quid
1875 1518 1918 1553 de
1935 1518 2053 1553 nomi—

178 1592 284 1628 nibus
299 1592 475 1640 propriis?
497 1592 536 1628 S.
560 1591 699 1628 Gardus
723 1603 787 1639 pro
811 1592 852 1627 S.
871 1591 1087 1634 Bernartius,
1106 1591 1255 1639 Essidizcs
1269 1603 1333 1638 pro
1356 1591 1509 1638 Eleyz‘us,
1534 1591 1667 1626 Valesz'a
1682 1602 1746 1637 pro
1768 1590 1899 1633 Valeia,
1917 1589 2054 1624 Edam-

181 1664 263 1700 buet
275 1675 340 1711 pro
350 1663 583 1710 Edimboury,
597 1663 708 1699 Sousz'
718 1675 782 1710 pro
795 1663 914 1710 Saisy‚
929 1663 1089 1710 Boiymm
1102 1674 1165 1709 pro
1174 1663 1347 1710 Voiqnon,
1355 1662 1495 1698 sarlato
1507 1673 1570 1709 pro
1582 1662 1739 1704 Serena),
1755 1660 1857 1703 etc.²,
1871 1661 2034 1707 leguntur
2042 1673 2050 1703 3

181 1747 271 1783 quae
292 1738 330 1770 ut
353 1735 546 1782 genuinam
573 1734 724 1770 formam
749 1734 898 1770 induant
922 1746 994 1769 non
1017 1733 1248 1769 mediocriter
1269 1737 1413 1768 strenuo
1438 1733 1564 1768 editori
1589 1732 1829 1767 insudandum
1855 1735 1920 1766 est.
1949 1731 2053 1778 Pejus

180 1806 288 1842 etiam
304 1809 358 1841 est
371 1806 552 1850 volumen,
571 1817 642 1852 quo
658 1806 712 1840 usi
730 1817 867 1849 sumus,
887 1805 1029 1841 Archiv,
1050 1806 1129 1841 Vat.
1149 1804 1298 1840 Collect.
1317 1805 1387 1839 vol.
1407 1807 1491 1840 440.
1513 1806 1662 1851 Regesta
1682 1815 1823 1850 quoque
1845 1802 2053 1850 pontificum

181 1877 292 1912 multo
313 1877 549 1924 negligentius
570 1877 702 1924 scripta
724 1880 805 1911 sunt
830 1876 873 1912 ab
894 1876 1069 1912 electione
1095 1876 1226 1911 Urbani
1249 1877 1294 1918 V,
1316 1887 1424 1923 quam
1449 1875 1642 1922 superioris
1665 1874 1860 1910 memoriae
1890 1876 2052 1920 Regesta.

180 1950 303 1996 Neque
319 1947 488 1983 meliores
501 1947 686 1995 judicandi
702 1951 783 1983 sunt
797 1947 960 1983 nonnulli
975 1947 1119 1983 codices
1136 1947 1381 1982 Bibliothecae
1401 1946 1590 1982 nationalis
1608 1947 1718 1982 Paris.
1730 1976 1737 1989 ,
1758 1946 1816 1992 qui
1834 1945 2054 1980 collectanea

181 2020 225 2055 de
242 2019 441 2055 Schismate
459 2018 656 2063 continent,
677 2020 781 2062 sicut,
801 2030 855 2054 ex.
878 2031 948 2066 gr..
968 2031 1055 2054 mss.
1075 2019 1135 2054 lat.
1158 2021 1200 2054 14
1215 2021 1284 2054 643
1302 2022 1334 2053 et
1355 2021 1397 2053 14
1414 2021 1497 2053 644.

1093 2158 1138 2197 V

281 2276 410 2310 Fontes
439 2275 636 2310 enumerati
653 2276 689 2310 in
714 2279 836 2311 nostro
862 2279 959 2311 tomo
987 2277 1167 2311 secundo-⁹³
1192 2276 1276 2311 huic
1302 2287 1443 2323 quoque
1468 2275 1693 2322 profuerunt;
1721 2275 1754 2308 in
1779 2272 2051 2309 collectionibus

181 2346 323 2381 Archivi
343 2346 500 2382 Vaticani
516 2350 549 2381 et
568 2346 712 2381 Archivi
733 2346 923 2382 nationalis
945 2347 1055 2382 Paris.
1081 2347 1267 2394 sequentia
1288 2351 1426 2382 tautum
1447 2346 1626 2381 volumina
1649 2345 1859 2392 plerumque
1882 2344 2050 2379 adhibere

181 2416 415 2452 debebamus.
442 2417 685 2453 Umber-sitatis
710 2418 945 2453 Chi-crudaria<
964 2430 1046 2453 vero
1075 2419 1250 2466 adjungas
1276 2418 1539 2453 Clzartularizcm
1564 2423 1636 2452 ηαί.
1655 2417 1870 2463 Anyliecmae
1894 2416 1929 2450 in
1955 2415 2045 2450 Bibl.

181 2491 253 2524 nat.
272 2488 399 2533 Paris,
416 2501 484 2524 [ns.
503 2491 546 2524 N.
565 2501 596 2524 a.
616 2489 640 2525 l.
662 2489 769 2525 535⁴.

279 2561 330 2594 Ex
346 2559 444 2595 novis
462 2563 542 2595 sunt
558 2564 744 2607 praeterea
756 2560 938 2596 volumina
953 2560 997 2595 de
1016 2560 1215 2596 Schismate
1233 2561 1268 2595 in
1287 2560 1392 2596 Arch.
1414 2561 1491 2596 Vat.
1515 2563 1662 2603 servata,
1683 2571 1771 2594 arm.
1793 2561 1850 2601 54,
1870 2559 1901 2593 ni
1926 2561 2044 2594 14-49.

279 2630 370 2666 Ibid.
390 2631 539 2666 Collect.
558 2637 594 2665 n⁰
611 2634 680 2667 440
696 2643 761 2678 pro
778 2631 838 2667 lite
856 2635 981 2667 contra
997 2632 1270 2667 Cancellariuln.

275 2754 298 2778 1.
316 2754 375 2778 Vid.
390 2754 457 2778 infra
472 2762 496 2786 p.
513 2754 567 2779 600.

274 2798 298 2822 2.
318 2798 396 2822 Plura
411 2798 459 2822 alia
474 2798 526 2822 vid.
543 2799 620 2828 infra,
638 2807 662 2830 p.
676 2799 731 2829 611,
747 2799 772 2822 in
790 2800 867 2823 uotis.

275 2843 298 2865 3.
318 2843 381 2874 Pag.
394 2849 565 2866 XVIII-xxm.

275 2887 298 2910 4.
316 2886 354 2910 De
370 2895 420 2918 quo
435 2887 487 2912 vid.
499 2890 571 2911 AEM-
585 2888 746 2911 CHATELAIN
760 2888 785 2911 in
800 2889 884 2912 Ille'm.
900 2890 932 2911 (le
943 2889 970 2912 hc
987 2888 1094 2912 Socie'te'
1106 2890 1138 2911 de
1153 2888 1294 2912 [Histoire
1310 2890 1342 2911 tle
1355 2888 1438 2912 Paris
1450 2892 1473 2911 ec
1489 2889 1520 2911 tle
1536 2887 1596 2910 l’IZe
1611 2889 1642 2910 de
1660 2888 1775 2915 Franco,
1789 2886 1882 2915 ΧΥΙΙΙ7
1894 2894 1916 2917 p.
1932 2886 1974 2909 100
1989 2894 2044 2917 sqq.

2180 2275 2297 2297 Fox'rns.
