2488 3386
193 351 288 386 1391]
611 363 656 385 AB
691 364 796 385 ANNo
831 364 962 385 MCCCL
991 364 1121 391 usQuE
1157 364 1203 384 AD
1239 364 1501 385 nammic'run
1536 365 1624 385 Χιιι.
1981 355 2042 386 511

189 436 286 469 libus
306 437 525 477 intimamus,
545 437 771 469 insinuamus
789 443 821 469 et
843 436 1082 476 notificamus,
1102 443 1134 469 et
1155 437 1198 468 ad
1215 443 1368 469 vestram
1387 443 1420 470 et
1437 444 1593 469 vestrum
1612 437 1807 482 cujuslibet
1823 450 1860 470 ac
1882 438 2043 483 ipsorum

188 503 349 536 notitiam
380 503 594 536 deducimus
622 510 656 535 et
683 503 813 535 deduci
839 502 1007 535 volumus
1034 515 1097 547 per
1118 510 1320 547 presentes.
1346 505 1494 547 Vosque
1522 515 1647 536 omnes
1669 510 1703 536 et
1728 492 1894 549 singulos
1919 516 2044 549 supra-

188 569 303 602 dictos
326 576 360 602 et
384 576 543 602 vestrum
566 568 764 613 quemlibet
786 569 821 601 in
847 569 1002 601 solidum
1025 569 1234 601 auctoritate
1260 569 1471 614 apostolica,
1494 581 1561 614 qua
1585 570 1769 614 fungimur
1789 570 1824 602 in
1846 570 1909 602 hac
1930 577 2042 615 parte,

187 636 315 680 primo,
340 636 513 675 secundo,
536 648 575 668 ac
598 635 702 668 tertio
728 635 970 680 peremptorie
993 642 1116 667 tenore
1138 636 1360 679 presentium
1384 636 1602 680 requirimus
1625 642 1659 668 et
1679 648 1867 669 monemus
1888 649 2043 669 commu-

186 702 280 734 niter
299 708 334 735 et
355 702 512 742 divisim,
539 701 716 746 vobisque
738 709 773 734 et
800 701 949 734 cuilibet
970 708 1128 734 vestrum
1152 702 1187 733 in
1214 702 1343 734 virtute
1365 708 1487 734 sancte
1509 701 1729 740 obedientie,
1752 709 1785 734 et
1813 702 1880 735 sub
1906 715 2043 736 excom-

186 768 446 801 municacionis
481 780 583 812 pena,
621 780 724 812 quam
758 769 794 800 in
827 780 891 801 vos
929 775 963 800 et
997 767 1196 812 quemlibet
1227 775 1384 800 vestrum
1422 769 1592 801 canonica
1627 768 1831 801 monicione
1868 770 2042 812 premissa

183 834 333 867 ferimus
360 834 395 866 in
423 834 494 867 hiis
522 835 680 879 scriptis,
709 835 778 866 nisi
806 835 965 867 feceritis
996 834 1092 879 quod
1125 835 1349 875 mandamus,
1376 834 1539 867 districte
1568 834 1802 879 precipiendo
1834 835 2043 868 mandamus

184 907 361 945 quatenus
378 913 442 934 vos
464 907 498 933 et
519 901 672 945 quilibet
691 908 849 934 vestrum
872 901 962 933 infra
984 912 1046 933 sex
1068 901 1207 933 dierum
1230 901 1382 945 spatium
1406 901 1609 933 immediate
1629 901 1870 945 sequentium,
1889 914 2040 946 quorum

183 966 275 999 duos
297 979 361 1011 pro
384 967 513 1011 primO,
532 967 623 999 duos
646 979 709 1011 pro
732 967 905 1006 secundo,
925 973 960 999 et
980 966 1141 1011 reliquos
1159 967 1250 999 duos
1268 967 1346 999 dies
1368 979 1432 1011 pro
1451 967 1555 999 tertio
1573 973 1607 999 et
1628 967 1871 1011 peremptorio
1888 968 2042 1000 termino

182 1045 221 1065 ac
242 1034 442 1066 monitione
463 1034 635 1066 canonica
656 1033 761 1066 vobis
783 1033 964 1066 universis
987 1040 1021 1066 et
1043 1033 1199 1078 singulis
1223 1034 1464 1078 assignamus,
1490 1040 1677 1078 postquam
1699 1034 1839 1066 fueritis
1861 1034 2041 1078 requisiti,

183 1111 247 1132 sen
277 1099 408 1144 aliquis
438 1106 597 1133 vestrum
633 1100 742 1132 suerit
776 1100 986 1144 requisitus,
1017 1100 1303 1144 prenominatum
1337 1101 1480 1132 fratrem
1514 1099 1712 1132 Johannem
1746 1100 1789 1132 de
1824 1102 2041 1133 Montesono

182 1166 417 1211 principalem
446 1167 792 1199 excommunicatum
821 1173 856 1199 et
882 1173 1114 1211 aggravatum
1146 1167 1181 1198 in
1210 1167 1341 1199 vestris
1369 1166 1534 1198 ecclesiis
1563 1173 1597 1198 et
1627 1167 1856 1199 monasteriis
1884 1167 2041 1211 singulis

182 1232 312 1265 diebus
334 1233 527 1265 dominicis
549 1239 583 1265 et
602 1233 757 1273 festivis,
779 1233 917 1265 seriatis
939 1239 971 1265 et
998 1245 1070 1265 non
1092 1233 1241 1272 feriatis,
1266 1233 1417 1277 pulsatis
1438 1233 1619 1277 campanis
1641 1239 1675 1265 et
1695 1233 1856 1265 candelis
1877 1234 2041 1266 accensis

181 1305 216 1332 et
235 1299 378 1331 demum
397 1299 577 1338 extinctis,
596 1299 740 1344 publice
762 1299 936 1332 nuntietis
958 1311 1022 1331 seu
1044 1300 1201 1332 nuntiari
1220 1299 1397 1332 mandetis
1421 1306 1455 1331 et
1475 1299 1611 1332 faciatis
1634 1300 1746 1331 artius
1763 1312 1780 1331 a
1801 1300 1932 1332 vestris
1954 1300 2040 1332 sub-

180 1365 300 1398 ditis¹⁰
324 1366 462 1405 evitari,
486 1378 627 1398 necnon
649 1378 775 1398 omnes
797 1373 829 1398 et
853 1366 1020 1409 singulos
1042 1378 1134 1410 quos
1156 1366 1246 1398 lator
1268 1366 1488 1410 presentium
1511 1365 1615 1398 vobis
1637 1366 1777 1398 duxerit
1800 1366 2039 1399 nominandos

181 1443 295 1476 usque
316 1433 359 1464 ad
387 1444 576 1464 numerum
603 1432 839 1477 quadraginta
862 1444 1110 1477 personarum,
1139 1432 1183 1464 de
1205 1444 1353 1477 quarum
1375 1432 1583 1464 nominibus
1605 1439 1639 1464 et
1665 1432 1946 1476 cognominibus
1972 1445 2039 1465 nos

179 1505 212 1531 et
234 1499 367 1531 dictum
391 1499 602 1543 magistrum
627 1498 823 1531 Robertum
848 1499 1047 1531 auditorem
1071 1506 1106 1531 et
1128 1499 1414 1531 commissarium
1439 1506 1601 1531 nostrum
1628 1511 1691 1543 per
1711 1506 1849 1532 vestras
1877 1506 2038 1543 patentes

178 1565 315 1598 litteras
346 1572 405 1598 aut
435 1566 714 1598 instrumentum
744 1565 926 1610 publicum
957 1551 1155 1598 certificare
1190 1565 1339 1605 curetis,
1373 1566 1583 1598 auctoritate
1618 1572 1739 1598 nostra
1776 1566 1884 1597 immo
1914 1566 2036 1598 verius

177 1631 374 1676 apostolica
398 1632 571 1664 moneatis
594 1632 802 1664 nominatim
826 1639 860 1664 et
879 1644 1051 1676 expresse
1074 1631 1141 1664 sub
1163 1632 1551 1664 excommunicacionis
1574 1643 1676 1676 pena,
1700 1644 1791 1675 quos
1814 1644 1909 1664 nunc
1931 1632 2033 1664 etiam

178 1710 365 1731 monemus
401 1711 465 1743 per
497 1705 699 1743 presentes,
732 1711 776 1731 ne
811 1711 890 1731 cum
926 1699 1021 1731 dicto
1058 1699 1163 1731 fratre
1193 1698 1355 1731 Johanne
1390 1699 1434 1731 de
1470 1700 1700 1739 Montesono,
1733 1705 1770 1730 ut
1805 1699 2035 1743 premittitur,

177 1765 484 1798 excommunicato
506 1772 540 1798 et
559 1772 753 1810 aggravato
778 1765 987 1810 participent
1018 1777 1082 1797 seu
1110 1765 1225 1797 eidem
1255 1777 1293 1798 se
1321 1766 1543 1810 conjungant
1570 1765 1766 1809 loquendo,
1794 1765 2032 1805 consulendo,

176 1831 383 1871 scribendo,
409 1832 591 1872 dictando,
616 1832 826 1872 osculando,
854 1832 996 1872 stando,
1024 1832 1199 1873 sedendo,
1225 1832 1358 1873 eundo,
1384 1831 1621 1872 comedendo,
1649 1831 1822 1873 bibendo,
1850 1831 2032 1872 molendo,

175 1898 379 1943 coquendo,
398 1898 519 1943 ignem
536 1898 593 1931 vel
609 1910 735 1942 aquam
753 1910 817 1931 seu
834 1898 901 1931 alia
917 1898 1083 1931 victualia
1101 1899 1233 1937 dando,
1252 1898 1456 1939 vendendo,
1477 1898 1728 1938 ministrando,
1747 1898 1953 1943 parand0¹¹,
1975 1905 2033 1930 aut

175 1964 261 1997 alias
283 1965 399 1997 eidem
421 1965 520 1997 fratri
542 1964 696 1997 Johanni
717 1977 846 2009 operas
867 1972 902 1998 et
925 1965 1069 1998 servitia
1090 1965 1269 2006 faciendo,
1287 1977 1351 1997 seu
1374 1965 1502 2009 quovis
1524 1965 1630 1997 modo
1652 1965 1881 1997 humanitatis
1903 1964 2032 1996 solatio

175 2043 238 2064 seu
260 2031 603 2064 communicacionis
633 2043 768 2076 genere
796 2032 1056 2076 participando,
1084 2032 1252 2076 personis
1284 2038 1318 2064 et
1347 2032 1466 2064 causis
1494 2044 1511 2063 a
1536 2033 1618 2075 jure
1648 2031 1836 2075 permissis
1864 2031 2033 2063 duntaxat

175 2098 347 2142 exceptis,
369 2097 530 2142 alioquin
551 2098 587 2129 in
608 2098 708 2142 ipsos
730 2105 763 2130 et
785 2097 983 2142 quemlibet
1003 2098 1164 2142 ipsorum
1187 2098 1238 2130 sic
1260 2098 1415 2130 monitos
1437 2105 1469 2130 et
1491 2110 1569 2130 eum
1592 2098 1717 2129 eodem
1739 2098 1847 2129 fratre
1868 2097 2029 2129 Johanne

174 2165 481 2197 excommunicato
518 2171 598 2209 post
626 2164 860 2196 monitionem
892 2164 1100 2208 hujusmodi
1131 2165 1398 2209 participanteS,
1428 2171 1465 2196 ut
1492 2165 1684 2208 prefertur,
1716 2164 1885 2196 canonica
1916 2164 2030 2196 moni-

174 2231 270 2263 tione
292 2231 480 2275 premissa,
499 2231 529 2263 si
551 2231 601 2262 sic
623 2231 750 2262 moniti
771 2243 843 2262 non
860 2231 1066 2263 destiterint
1085 2237 1144 2263 aut
1165 2231 1342 2263 desistere
1360 2243 1431 2262 non
1449 2230 1665 2269 curaverint,
1684 2230 1784 2274 lapso
1806 2241 1868 2262 sex
1889 2230 2027 2261 dierum

172 2297 287 2342 spatio
307 2297 514 2342 supradicto
536 2297 572 2329 in
594 2297 663 2329 hiis
685 2297 830 2341 scriptis
853 2297 1240 2329 excommunicacionis
1267 2297 1479 2329 sententiam
1510 2297 1782 2341 profer-intus...
1810 2297 1848 2328 ln
1875 2308 2026 2340 quorum

173 2363 278 2396 sidem
300 2370 335 2396 et
361 2364 606 2396 testimonium
635 2364 793 2395 omnium
823 2363 1083 2408 premissorum
1106 2370 1295 2408 presentes
1317 2363 1453 2396 litteras
1474 2363 1742 2407 aggravatorias
1764 2362 1840 2395 fieri
1862 2363 2026 2403 fecimus,

172 2430 377 2475 sigillisque
400 2430 534 2463 nostris
550 2431 729 2474 jussimus
751 2430 1046 2474 impendentibus
1071 2430 1266 2462 munimine
1296 2429 1472 2462 roborari.
1502 2431 1626 2461 Datum
1654 2429 1824 2461 Avinioni
1850 2429 1907 2461 die
1935 2441 2028 2460 mer-

171 2497 262 2529 curii
291 2497 459 2529 vicesima
490 2497 640 2541 septima
669 2497 804 2529 mensis
831 2497 1003 2537 Januarii,
1027 2497 1223 2529 indictione
1248 2496 1473 2536 duodecima,
1500 2508 1593 2528 anno
1621 2508 1637 2528 a
1664 2496 1852 2528 Nativitate
1883 2495 2026 2527 Domini

173 2563 364 2596 millesimo
396 2564 650 2596 trecentesimo
678 2564 924 2608 octuagesimo
957 2575 1065 2603 nono,
1090 2563 1318 2607 pontificatus
1347 2563 1431 2595 dicti
1458 2563 1593 2595 domini
1626 2563 1737 2595 nostri
1768 2562 1903 2594 domini
1939 2574 2025 2606 pape

171 2629 370 2663 Clementis
391 2630 534 2674 septimi
556 2642 649 2662 anno
674 2630 876 2662 undecimo.

263 2731 397 2761 Originule
413 2731 438 2753 in
454 2731 529 2753 Arch.
547 2735 599 2754 unt.
614 2731 696 2754 Paris.
712 2732 743 2754 M.
759 2731 815 2758 (37¹¹,
831 2736 859 2753 n0
874 2733 912 2754 53.
927 2733 1074 2762 Supersunt
1087 2731 1135 2753 tria
1152 2731 1241 2761 sigilla
1255 2730 1439 2753 cardinalium.
1460 2730 1609 2753 Pertinchut
1625 2731 1656 2752 ad
1673 2731 1749 2753 Art-li.
1766 2730 1840 2752 Univ.
1859 2730 1896 2758 (Β.
1915 2731 1935 2751 7.
1952 2730 1979 2758 s).
1996 2743 2024 2745 —

175 2775 298 2799 Vidimus
313 2775 430 2797 officialis
446 2775 519 2798 Puris
533 2775 649 2806 ejusdem
665 2776 734 2805 anni,
755 2776 818 2800 ibid.
838 2781 866 2798 110
882 2777 921 2798 Ιώ.
935 2789 965 2792 —
978 2776 1014 2798 Ex
1030 2775 1081 2798 alio
1098 2777 1167 2798 sonte
1184 2775 1287 2803 Bnluze,
1307 2775 1354 2798 Vic.
1368 2782 1435 2804 pap.
1453 2777 1549 2801 Aven„
1567 2776 1598 2801 ΙΙ,
1613 2776 1666 2797 9913.
1686 2775 1760 2805 Apud
1776 2774 1939 2804 D‘Argenn-tss,
1957 2773 2023 2796 Coll.

163 2819 238 2848 jud„
257 2820 289 2848 12,
301 2828 326 2850 p.
346 2819 400 2848 ¹147,
416 2820 595 2842 tantummodo
612 2819 715 2842 initium
731 2823 756 2842 et
771 2820 829 2842 [inis
845 2820 1003 2845 documenti.
1020 2820 1088 2851 quod
1105 2820 1200 2850 ubique
1217 2820 1240 2841 in
1255 2820 1313 2842 edd.
1332 2823 1357 2841 vt
1374 2819 1397 2841 in
1417 2819 1541 2843 Vidimus
1559 2819 1634 2841 Arcti.
1650 2822 1702 2842 nat.
1717 2819 1758 2847 (M.
1774 2818 1828 2846 671’,
1846 2823 1872 2839 ιν)
1888 2819 1923 2843 ἰἰι
1941 2818 2023 2839 inser-

169 2866 222 2885 tum
240 2866 280 2886 est
299 2863 393 2886 litteris
409 2863 526 2886 officialis
543 2863 635 2891 Paris„
655 2864 698 2894 qui
717 2864 781 2886 illud
795 2864 828 2886 ad
847 2864 998 2886 instantium
1016 2864 1124 2886 rectoris
1138 2867 1162 2886 et
1178 2863 1364 2887 Universitatis
1381 2863 1463 2886 Paris.
1480 2863 1531 2893 legi
1548 2867 1572 2885 et
1590 2863 1719 2893 publicari
1739 2862 1798 2885 fovit
1815 2871 1824 2883 α
1845 2862 1869 2883 in
1883 2862 1953 2883 curia
1972 2861 2024 2891 opi-

168 2908 277 2938 scopali,
299 2908 373 2930 nobis
394 2907 544 2930 sedentibus
565 2916 613 2938 pru
630 2908 756 2930 tribunali
778 2909 833 2930 loco
850 2909 927 2931 solito
948 2909 1015 2931 dicte
1031 2908 1111 2937 curie,
1129 2917 1196 2931 anno
1218 2908 1319 2930 Domini
1340 2907 1479 2930 millesimo
1498 2907 1678 2930 trecentesimo
1697 2907 1873 2937 octuagesimo
1891 2906 2021 2927 octavos-²,
