2488 3386
207 346 303 383 1364]
623 358 669 380 AB
703 358 809 380 ΑΝΝο
845 357 976 380 MCCCL
1009 357 1141 385 usqua
1176 358 1224 379 AD
1259 358 1522 380 BENEDICTUM
1557 359 1647 381 xnt.
2006 351 2067 384 113

203 432 353 456 licentiatus
369 432 425 460 suit,
443 435 468 455 et
488 435 550 455 tunc
566 433 618 461 (an.
635 432 704 461 1:374)
728 431 806 454 rediit
821 434 846 454 et
861 430 976 454 absolvit
994 439 1053 453 cum
1071 430 1248 462 infrascriptis
1265 441 1287 459 υ,
1306 434 1334 454 ut
1352 431 1450 462 legitur
1469 431 1495 454 in
1514 433 1602 456 Catul.
1619 432 1710 456 licent.
1728 433 1804 462 (Bibl.
1829 437 1881 457 nat.
1904 434 1987 457 Paris.
2003 442 2066 457 mss.

203 478 248 501 lat.
267 478 358 503 5657·;
374 477 468 506 12850),
485 476 522 499 itu
540 479 568 499 ut
584 484 626 499 an.
645 476 705 499 1374
720 477 799 506 (1375)
815 475 963 499 licentiatus
979 483 1037 499 esse
1052 475 1181 498 videatur.

296 557 319 580 1.
336 556 467 580 Simonem
482 556 513 579 de
525 556 659 587 Lingonis.

207 664 348 701 1296.
375 672 494 699 Carolus
515 673 583 700 Vde
604 672 705 699 illicite
724 672 956 709 practicantibus
977 672 1018 699 vel
1037 672 1163 698 Parisiis
1183 672 1225 699 vel
1246 673 1274 698 in
1295 672 1506 707 vicecomitatu;
1520 672 1555 699 de
1575 673 1813 707 confrater-nitate
1834 674 1882 699 SS.
1903 675 2019 700 Cosmae
2042 678 2068 699 et

292 723 435 749 Damzanz.
1390 758 1464 787 7364,
1481 757 1598 783 octobris
1615 757 1652 787 19,
1667 758 1781 784 Parisiis.

292 831 466 874 KaroluS,
495 838 559 866 etc.
592 833 644 864 Ex
673 831 1021 877 fidedignorum¹....
1054 831 1269 873 Statuimus,
1301 838 1340 864 ut
1370 831 1408 864 in
1436 831 1521 865 villa
1551 838 1586 864 et.
1614 831 1865 864 vicecomitatu
1895 831 2067 876 predictis

201 899 428 943 (Parisiens.)
462 898 585 931 nullus
615 898 819 943 cirurgicus
853 898 997 931 nullave
1028 898 1208 942 cirurgica
1242 905 1353 931 artem
1383 898 1543 943 cirurgie
1573 909 1638 930 seu
1673 909 1764 942 opus
1795 898 2069 942 quomodolibet

202 977 372 998 exercere
393 971 589 1010 presumat,
608 976 673 998 seu
694 977 733 998 se
753 965 959 997 immiscere
976 964 1094 997 eidem
1115 964 1261 1009 publice
1276 964 1334 997 vel
1355 964 1496 997 occulte
1516 964 1553 996 in
1574 976 1789 1009 quacunque
1805 964 2068 1008 jurisdiccione

203 1044 268 1065 seu
290 1039 397 1073 terra,
420 1032 491 1064 nisi
512 1043 576 1077 per
597 1032 791 1076 magistros
812 1031 1015 1076 cirurgicos
1030 1032 1186 1076 juratos,
1209 1037 1392 1063 morantes
1413 1031 1586 1071 Parisius,
1608 1037 1755 1064 vocatos
1777 1042 1841 1075 per
1861 1030 2014 1063 dilectos
2036 1038 2070 1064 et

202 1098 331 1132 fideles
353 1098 547 1143 magistros
570 1099 712 1143 juratos
738 1105 884 1131 nostros
905 1097 1093 1131 Castelleti
1123 1098 1239 1130 nostri
1269 1097 1442 1138 Parisius,
1466 1109 1532 1130 suo
1560 1104 1736 1142 tempore,
1760 1104 1794 1129 et
1823 1098 2069 1142 prepositum2

203 1165 382 1198 dictorum
403 1165 667 1210 cirurgicorum
685 1171 745 1197 aut
765 1176 830 1210 per
846 1176 970 1197 eorum
994 1175 1230 1197 successores
1251 1164 1288 1196 in
1308 1163 1438 1205 officio,
1461 1170 1495 1196 et
1515 1175 1580 1208 per
1596 1163 1686 1196 alios
1707 1163 1918 1196 licenciatos
1939 1164 1975 1196 in
1996 1171 2069 1196 arte

203 1231 364 1276 predicta
390 1238 573 1264 morantes
595 1231 755 1264 Parisius
781 1231 883 1276 prius
904 1230 1095 1263 examinati
1115 1230 1251 1263 fuerint
1275 1230 1471 1275 diligenter
1492 1236 1527 1262 et
1546 1229 1735 1274 approbati
1756 1230 1792 1262 in
1819 1230 1897 1274 ipsa
1921 1236 2008 1271 arte,
2032 1242 2070 1262 ac

204 1297 248 1331 ab
274 1298 366 1343 ipsis
390 1297 448 1331 vel
478 1310 603 1331 eorum
632 1297 911 1330 successoribus
939 1297 976 1329 in
1004 1297 1134 1338 officio,
1157 1303 1196 1329 ut
1223 1303 1278 1329 est
1305 1296 1453 1338 dictum,
1477 1297 1578 1341 juxta
1599 1295 1896 1341 approbationem
1918 1296 2068 1329 aliorum

201 1364 477 1410 cirurgicorum.
486 1390 492 1397 .
501 1390 522 1398 ..
533 1366 556 1397 ².

293 1432 390 1464 Nos‘
411 1431 532 1476 itaque
549 1431 727 1476 singulari
749 1431 847 1464 ducti
869 1430 1069 1464 devocione
1089 1430 1132 1463 ad
1155 1430 1340 1475 gloriosos
1357 1429 1493 1463 Christi
1514 1430 1680 1463 martires
1697 1430 1863 1463 Cosmam
1883 1436 1917 1462 et
1937 1430 2072 1462 Damia-

204 1510 290 1530 num
314 1498 643 1531 confraternitatem
664 1498 702 1530 in
728 1497 905 1530 honorem
927 1497 1105 1530 dictorum
1136 1497 1322 1530 martirum
1344 1497 1504 1530 Parisius
1526 1497 1724 1529 ordinatam
1746 1497 1919 1541 ingressi,
1941 1497 2072 1529 medie-

201 1570 309 1597 tatem
330 1564 507 1609 integram
529 1564 763 1597 emendarum
785 1576 1083 1609 quarumcunque
1104 1563 1379 1608 prestandarum
1402 1575 1466 1608 per
1486 1575 1558 1596 non
1580 1563 1798 1608 approbatos
1814 1564 1956 1608 juratos
1977 1575 2074 1608 prac-

202 1631 354 1664 ticantes
383 1631 421 1663 in
450 1638 525 1664 arte
556 1631 717 1676 predicta
747 1638 831 1676 post
860 1630 1149 1676 publicacionem
1176 1630 1387 1675 hujusmodi
1413 1630 1536 1662 statuti
1565 1642 1638 1662 non
1667 1629 1813 1662 obtenta
1843 1629 2006 1671 licencia,
2036 1637 2074 1662 ut

201 1697 436 1742 premittitur,
454 1698 641 1742 operandi,
661 1698 838 1742 quociens
861 1697 1063 1738 evenerint,
1081 1697 1118 1729 in
1139 1696 1368 1729 commodum
1391 1703 1426 1729 et
1441 1696 1630 1729 utilitatem
1653 1696 1748 1729 dicte
1769 1697 2073 1729 confraternitatis

202 1770 236 1797 et
252 1775 325 1796 non
343 1763 428 1797 alibi
445 1764 723 1797 convertandam
736 1765 821 1806 (sic)
837 1776 879 1797 ex
895 1776 990 1796 nunc
1008 1764 1275 1808 imperpetuum
1293 1762 1479 1808 preposito
1497 1762 1761 1807 cirurgicorum
1779 1769 1814 1795 et
1830 1762 2071 1795 confratribus

201 1830 506 1863 confraternitatis
523 1831 687 1875 ejusdem
709 1830 943 1875 presentibus
961 1836 996 1863 et
1015 1830 1147 1862 futuris
1164 1841 1207 1862 ex
1228 1829 1365 1862 nostris
1381 1829 1591 1862 auctoritate
1612 1829 1725 1874 regia,
1743 1836 1839 1862 certa
1861 1830 2017 1862 sciencia
2038 1836 2073 1862 et

202 1897 351 1942 speciali
373 1897 506 1942 gracia,
529 1904 655 1930 tenore
677 1897 900 1942 presentium
922 1896 1159 1929 concedimus
1181 1903 1216 1929 et
1237 1896 1427 1937 donamus,
1446 1895 1658 1928 mandantes
1680 1895 1823 1928 dilectis
1845 1902 1880 1928 ct
1899 1896 2069 1929 fidelibus

200 1963 373 2009 gentibus
395 1970 644 2009 compotorum
665 1970 873 1996 nostrorum
892 1963 1052 1996 Parisius
1073 1975 1112 1996 ac
1134 1963 1320 2008 preposito
1338 1969 1374 1995 et
1393 1962 1573 2007 receptori
1594 1962 1876 2004 Parisiensibus,
1895 1963 2068 2008 presenti-

199 2029 269 2063 bus
290 2037 323 2063 et
339 2031 484 2072 futuris,
505 2037 682 2075 quatenus
704 2031 821 2063 dictos
838 2030 1063 2075 prepositum
1081 2029 1346 2074 cirurgicorum
1364 2036 1399 2062 et
1414 2029 1627 2070 confratres,
1648 2029 1844 2062 modernos
1862 2036 1897 2062 et
1911 2030 2065 2070 futuros,

198 2103 323 2130 nostro
346 2097 507 2142 presenti
528 2097 624 2130 dono
646 2103 681 2130 et
699 2097 819 2142 gracia
840 2097 891 2130 uti
912 2097 1043 2130 faciant
1063 2103 1098 2129 et
1117 2096 1277 2141 gaudere
1299 2102 1487 2141 perpetuo,
1511 2095 1658 2140 pacifice
1680 2102 1715 2128 et
1739 2096 1873 2140 quiete,
1895 2096 2066 2129 emendas

198 2164 379 2208 predictas
399 2164 552 2197 levando
574 2163 770 2209 diligenter
790 2164 847 2197 vel
873 2163 997 2208 colligi
1023 2163 1203 2204 faciendo,
1225 2169 1332 2208 prout
1352 2163 1396 2195 ad
1424 2162 1623 2207 quemlibet
1651 2162 1814 2207 ipsorum
1837 2163 2064 2207 pertinuerit.

200 2237 235 2263 et
254 2230 483 2263 medietatem
503 2230 662 2275 ipsarum
685 2230 871 2275 preposito
893 2230 987 2263 dicte
1004 2229 1310 2262 confraternitatis
1331 2229 1520 2270 moderno,
1540 2235 1574 2261 et
1595 2229 1656 2273 qui
1676 2241 1740 2274 pro
1762 2235 1923 2273 tempore
1944 2229 2064 2269 fuerit,

199 2296 401 2338 liberando,
425 2297 702 2330 convertandam
730 2297 766 2329 in
787 2308 892 2329 usum
915 2296 1131 2341 predictum,
1153 2308 1225 2328 non
1247 2295 1477 2328 obstantibus
1498 2295 1784 2327 inhibicionibus
1806 2302 1863 2328 aut
1890 2295 2065 2327 mandatis

201 2375 265 2396 seu
282 2363 413 2396 litteris
435 2363 626 2396 contrariis
647 2363 951 2408 quibuscumque.
970 2363 1076 2405 Quod
1097 2369 1135 2395 ut
1156 2362 1296 2395 firmum
1320 2369 1354 2394 et
1375 2361 1503 2395 stabile
1525 2362 1572 2394 sit
1591 2368 1625 2394 et
1646 2368 1821 2406 perpetuo
1843 2368 2064 2406 perseveret,

201 2436 364 2462 nostrum
387 2429 619 2474 presentibus
640 2429 771 2462 litteris
791 2430 944 2462 fecimus
965 2429 1095 2474 apponi
1118 2429 1293 2474 sigillum,
1317 2428 1416 2461 salvo
1438 2428 1474 2460 in
1495 2428 1575 2460 aliis
1591 2429 1674 2472 jure
1695 2434 1820 2460 nostro
1842 2434 1875 2460 et
1896 2428 1933 2460 in
1954 2428 2066 2459 omni-

201 2495 270 2528 bus
288 2495 451 2540 quolibet
466 2496 597 2529 alieno.
616 2497 743 2529 Datum
761 2496 935 2537 Parisius,
954 2496 1012 2528 die
1033 2496 1106 2528 xixa
1122 2495 1305 2536 Octobris,
1324 2507 1417 2528 anno
1440 2494 1584 2527 Domini
1606 2494 1800 2527 millesimo
1816 2494 1905 2527 CCC
1919 2495 2063 2526 LXIlIl.

199 2563 273 2595 Per
294 2573 426 2607 regem,
1703 2562 1795 2592 Yvo.

297 2646 374 2670 Arch.
389 2650 443 2670 nut.
460 2647 545 2670 Paris.
561 2647 601 2670 JJ.
616 2647 654 2675 98,
673 2651 702 2670 n0
716 2647 770 2676 219,
788 2648 832 2670 sol.
848 2649 888 2671 69.
903 2647 979 2670 Livro
995 2655 1076 2678 rouge
1091 2647 1166 2670 vieux
1182 2647 1217 2669 du
1233 2646 1359 2675 chastelet,
1376 2646 1450 2674 ihid.,
1466 2646 1494 2668 Y.
1512 2646 1534 2673 2,
1551 2646 1595 2668 sol.
1607 2645 1655 2667 441⁷
1674 2647 1737 2674 (ant.
1753 2644 1817 2674 34¹›);
1836 2645 1901 2667 livre
1916 2648 1981 2675 vert,
1998 2645 2026 2667 Y.
2042 2645 2065 2671 Ιι,

201 2690 246 2713 fol.
265 2691 337 2714 15012.
355 2704 381 2708 —
402 2691 528 2716 Ordo‘n‘n.
543 2693 590 2716 des
603 2692 660 2716 rois
673 2693 705 2715 de
716 2692 834 2721 france,
851 2692 893 2721 lv,
910 2693 964 2715 499.
981 2692 1101 2721 Statuts,
1113 2691 1211 2722 privil.
1229 2696 1253 2715 et
1269 2691 1434 2721 re’ylemems
1446 2691 1485 2713 du
1500 2689 1602 2719 colle'ye
1616 2690 1649 2713 de
1665 2689 1812 2719 Chiruryie
1827 2690 1859 2712 de
1872 2689 1967 2717 Paris,
1985 2697 2010 2719 p.
2027 2689 2065 2710 64.

296 2735 349 2758 Has
363 2735 465 2758 litteras
480 2736 702 2759 confirmaverunt
716 2736 826 2759 Carolus
842 2736 874 2759 Vl
887 2744 929 2759 an.
946 2736 1015 2765 1381,
1032 2735 1123 2759 Octob.
1137 2735 1222 2766 (Ονιί.1
1237 2736 1278 2763 Vl,
1293 2736 1352 2763 62&
1364 2735 1428 2763 XIX,
1445 2735 1503 2761 39&
1516 2734 1633 2761 Stantis,
1647 2742 1674 2764 p.
1691 2734 1741 2761 73);
1759 2733 1867 2756 Carolus
1884 2733 1927 2755 VII
1941 2741 1983 2755 an.
1997 2732 2065 2759 1441,

206 2778 298 2803 Octob.
316 2780 399 2809 (Ord.‚
415 2780 484 2807 XIII,
500 2780 558 2808 337;
580 2780 699 2809 Statuts,
716 2789 743 2811 p.
760 2781 813 2810 74);
831 2780 979 2803 Ludovicus
995 2781 1028 2803 XI
1042 2788 1083 2803 nn.
1101 2780 1248 2808 1470-1471,
1267 2779 1354 2802 Martii
1371 2779 1454 2807 (Ord.,
1471 2778 1546 2806 xwt,
1562 2778 1623 2805 403;
1640 2778 1758 2805 Statum,
1773 2786 1799 2808 p.
1815 2778 1868 2806 7(5);
1885 2777 1993 2799 Carolus
2009 2777 2065 2798 VIII

198 2831 239 2846 an.
255 2823 326 2854 1484,
341 2823 406 2846 Julii
421 2824 508 2853 (Ord.,
525 2824 588 2853 XIX,
604 2825 660 2853 3963
680 2825 760 2855 Stat„
776 2833 803 2856 p.
820 2825 869 2855 77).

293 2907 318 2931 1.
334 2907 445 2931 Omnino
456 2908 546 2931 eadem
557 2908 637 2931 verba
648 2911 673 2931 et
682 2909 773 2931 eadem
783 2909 938 2940 compositio
949 2912 1027 2941 atque
1038 2909 1064 2932 in
1075 2908 1285 2932 ordinationibus
1295 2916 1336 2930 an.
1347 2907 1405 2930 1311
1419 2909 1444 2930 ct.
1455 2907 1524 2935 1352,
1538 2905 1675 2933 Characa,
1688 2905 1719 2934 11,
1730 2909 1757 2927 n⁰
1768 2906 1821 2932 092,
1833 2908 1856 2927 et
1868 2912 1947 2935 supra
1958 2908 1986 2926 11⁰
1996 2904 2066 2926 1205.

319 2955 367 2971 *Η
386 2953 481 2977 Οὴαντ.
505 2952 582 2976 Univ.
601 2953 696 2977 Paris.
711 2953 756 2976 111.
1908 2949 1937 2971 15
