2488 3386
217 357 312 393 1367]
633 371 679 392 AB
714 370 818 392 ANNo
852 369 984 391 MCCCL
1017 368 1147 396 USQUE
1182 369 1229 390 AD
1265 368 1529 390 BENEmc'rUM
1563 369 1652 390 XIII.
2015 360 2077 392 165

304 445 424 476 Tenor
444 455 529 476 vero
551 444 645 476 dicte
666 444 794 476 cedule
816 443 993 488 sequitur,
1017 449 1051 475 et
1072 449 1126 474 est
1148 442 1229 474 talis
1249 454 1254 473 :

305 525 319 540 «
344 512 395 542 De
417 511 608 543 securitate
629 517 745 543 autem
769 510 960 543 scolarium
983 509 1198 541 clericorum
1228 508 1486 541 Parisiensium
1515 508 1750 553 imposterum
1778 510 1933 542 consilio
1963 510 2076 542 homi-

216 588 300 609 num
322 583 527 609 nostrorum
550 576 615 609 hec
637 577 846 609 ordinamus
867 576 964 620 quod
986 587 1113 607 omnes
1133 575 1231 607 cives
1253 575 1478 607 Parisienses
1494 575 1617 618 jurare
1639 575 1811 608 faciemus
1836 590 1864 615 1).
1888 582 1949 609 etc.
1978 582 2015 609 ut
2042 577 2077 609 in

215 643 419 687 Privilegio
435 643 600 687 Philippi
614 643 785 687 Augusti,
805 642 970 675 Clzartul.
993 642 1172 679 Univers.‚
1193 643 1219 682 l,
1239 645 1275 673 11ο
1294 643 1323 682 1,
1343 653 1375 685 p.
1395 642 1448 682 59,
1467 652 1571 685 usque
1588 653 1620 685 p.
1639 642 1681 674 60
1699 642 1734 674 in
1741 642 1818 686 fine
1840 643 2076 685 «juramento

216 709 359 753 publice
380 709 626 742 00111111111111115
648 724 675 741 ».
694 708 828 742 Deinde
846 722 855 741 .·
874 724 889 739 «
910 710 996 741 Item
1021 708 1102 753 quia
1123 708 1244 740 labilis
1265 714 1321 740 est
1341 707 1525 739 hominum
1549 708 1721 739 memoria
1746 723 1775 747 »,
1798 713 1861 741 etc.
1887 714 1923 741 ut
1942 708 2076 741 1'nl>1·1'-

214 776 345 820 vilegio
372 776 538 820 Philippi
566 777 623 808 IV
645 776 680 809 in
708 776 888 814 Clzartul.‚
919 777 963 815 ΙΙ,
991 781 1027 807 11““
1055 776 1132 815 624,
1161 786 1264 820 usque
1295 789 1309 804 «
1341 775 1467 806 Actum
1501 774 1660 806 Parisius
1690 786 1783 807 anno
1816 775 2076 807 Incarnationis

215 842 394 874 dominice
416 842 609 874 millesimo
633 842 886 875 trecentesimo
909 842 1038 887 primo,
1062 853 1187 874 meuse
1209 841 1326 874 Martii
1349 855 1378 872 ».

303 909 442 941 Deinde
460 908 631 941 scribitur
649 915 751 941 tenor
771 909 958 953 cujusdam
981 909 1160 953 scripture
1177 920 1195 940 a
1216 915 1318 953 tergo
1340 908 1434 940 dicte
1454 907 1582 940 cedule
1604 908 1640 940 in
1657 907 1779 941 verbis
1798 907 1950 940 Gallicis
1972 909 2074 948 facte,

214 987 318 1020 quam
340 975 559 1008 venerabilis
580 976 634 1008 vir
661 976 833 1020 magister
854 975 1074 1008 Guillelmus
1107 975 1150 1007 (10
1181 975 1349 1007 Nivernis
1377 975 1597 1007 examinator
1623 974 1660 1006 111
1687 974 1782 1007 dicto
1811 974 2007 1008 Castelleto
2036 987 2078 1006 ex

215 1049 313 1087 parte
332 1042 429 1087 regia
446 1042 665 1075 constitutus
683 1043 724 1074 ad
747 1042 814 1074 hoc
837 1054 989 1087 presens
1007 1043 1084 1086 ejus
1106 1054 1211 1074 manu
1234 1041 1379 1086 propria
1399 1041 1531 1074 fecisse
1549 1047 1583 1073 et
1603 1041 1770 1086 signasse
1792 1047 1959 1074 contenta
1981 1041 2078 1085 quod

214 1109 251 1141 in
272 1109 395 1141 eadem
418 1121 499 1142 vcra
516 1110 593 1142 sore
614 1110 771 1142 asseruit
791 1116 825 1141 ct
845 1109 953 1141 michi
971 1108 1178 1153 subscripto
1195 1108 1335 1141 notario
1356 1108 1479 1141 retulit
1499 1108 1578 1141 viva
1599 1120 1700 1148 voce,
1724 1108 1784 1152 qui
1807 1109 1953 1153 quidem
1975 1115 2079 1141 tenor

214 1176 379 1220 sequitur
395 1176 431 1208 in
452 1175 517 1208 hec
533 1176 641 1208 verba
662 1188 668 1208 2
693 1190 708 1206 «
728 1176 915 1209 Collacion
932 1176 997 1208 des
1018 1175 1160 1208 clauses
1177 1182 1376 1208 contenues
1397 1187 1439 1207 au
1461 1174 1566 1207 blanc
1589 1175 1632 1207 (le
1655 1187 1694 1207 ce
1717 1181 1863 1219 present
1886 1176 2080 1219 transcript

214 1248 270 1274 est
290 1242 372 1274 faite
393 1254 477 1275 avec
500 1255 547 1274 un
568 1243 787 1275 instrument
815 1242 988 1286 publique
1010 1242 1114 1286 signe
1137 1242 1201 1274 (les
1230 1242 1355 1286 seings
1377 1242 1420 1274 de
1444 1241 1589 1274 maistre
1616 1241 1729 1274 Jehan
1759 1243 1875 1274 Moret
1907 1241 2078 1274 tabellion

215 1308 468 1353 appostolique
490 1315 525 1341 et
545 1309 722 1353 imperial,
740 1315 775 1341 et
794 1308 906 1341 Jehan
929 1309 972 1341 de
995 1309 1104 1340 Lions
1127 1308 1299 1341 tabellion
1322 1308 1497 1353 imperial,
1516 1308 1576 1340 fait
1598 1320 1660 1352 par
1682 1309 1839 1340 maniere
1861 1308 1904 1340 de
1921 1309 2078 1341 vidimus

215 1375 279 1408 des
300 1375 426 1408 lettres
448 1375 595 1420 royaulx
622 1382 821 1408 contenans
851 1375 1017 1407 lesdittes
1044 1375 1185 1408 clauses
1218 1375 1372 1407 scellees
1393 1387 1437 1407 en
1465 1375 1517 1407 las
1539 1375 1583 1407 de
1612 1386 1698 1419 soye
1719 1381 1754 1407 et
1774 1375 1847 1407 cire
1868 1382 1942 1407 vert
1976 1376 2019 1407 (10
2047 1375 2078 1408 la

213 1442 293 1475 date
319 1442 366 1474 du
396 1443 480 1486 xvij⁰
501 1443 587 1486 jour
608 1442 651 1475 de
681 1442 892 1487 Septembre
914 1443 1003 1475 CCC
1017 1443 1159 1482 LXVII,
1183 1442 1216 1474 le
1242 1442 1326 1486 xxij⁰
1347 1443 1433 1486 jour
1460 1442 1503 1474 de
1531 1441 1743 1486 Septembre
1770 1442 1838 1474 l'an
1861 1442 1992 1474 (lessus
2014 1442 2078 1481 dit7

213 1521 275 1554 par
297 1521 377 1554 moy
393 1508 598 1542 Guillaume
621 1509 665 1541 de
686 1510 836 1542 Nevers.
858 1523 872 1539 ))

300 1575 387 1608 Acta
414 1576 560 1608 fuerunt
591 1574 657 1607 hec
684 1587 791 1616 anno,
815 1575 1032 1616 indiccione,
1056 1587 1194 1616 mense,
1218 1575 1288 1615 die,
1312 1575 1411 1613 hora,
1434 1575 1644 1619 pontificatu
1672 1581 1707 1607 et
1735 1574 1815 1607 loco
1843 1575 2076 1619 supradictis7

213 1641 446 1686 presentibus
468 1641 737 1675 venerabilibus
766 1648 801 1674 et
829 1642 1090 1687 cii-conspectis
1118 1642 1206 1675 viris
1235 1642 1417 1686 magistris
1439 1641 1636 1675 Guillelmo
1666 1641 1710 1673 (lc
1743 1642 1871 1673 Sancto
1899 1642 2079 1674 Germano

213 1715 446 1753 procuratore
467 1708 629 1753 generali
651 1715 686 1741 et
703 1708 866 1741 ¹Iohanne
888 1709 1077 1742 Pastorelli
1099 1709 1271 1742 advocato
1293 1709 1378 1741 dicti
1401 1709 1538 1741 domini
1560 1708 1675 1741 nostri
1705 1708 1802 1752 regis
1824 1708 1859 1740 in
1882 1709 1960 1752 ejus
1982 1708 2079 1740 curia

213 1775 410 1808 Parisiensi
432 1775 659 1815 parlamenti,
678 1775 880 1809 Guillermo
902 1776 1036 1808 Porelli
1058 1782 1291 1821 procuratore
1313 1782 1348 1808 et
1363 1776 1537 1809 Vicencio
1555 1775 1707 1807 Droardi
1725 1775 1897 1807 advocato
1915 1775 2076 1819 ejusdem

212 1842 349 1874 domini
370 1842 406 1874 in
428 1842 623 1876 Castelleto
646 1842 836 1886 prelibato,
855 1844 959 1875 Petro
977 1843 1021 1875 de
1039 1844 1154 1887 Gyen,
1174 1842 1363 1887 Radulpho
1381 1843 1425 1874 de
1447 1842 1625 1874 Praelles⁰
1644 1848 1678 1874 et
1697 1841 1860 1874 Johanne
1878 1842 1921 1874 de
1939 1841 2076 1875 Chatou

211 1908 408 1947 advocatis,
429 1908 592 1942 Johanne
621 1909 664 1941 de
691 1909 899 1950 Tusslieres,
921 1909 1083 1942 Johaune
1106 1910 1149 1942 de
1172 1911 1296 1950 Barro,
1320 1909 1478 1942 Roberto
1510 1909 1611 1941 Parvi
1641 1908 1787 1944 Clerici,
1810 1908 2011 1941 Guillermo
2034 1909 2077 1940 (le

210 1976 388 2020 Nyvernis
410 1976 586 2020 predicto,
604 1976 751 2008 Nicolao
774 1976 817 2008 de
835 1979 979 2018 Quercu
1001 1989 1039 2008 ac
1057 1976 1259 2009 Guillermo
1282 1976 1437 2009 Dionisii
1458 1975 1777 2013 examinatoribus,
1796 1975 1959 2007 Johanne
1982 1975 2076 2007 dicto

211 2043 259 2074 Le
280 2043 404 2087 Begue
425 2043 579 2083 notario⁷
602 2043 803 2076 Guillermo
826 2043 921 2075 dicto
944 2045 1125 2087 Lonuroy,
1147 2043 1310 2076 Johanne
1330 2043 1533 2075 Salomonis
1555 2049 1589 2075 et
1610 2042 1766 2075 Girardo
1788 2042 1831 2074 <le
1856 2043 1947 2086 Haya
1970 2054 2077 2086 gene-

210 2108 346 2141 ralibus
376 2109 674 2153 procuratoribus
701 2109 737 2141 in
759 2109 955 2142 Castelleto
986 2110 1162 2154 predicto,
1185 2109 1340 2142 testibus
1367 2110 1411 2142 ad
1444 2109 1621 2154 premissa
1649 2109 1784 2142 vocatis
1816 2109 2022 2153 specialiter
2043 2115 2077 2141 et

209 2175 358 2220 rogatis.

300 2243 339 2274 Et
361 2242 469 2275 estoit
489 2243 625 2287 escript
648 2255 691 2275 au
714 2243 894 2276 dessoubz
916 2255 1059 2288 empres
1080 2243 1112 2276 le
1134 2243 1241 2288 seing
1261 2243 1403 2275 manuel
1426 2243 1529 2275 dudit
1550 2243 1724 2275 tabellion
1745 2254 1785 2275 ce
1807 2243 1865 2286 qui
1890 2242 2039 2274 s'ensuit
2066 2254 2071 2274 2

297 2323 313 2340 «
334 2310 375 2341 Et
395 2321 463 2354 ego
480 2309 635 2342 Thomas
653 2310 757 2342 Alani
778 2310 933 2342 clericus
955 2310 1171 2343 Parisiensis
1193 2310 1390 2355 apostolica
1412 2316 1447 2342 et
1466 2309 1645 2354 imperiali
1671 2309 1882 2342 auctoritate
1906 2309 2072 2354 publicus

207 2375 369 2408 notarius
388 2390 417 2416 n,
439 2381 502 2409 etc.

298 2473 375 2496 Arch.
391 2476 445 2496 nat.
464 2473 556 2501 Paris„
574 2473 649 2497 Livre
664 2482 745 2505 rouge
761 2474 836 2497 vieux
853 2475 887 2497 du
901 2474 1027 2503 Chatetet,
1042 2475 1060 2497 Y
1076 2476 1098 2500 2.
1117 2474 1161 2497 sol.
1176 2475 1202 2497 81
1222 2476 1307 2503 (antea
1325 2475 1369 2498 sol.
1387 2475 1435 2503 71).
1453 2488 1476 2491 -
1492 2474 1548 2498 Vid.
1566 2482 1648 2505 supra
1664 2479 1692 2497 n⁰
1707 2474 1775 2497 1336.

301 2558 321 2581 l.
338 2558 446 2581 Indictio
462 2558 566 2581 Bedana
584 2559 727 2582 secundum
743 2559 833 2581 stilum
851 2559 986 2582 Franciae.
1004 2573 1030 2576 —
1048 2560 1070 2582 2.
1087 2559 1145 2582 Fuit
1162 2559 1330 2590 praepositus
1349 2559 1382 2581 ab
1402 2568 1444 2582 an.
1459 2558 1528 2587 1307,
1547 2559 1681 2590 Septemb.
1699 2560 1721 2587 3,
1741 2567 1824 2590 usque
1840 2559 1872 2581 ad
1891 2566 1932 2581 an.
1948 2558 2017 2589 1381,
2039 2558 2069 2579 ‹11›

205 2610 256 2633 quo
271 2602 349 2625 etiam
364 2603 473 2633 pluries.
491 2603 662 2626 Universituti
678 2603 796 2626 infensus
814 2604 870 2627 suit.
887 2604 943 2626 Vid.
961 2604 1029 2626 infra
1045 2604 1076 2626 ad
1096 2612 1137 2626 an.
1157 2604 1226 2627 1380.
1240 2604 1360 2627 Decemb.
1377 2604 1414 2627 15.
1430 2618 1460 2621 —-
1475 2605 1498 2627 3.
1515 2604 1566 2627 Sic.
1579 2604 1636 2627 Vid.
1651 2603 1930 2634 Ducange-llenscliel,
1947 2603 1973 2629 V,
1992 2603 2028 2625 70.
2041 2615 2070 2618 —-

203 2648 226 2669 4.
244 2647 290 2670 Ms.
305 2655 309 2669 ·.
328 2657 340 2668 «
356 2647 425 2678 quod
437 2658 458 2671 n.
469 2662 497 2664 —
514 2650 535 2670 5.
553 2648 677 2670 Notulnus
694 2648 760 2671 inter
774 2648 906 2671 varianti-s
923 2656 928 2671 '-
945 2657 993 2679 pro
1010 2659 1021 2669 ι(
1038 2648 1062 2670 111
1079 2649 1191 2679 capitale
1205 2648 1393 2671 Parisiensium
1405 2649 1546 2671 scolarium
1564 2656 1584 2678 »‚
1601 2648 1728 2671 scribitur
1743 2656 1747 2670 2
1766 2658 1777 2669 «
1793 2648 1817 2670 in
1834 2647 1941 2677 capitali
1960 2647 2068 2668 scolaris

203 2691 287 2714 Puris.
357 2692 401 2714 scd
420 2692 441 2714 si
458 2692 542 2714 visum
561 2692 638 2715 fuerit
652 2693 726 2715 illum
741 2701 798 2716 esse
815 2693 997 2715 arrestandum
1016 2702 1036 2715 ι).
1053 2707 1083 2710 -ἤ
1097 2694 1119 2715 6.
1135 2694 1153 2715 Ι.
1171 2701 1192 2715 e.
1210 2693 1291 2716 Raoul
1308 2693 1338 2715 de
1357 2693 1458 2716 Presles
1474 2694 1624 2716 traductore
1642 2693 1771 2715 librorum
1785 2694 1818 2721 (v.
1837 2700 1862 2721 g.
1878 2693 1916 2714 De
1931 2691 2003 2715 civit.
2020 2691 2069 2713 Dm·

203 2736 350 2766 Augustini,
365 2736 482 2766 Bibliae)
500 2737 524 2759 iu
540 2736 656 2767 linguam
673 2737 810 2767 Gallicam,
825 2741 850 2759 et
865 2737 1089 2768 historiographo.
1105 2738 1160 2760 Vid.
1178 2737 1282 2766 Deliste,
1299 2738 1360 2761 Cal).
1377 2739 1423 2762 (les
1439 2745 1514 2767 mss.,
1533 2738 1550 2765 l,
1566 2738 1604 2762 4‘2.
1621 2740 1646 2759 et
1662 2738 1709 2762 111,
1726 2738 1783 2762 502;
1803 2737 1834 2759 LO
1852 2737 1922 2758 li⁰¹¹x
1936 2736 1965 2757 (¹⁸²
1980 2736 2069 2765 [41110-

203 2780 354 2808 Tisserand,
371 2781 456 2804 Paris
471 2785 495 2804 et
510 2788 550 2805 ses
563 2782 723 2810 historiens,
741 2790 768 2812 p.
785 2782 811 2804 81
833 2790 890 2813 sqq.
