2488 3386
203 1010 263 1033 1340

201 1159 259 1184 1341

200 1351 260 1374 1342

198 1452 259 1476 1343

199 1554 259 1578 1344

198 1746 258 1770 1345

197 1848 257 1871 1346

197 1955 256 1978 1347

196 2062 256 2085 1348

195 2168 256 2191 1349

195 2274 255 2298 1350

195 2381 253 2404 1351

195 2488 254 2511 1352

194 2595 254 2618 1353

193 2700 254 2723 1354

193 2806 254 2830 1355

1057 326 1222 348 TABULA.

2009 319 2071 351 677

337 1156 404 1184 1388

536 444 597 468 Maii
613 445 641 468 18

513 546 634 570 Octobris
649 547 664 569 4

554 649 663 671 —10

522 706 594 729 Junii
612 706 652 729 23-

502 737 623 760 Octobris
641 738 669 760 10

502 806 623 830 Octobris
640 808 666 830 11

495 865 645 888 Decembris
660 867 675 889 9

529 1159 590 1182 Maii
609 1160 637 1182 19

522 1350 594 1373 Junii
611 1350 640 1373 16

550 1452 640 1475 —19

525 1554 589 1577 Julii
605 1555 634 1577 28

475 1745 637 1776 Septembris
657 1746 681 1769 11

486 1847 640 1870 Novembris
657 1850 670 1871 5

547 1967 576 1970 —
640 1954 670 1977 16

493 2059 614 2083 Octobris
630 2060 669 2082 10-

481 2091 631 2114 Decembris
646 2092 675 2114 16

485 2166 639 2190 Novembris
656 2168 670 2189 9

480 2273 629 2296 Decembris
645 2274 674 2297 23

499 2380 619 2402 Januarii
641 2380 648 2402 l

505 2486 605 2517 Aprilis
621 2486 650 2508 12

496 2592 632 2615 Februarii
647 2594 661 2615 6

510 2730 595 2753 Martii
612 2731 641 2752 24

530 2805 590 2828 Maii
605 2806 619 2827 4

723 445 855 467 Statutum
870 445 1002 468 facultatis
1020 445 1125 471 artium.
1142 445 1246 476 quando
1262 444 1384 476 magistri
1401 444 1496 467 artium
1513 453 1589 468 mane
1605 453 1666 467 suas
1681 445 1805 468 lectiones
1819 445 1906 477 legere
1923 445 1984 469 inci-

751 489 826 520 piant
837 506 1982 514 .............................................

723 546 871 577 Stephanus
887 547 918 569 de
937 546 1061 569 Fontanis
1085 546 1192 569 solitum
1211 546 1390 577 juramentum
1411 546 1580 569 librariorum
1596 549 1621 569 et
1642 547 1839 570 satisdationem
1855 551 1981 578 praestat.

752 590 864 614 Nomina
879 591 1050 614 librariorum
1067 590 1227 621 simplicium
1233 607 1568 615 ..............
1590 611 1594 615 .
1615 608 1981 617 ...............

721 648 808 671 Novus
823 649 993 680 praepositus
1009 648 1104 677 Paris.‚
1121 648 1195 679 Hugo
1212 648 1330 677 Aubriot,
1345 648 1452 671 solitum
1465 648 1644 679 juramentum
1660 652 1779 680 praestat
1782 667 1981 675 .........

721 706 819 729 Electio
834 706 954 729 rectoris.
970 706 1005 729 De
1026 705 1167 737 privilegio
1186 706 1256 736 regis
1272 714 1321 737 pro
1343 709 1527 728 conservatore
1549 706 1763 737 privilegiorum;
1785 707 1815 729 de
1833 707 1982 738 juramento

752 750 812 773 novi
827 750 974 781 praepositi
988 750 1062 773 Paris
1070 767 1981 775 ....................................

720 808 818 831 Electio
832 807 941 831 rectoris
957 807 1068 831 Marsilii
1083 808 1114 831 de
1130 807 1228 839 Inghen
1233 824 1980 832 ..............................

720 866 786 896 Mag.
801 866 934 889 Johannes
948 865 1086 894 Quadrati,
1104 865 1146 888 lic.
1162 865 1188 888 in
1203 865 1294 895 theol„
1310 873 1398 888 coram
1411 865 1516 888 officiali
1531 865 1615 888 Paris.
1629 866 1802 897 recognoscit,
1817 874 1844 889 se
1857 866 1982 890 habuisse

750 918 764 933 a
780 910 916 941 magistris
932 913 985 933 nat.
1005 910 1098 933 Gallie.
1115 910 1208 933 matris
1225 918 1287 933 suae
1303 910 1332 932 20
1350 912 1453 932 francos
1473 909 1541 939 auri,
1557 918 1622 941 quos
1643 910 1713 933 infra
1732 918 1829 933 annum
1845 911 1982 934 restituere

752 954 885 985 promittit
889 970 1980 980 ...........................................

719 1012 861 1035 Occasione
876 1012 931 1034 ludi
947 1012 1109 1043 episcopalis
1128 1015 1203 1035 nocte
1221 1012 1248 1035 S.
1263 1011 1364 1035 Nicolai
1379 1011 1515 1034 conflictus
1528 1015 1651 1034 cruentus
1666 1011 1734 1035 inter
1751 1012 1884 1036 scholares
1897 1014 1981 1038 Paris.

749 1060 774 1079 et
791 1057 934 1079 servientes
957 1060 982 1079 et
1007 1056 1103 1079 milites
1120 1057 1190 1087 gueti
1207 1056 1332 1079 subortus
1355 1059 1402 1079 est.
1429 1056 1514 1079 Causa
1535 1064 1624 1079 coram
1646 1057 1811 1080 Parlamento
1826 1058 1912 1081 delata
1931 1066 1982 1081 ser-

749 1101 849 1124 vientes
867 1101 1013 1132 puniuntur
1017 1117 1877 1126 ..................................
1897 1123 1901 1126 .
1921 1119 1928 1126 .
1948 1120 1953 1126 .
1974 1120 1979 1126 .

717 1159 841 1182 Urbanus
860 1159 879 1181 V
897 1159 980 1190 priori
1000 1162 1025 1181 et
1041 1158 1168 1181 fratribus
1191 1158 1254 1182 Ord.
1269 1158 1298 1181 B.
1313 1158 1393 1181 Marie
1411 1158 1442 1181 de
1458 1159 1544 1181 Monte
1558 1158 1671 1181 Carmeli
1686 1159 1771 1182 Paris.
1790 1160 1909 1183 concedit
1923 1163 1951 1183 ut
1966 1169 1980 1183 a

749 1203 890 1231 Ludovico,
904 1203 998 1226 comite
1012 1205 1191 1234 Stampnrurn,
1207 1203 1317 1232 triginta
1328 1202 1410 1226 libras
1426 1202 1508 1234 paris.
1521 1203 1578 1225 auri
1591 1203 1623 1225 ad
1639 1204 1856 1227 sustentationem
1868 1205 1979 1228 duorum

748 1248 823 1270 fratr.
840 1248 915 1277 Ord.,
932 1248 974 1279 qui
994 1248 1137 1270 secundum
1154 1247 1314 1270 voluntatem
1332 1247 1435 1270 comitis
1454 1247 1480 1269 in
1501 1247 1577 1270 domo
1597 1255 1687 1270 eorum
1701 1248 1786 1271 Paris.
1805 1249 1900 1272 futuris
1918 1253 1981 1272 tem-

747 1292 856 1323 poribus
875 1292 961 1315 studio
977 1292 1125 1322 theologiae
1141 1300 1234 1314 vacare
1249 1291 1370 1319 debeant,
1387 1291 1503 1322 recipere
1518 1291 1622 1322 possint
1628 1309 1978 1317 ..............

718 1350 841 1372 Urbanus
859 1350 877 1372 V
896 1350 1020 1378 decernit,
1045 1353 1073 1372 ut
1096 1349 1234 1372 brachium
1250 1350 1369 1372 dextrum
1391 1350 1417 1372 S.
1435 1349 1550 1372 Thomae
1567 1349 1598 1372 de
1619 1349 1729 1380 Aquino,
1750 1350 1784 1373 ad
1803 1350 1881 1373 decus
1899 1351 1979 1374 studii

746 1394 890 1417 Parisiens.
904 1394 1020 1417 Parisios
1034 1394 1230 1417 transmittatur
1232 1410 1977 1420 ..............................

716 1451 839 1475 Urbanus
862 1452 882 1474 V
899 1452 932 1474 ad
952 1451 1139 1474 cancellarium
1160 1451 1254 1480 Paris„
1277 1454 1305 1474 ut
1320 1452 1425 1474 Petrum
1444 1451 1564 1478 Borroni,
1587 1451 1651 1475 Ord.
1674 1452 1776 1480 Praed.,
1797 1453 1830 1475 ad
1852 1453 1978 1476 lecturam

747 1496 942 1519 Sententiarum
958 1496 1080 1519 admittat
1083 1512 1977 1521 ....................................

716 1553 840 1577 Urbanus
856 1554 876 1576 V
893 1553 1032 1582 (Grimerio
1055 1553 1192 1582 Bonisacii)
1214 1553 1372 1575 cancellario
1392 1552 1544 1582 Parisiensi,
1564 1555 1593 1575 ut
1614 1553 1771 1576 Guillelmus
1793 1554 1892 1585 Goyon,
1916 1555 1978 1579 Ord.

746 1598 849 1626 Praed.,
873 1598 917 1629 qui
933 1598 959 1620 in
982 1599 1130 1628 Rotompg.,
1147 1598 1280 1628 Andegav.
1299 1601 1324 1620 et
1343 1597 1500 1620 NannetenS.
1522 1597 1586 1620 locis
1605 1597 1667 1620 dicti
1691 1597 1754 1621 Ord.
1770 1598 1851 1621 lector
1867 1599 1924 1629 suit,
1946 1600 1979 1623 ad

745 1642 871 1673 legendas
892 1642 1039 1665 Sententias
1055 1645 1173 1672 temporo
1188 1641 1294 1664 hiemali
1315 1644 1344 1664 ut
1365 1641 1534 1664 baccalareus
1556 1641 1582 1664 in
1603 1642 1686 1664 altera
1702 1642 1814 1665 duarum
1829 1643 1978 1667 scholarum

745 1687 838 1709 domus
855 1686 917 1709 dicti
931 1686 993 1710 Ord.
1011 1695 1078 1709 anno
1094 1686 1213 1717 proxime
1227 1688 1315 1709 futuro
1331 1685 1475 1717 recipiatur
1478 1703 1978 1712 ....................

715 1744 870 1771 Richnrdus,
889 1744 971 1766 abbas
989 1744 1014 1767 S.
1031 1743 1155 1767 Germani
1175 1744 1205 1766 de
1228 1743 1323 1773 Pratis,
1346 1743 1463 1766 declarat
1483 1743 1526 1774 jus
1550 1746 1706 1774 patronatus
1732 1744 1758 1766 in
1784 1745 1846 1768 eccl.
1870 1746 1977 1776 paroch.

746 1789 771 1811 S.
787 1788 910 1812 Germani
926 1796 1080 1811 concessum
1099 1796 1156 1811 esse
1175 1788 1207 1810 ab
1223 1788 1331 1810 abbatia
1344 1787 1516 1811 Univcrsitati
1532 1787 1606 1810 Paris
1611 1805 1976 1815 ...............

714 1846 823 1869 Carolus
838 1847 867 1876 V,
886 1854 930 1869 rex
946 1847 1116 1874 Francorum,
1134 1846 1163 1868 14
1182 1845 1315 1875 librarios,
1332 1845 1359 1868 11
1380 1845 1532 1876 scriptores,
1553 1845 1582 1868 15
1597 1845 1799 1874 illuminatores,
1819 1848 1833 1869 6
1851 1847 1976 1878 lig-atores

744 1891 873 1913 librorum
890 1894 915 1913 ct
930 1891 958 1913 18
974 1890 1189 1921 pergamenarios
1205 1890 1238 1912 ab
1254 1889 1370 1912 excubiis
1387 1892 1413 1912 et
1429 1898 1444 1912 a
1461 1889 1581 1912 custodia
1596 1892 1733 1920 portarum
1748 1890 1862 1914 civitatis
1877 1892 1975 1917 eximit.

713 1953 836 1976 Urbanus
852 1953 872 1975 V
888 1953 921 1975 ad
943 1952 1080 1975 officialem
1101 1952 1196 1981 Paris„
1210 1955 1238 1975 ut
1258 1951 1375 1983 inquirat
1397 1951 1524 1982 quidquid
1546 1955 1653 1982 pactum
1676 1952 1754 1975 fuerit
1772 1952 1975 1978 Universitatem

744 1997 826 2021 Paris.
844 1997 912 2020 inter
926 2000 951 2019 ct
966 1996 1087 2019 abbatem
1105 1997 1131 2019 S.
1145 1996 1268 2020 Germani
1273 2012 1974 2022 ............................

713 2060 806 2082 Rector
821 2059 917 2081 electus
934 2058 1089 2081 Franciscus
1105 2059 1136 2081 ‹le
1154 2059 1180 2081 S.
1198 2058 1332 2081 Michaele.
1350 2058 1385 2080 De
1399 2058 1461 2080 4000
1475 2058 1570 2080 francis
1584 2058 1665 2088 episc.
1682 2059 1814 2082 Gamerae.
1829 2060 1974 2091 Episcopus

743 2102 909 2126 Lexoviensis
923 2102 1025 2125 veniam
1041 2102 1105 2133 petit
1121 2102 1153 2125 ab
1168 2102 1355 2125 Universitate.
1372 2102 1406 2125 De
1422 2102 1507 2124 rotulo
1524 2102 1709 2125 Universitatis
1714 2119 1973 2129 ...........

713 2166 835 2189 Urbanus
852 2166 871 2188 V
886 2165 919 2187 ad
932 2165 1078 2187 Johannem
1094 2164 1263 2192 cardinalem,
1281 2167 1309 2186 ut
1324 2164 1354 2186 de
1370 2163 1548 2186 controversia
1564 2163 1631 2186 inter
1646 2164 1799 2195 Dionysium
1814 2166 1972 2195 Foulhzchat,

743 2210 805 2233 Ord.
820 2209 892 2237 Min.‚
909 2212 934 2232 et
951 2209 1137 2231 cancellarium
1150 2208 1234 2231 Paris.
1252 2208 1368 2239 inquirat
1380 2211 1405 2230 et
1417 2208 1509 2230 deinde
1525 2208 1647 2231 decernat
1659 2225 1665 2231 .
1685 2227 1690 2231 .
1710 2225 1716 2231 .
1736 2229 1740 2233 ,
1760 2226 1972 2235 ,,,,,,,,,

713 2272 834 2295 Urbanus
851 2272 871 2294 V
884 2271 916 2294 ad
929 2271 1075 2294 Johannem
1090 2271 1173 2299 ειη-(1.,
1188 2274 1215 2292 ut
1227 2270 1367 2301 Dionysius
1383 2270 1535 2292 Foullecliut
1550 2278 1651 2292 errores
1667 2274 1768 2293 revocet
1782 2272 1849 2294 etde
1864 2273 1973 2297 consilio

742 2315 893 2339 cancellarii
911 2318 936 2338 et
954 2315 1142 2345 magistrorum
1156 2314 1273 2345 graviter
1285 2314 1411 2345 puniatur
1425 2331 1895 2340 ...................
1916 2338 1920 2342 ,
1942 2335 1947 2341 .
1966 2336 1972 2341 .

712 2379 834 2401 Urbanus
850 2378 870 2400 V
885 2377 1015 2408 prohibet,
1040 2385 1070 2399 ne
1086 2376 1144 2408 quis
1164 2377 1293 2407 pendente
1315 2384 1394 2398 causa
1417 2376 1448 2398 ad
1470 2376 1668 2398 arrestationem
1689 2376 1805 2408 Dionysii
1822 2378 1973 2403 Foullechat

741 2422 867 2454 procedat
880 2437 1970 2448 ...........................................

711 2484 849 2508 Revocatio
864 2484 970 2515 publica
987 2491 1033 2514 per
1046 2483 1199 2514 Dionysium
1216 2483 1376 2511 Foullechat,
1388 2482 1451 2505 Ord.
1463 2482 1534 2509 Min„
1552 2482 1661 2505 Parisiis
1678 2483 1745 2506 sacta
1760 2485 1971 2515 propositionum

738 2529 791 2560 jain
808 2532 989 2551 revocaturum
1006 2527 1144 2555 Avenione,
1162 2530 1186 2549 ct
1203 2527 1378 2558 quarumdam
1394 2526 1505 2549 aliarum
1510 2543 1818 2552 .............
1839 2549 1843 2553 .
1863 2546 1868 2551 .
1888 2550 1892 2554 ,
1913 2548 1918 2553 .
1938 2548 1944 2554 ,
1964 2548 1969 2553 .

711 2591 833 2614 Urbanus
844 2591 864 2613 V
880 2590 912 2612 ud
925 2589 1112 2612 cancellarium
1129 2589 1222 2615 Paris..
1236 2592 1264 2611 ut
1278 2588 1392 2611 Johanni
1406 2587 1567 2612 Corbechon.
1584 2588 1647 2611 Ord.
1660 2589 1746 2614 Erem,
1759 2590 1784 2612 S.
1794 2590 1870 2621 Aug,
1885 2592 1970 2615 locum

741 2636 859 2666 assignet
873 2643 921 2665 pro
939 2634 1038 2656 lectura
1055 2633 1248 2656 Sententiarum
1264 2649 1840 2657 .......................
1860 2655 1865 2659 ,
1886 2652 1891 2658 .
1914 2656 1917 2659 ,
1938 2654 1943 2659 .
1964 2655 1968 2660 ,

710 2699 802 2721 Rector
812 2697 909 2720 electus
926 2696 1080 2719 Guillelmus
1098 2695 1242 2718 Carnificis.
1256 2695 1364 2717 Mortale
1377 2694 1491 2725 litigium
1506 2694 1573 2717 inter
1588 2698 1640 2717 nat.
1656 2695 1780 2718 Franciae
1792 2699 1816 2718 et
1827 2697 1969 2722 Picardiae.

741 2742 850 2765 Articuli
865 2744 955 2764 contra
972 2740 1162 2771 praepositum.
1179 2740 1214 2762 De
1230 2739 1315 2762 rotulo
1319 2756 1968 2766 ..........................

710 2804 833 2828 Urbanus
848 2804 869 2825 V
884 2803 916 2825 nd
939 2802 1123 2825 cancellarium
1140 2802 1234 2830 Paris,
1252 2805 1278 2824 ut
1293 2802 1438 2824 Johannem
1459 2801 1582 2829 Thomae,
1599 2801 1661 2824 Ord.
1682 2802 1781 2830 Praed.,
1798 2803 1829 2824 ad
1846 2803 1969 2834 legendas

741 2848 888 2871 Sententias
904 2847 1026 2870 admittat
1034 2862 1582 2870 ......................
1603 2866 1607 2870 ,
1629 2862 1966 2873 ..............

2028 492 2073 515 160

2028 593 2069 617 161

2027 652 2072 674 163

2026 753 2072 777 164

2027 811 2072 834 166

2026 958 2071 980 166

2025 1105 2070 1128 166

2024 1296 2069 1320 175

2024 1398 2068 1422 175

2024 1500 2068 1524 176

2023 1691 2068 1714 176

2023 1794 2067 1817 176

2022 1896 2066 1919 178

2020 2003 2065 2026 179

2020 2109 2064 2132 180

2018 2215 2063 2238 182

2018 2322 2062 2344 183

2018 2428 2061 2450 184

2017 2534 2060 2557 185

2016 2641 2060 2663 186

2015 2745 2059 2769 186

2014 2852 2058 2875 ’187
