2488 3386
439 354 501 386 512
1015 361 1335 383 CHARTULARIUM
1371 361 1559 383 uuivsas.
1597 362 1725 383 rmus.
2198 350 2295 387 [1387

437 436 478 459 die
500 436 599 459 decima
621 435 732 466 septima
754 435 849 458 mensis
870 435 966 464 Martii,
985 434 1152 466 presentibus
1172 434 1368 457 venerabilibus
1385 438 1410 457 et
1426 434 1546 458 discretis
1563 435 1627 458 viris
1643 439 1668 458 et
1690 435 1825 467 magistris
1845 435 1963 458 Jobanne
1982 435 2115 467 Furgtais,
2133 436 2251 460 Johanne
2266 437 2298 460 de

438 480 580 508 CaminetO,
596 479 736 503 licentiatis
759 479 785 502 in
808 479 927 507 decretis,
949 479 1030 502 Adam
1050 479 1081 501 de
1104 479 1198 502 Sancto
1221 478 1347 507 AmandO,
1363 479 1481 502 Johanne
1503 479 1534 503 de
1555 480 1637 507 Valle,
1659 480 1812 503 bacullariis
1837 480 1863 503 in
1888 480 2008 508 decretis,
2029 480 2148 504 Johanne
2163 481 2299 513 Minonfis]

439 525 566 556 magistro
582 524 607 547 in
630 524 741 553 artibus,
765 524 870 547 Galtero
886 524 917 546 de
933 523 1067 554 Lingonis,
1084 523 1166 546 altero
1181 526 1332 554 promotore
1349 523 1420 546 curie
1436 523 1602 551 Purisiensis,
1621 524 1754 555 Stephano
1770 525 1801 547 de
1820 525 1845 547 la
1868 524 1959 552 Cnille,
1979 524 2080 547 notario
2101 525 2255 556 apostolico,
2273 529 2298 548 et

438 568 560 600 pluribus
576 568 635 591 aliis
651 568 762 591 testibus
779 568 812 591 ad
830 567 960 599 premissa
976 567 1075 590 voeatis
1092 567 1242 598 specialiter
1257 570 1282 590 et
1297 567 1407 598 rogatis.
1428 577 1437 587 a

530 653 553 677 1.
573 652 607 675 De
624 652 743 681 Malesec‚
768 652 840 675 card.
865 652 891 675 S.
913 651 1003 675 Crucis
1025 651 1153 674 Hierosul.
1174 651 1207 673 ad
1225 659 1267 674 an.
1285 651 1353 679 1375,
1369 651 1429 674 Dec.
1445 652 1487 679 20;
1509 652 1590 683 episc.
1611 652 1744 676 praenest.
1765 652 1798 675 ab
1818 653 1946 676 an.1383.
1967 665 1993 671 —
2011 653 2034 676 2.
2053 653 2088 676 De
2105 652 2218 682 Giffono,
2234 653 2296 676 Ord.

437 697 508 725 Min.,
526 697 598 720 card.
614 697 646 719 ab
664 705 707 720 an.
728 697 796 726 1378,
813 697 872 719 Dec.
892 697 928 719 16.
944 710 975 713 -
992 697 1014 719 3,
1033 695 1147 718 Amelius
1168 695 1199 718 de
1219 695 1354 723 Lautreco,
1370 696 1401 718 de
1417 704 1468 727 quo
1485 696 1539 727 jam
1560 705 1650 728 supra.
1667 710 1694 714 ——
1711 698 1732 720 [1.
1752 697 1820 724 Quia
1838 697 1903 720 ibid.
1920 697 2071 728 Capitulum
2091 698 2213 728 generale
2233 697 2296 721 Ord.

438 742 530 765 Praed.
547 741 695 772 proximum
709 741 836 764 celebrari
852 740 971 767 debebat,
988 740 1056 771 quod
1076 743 1162 762 tamen
1181 748 1222 763 an.
1237 740 1296 762 1391
1313 740 1398 762 solum
1413 740 1507 764 evenit.
1520 754 1550 758 —
1565 742 1588 764 5.
1605 741 1671 768 Quia
1686 749 1716 764 ex
1733 741 1783 764 ista
1798 741 1935 772 provincia
1952 741 2084 764 Johannes
2100 742 2131 764 de
2147 742 2298 765 Montesono

437 785 565 816 originem
581 785 663 808 duxit.
676 799 702 802 —
714 786 736 807 6.
754 785 821 812 Quia
835 792 974 815 processus
986 784 1049 806 ibid.
1065 797 1091 801 —
1104 785 1126 807 7.
1140 783 1207 811 Quia
1217 783 1349 814 imprimis
1362 792 1392 807 ex
1404 783 1462 807 istis
1479 785 1573 807 fratres
1587 785 1783 808 Praedicatores
1797 785 1954 816 culpabiles.
1970 799 1994 803 —
2004 786 2027 808 8.
2041 786 2191 817 Sequuntur
2206 786 2299 809 solitae

440 831 575 853 termulae.
592 844 622 847 —
636 831 658 852 9.
678 830 712 853 Ut
728 838 808 860 supra
825 837 835 851 <1
854 830 881 852 ln
898 837 948 860 quo
964 828 1069 860 quidem
1084 836 1104 854 »;
1120 828 1162 851 hic
1178 828 1263 851 solum
1279 829 1357 851 etiam
1371 828 1402 851 de,
1417 829 1730 852 excommunicationibus
1744 838 1829 853 sermo
1845 833 1932 853 est.—
1945 830 1981 853 10.
1994 830 2068 861 Orig.
2083 838 2088 853 ·.
2101 841 2114 852 «
2128 830 2299 854 subsiditis».

438 889 470 892 —
484 875 524 898 11.
539 874 583 898 Or.
598 882 603 897 z
622 882 632 897 «
646 874 764 905 parendo
781 882 802 897 ι).
816 887 843 891 -
857 873 894 896 12.
911 873 1006 896 Baluze
1021 881 1160 904 perperam
1175 880 1180 895 2
1199 881 1209 895 (1
1226 880 1294 895 nono
1312 882 1335 896 »-

444 1019 584 1057 1568.
608 1029 734 1054 Litterae
758 1027 956 1053 Universilatis
979 1027 1084 1059 Paris„
1103 1027 1206 1062 quibus
1228 1027 1484 1053 PraedIcatoribus
1507 1029 1535 1053 in
1557 1028 1671 1053 actibus
1690 1027 1881 1061 scholasticis,
1905 1028 2175 1064 supplicationibus,
2197 1037 2299 1055 sermo-

528 1077 611 1103 nibus
627 1081 693 1113 post
713 1086 808 1102 omnes
829 1076 904 1102 alios
925 1077 1086 1111 magistros,
1106 1080 1318 1112 praesentatos.
1347 1076 1541 1110 baccalareos,
1566 1076 1733 1103 saeculares
1756 1081 1783 1103 el
1802 1077 1958 1112 regular-w,
1983 1077 2061 1103 locus
2079 1078 2255 1112 assignatur,
2275 1078 2302 1104 si

527 1126 672 1160 contingat
688 1135 735 1151 eos
750 1125 873 1152 admitti.

1372 1162 1446 1191 7389,
1461 1162 1579 1188 ‹Ianuar-ii
1589 1163 1633 1191 20,
1648 1162 1780 1188 Februarii
1793 1163 1831 1191 19,
1846 1163 1886 1191 21,
1902 1163 2015 1188 Parisiis.

528 1232 718 1265 Universis
740 1238 931 1276 presentes
959 1231 1097 1264 litteras
1126 1231 1348 1276 inspecturis
1374 1232 1510 1264 rector¹
1540 1238 1574 1265 et
1601 1232 1820 1265 universitas
1842 1233 2098 1278 magistrorum
2126 1239 2161 1266 et
2185 1232 2301 1266 scola-

440 1299 530 1331 rium
553 1298 712 1331 Parisius
730 1298 967 1339 studentium,
985 1297 1136 1330 salutem
1159 1298 1195 1330 in
1212 1298 1367 1331 Domino
1389 1298 1658 1343 sempiternam.
1681 1300 1755 1331 Nos
1776 1311 1818 1331 ex
1839 1299 1948 1332 certis
1969 1305 2004 1332 et
2025 1298 2300 1333 rationabilibus

438 1365 558 1398 causis
580 1365 616 1397 in
637 1365 746 1398 certis
767 1365 846 1397 aliis
868 1365 998 1397 litteris
1020 1364 1164 1410 plenius
1186 1365 1370 1410 expressis
1398 1365 1441 1398 ad
1469 1372 1678 1410 perpetuam
1705 1366 1757 1398 rei
1785 1366 1991 1398 memoriam
2013 1365 2208 1407 voluimus,
2230 1372 2301 1399 sta-

441 1432 574 1464 tuimus
601 1438 637 1464 et
664 1431 962 1477 irrefragabiliter
987 1443 1051 1476 per
1080 1438 1269 1475 presentes
1296 1431 1519 1473 ordinamus,
1543 1439 1581 1465 ut
1605 1432 1776 1465 videlicet
1802 1432 1931 1465 fratres
1959 1432 2209 1465 Predicatores
2235 1444 2300 1466 seu

439 1498 600 1531 Jacobite
621 1499 870 1543 cujuscunque
892 1498 1114 1531 conditionis
1138 1505 1198 1531 aut
1223 1505 1337 1531 status
1358 1499 1553 1539 extiterint,
1577 1498 1746 1543 quotiens
1768 1510 1831 1531 eos
1856 1499 1899 1532 ad
1926 1505 2027 1531 actus
2047 1498 2214 1544 publicos
2235 1510 2299 1532 seu

441 1566 529 1597 sacta
558 1577 774 1609 quecunque
805 1565 899 1597 dicte
927 1571 1051 1598 nostre
1074 1565 1328 1598 Universitatis
1349 1565 1470 1598 vocari
1495 1565 1552 1598 vel
1577 1565 1716 1598 admitti
1744 1566 1944 1610 continget,
1975 1566 2108 1598 totiens
2137 1565 2299 1599 infimum

441 1631 558 1664 locum
590 1631 741 1665 honoris
771 1638 806 1664 et
836 1632 1039 1664 reverentie
1061 1643 1126 1677 per
1153 1643 1219 1665 nos
1240 1631 1297 1665 vel
1328 1632 1522 1677 magistros
1550 1631 1762 1673 [obtineant,
1791 1636 1836 1673 et]
1867 1633 1902 1664 in
1929 1632 2098 1666 omnibus
2128 1632 2301 1677 predictis

441 1697 580 1731 actibus
602 1698 816 1739 scolasticis,
840 1698 996 1743 publicis
1017 1705 1052 1731 01
1071 1699 1272 1739 consuetis,
1290 1698 1505 1739 scolaribus,
1523 1698 1737 1731 bachalariis
1758 1705 1818 1731 aut
1838 1699 2034 1744 magistris,
2052 1700 2302 1744 cujuscunque

442 1771 556 1798 status
576 1765 711 1797 fuerint
732 1769 1008 1809 [postponantur
1029 1772 1064 1798 et
1083 1765 1214 1806 locum]
1240 1765 1405 1798 ultimum
1427 1772 1462 1798 et
1482 1765 1643 1797 infimum
1665 1765 1887 1810 assignatum
1910 1764 2097 1798 obtineant
2116 1772 2152 1798 et
2171 1765 2208 1798 in
2231 1765 2303 1798 eis-

442 1832 523 1865 dem
546 1844 608 1876 per
629 1843 693 1865 eos
714 1832 757 1864 ad
781 1844 872 1876 quos
900 1838 1049 1877 spectat,
1075 1831 1314 1873 collocentur,
1340 1839 1377 1865 ut
1404 1838 1487 1877 puta
1510 1832 1672 1877 magistri
1701 1832 1738 1864 in
1759 1831 1943 1877 theologia
1964 1839 2046 1877 post
2066 1843 2193 1865 omnes
2211 1831 2308 1865 alios.

443 1898 649 1943 magistros,
674 1899 829 1942 juvenes
856 1905 890 1931 01
918 1899 1099 1943 antiquos,
1128 1905 1194 1931 tam
1225 1898 1408 1932 seculares
1437 1911 1541 1944 quam
1573 1898 1663 1931 alios
1693 1898 1889 1944 religiosos
1917 1898 2016 1931 illius
2045 1898 2236 1939 facultatis,
2265 1898 2303 1931 in

441 1964 801 2010 congregationibus,
819 1965 1010 2010 vesperiis,
1029 1965 1121 1998 aulis
1142 1965 1318 2011 episcopi,
1341 1965 1531 2010 principiis
1549 1965 1828 2010 quibuscunque
1845 1972 1879 1998 et
1899 1965 1937 1998 in
1957 1977 2171 2010 quacunque
2191 1964 2309 1998 facul·>
2343 1998 2346 2000 ,

442 2039 511 2065 tate
533 2032 697 2065 ultimum
727 2031 845 2064 locum
874 2031 1028 2065 habeant
1048 2039 1083 2065 et
1110 2032 1286 2073 infimum,
1309 2044 1374 2065 nec
1402 2033 1439 2064 in
1465 2032 1773 2077 disputationibus
1795 2032 1889 2065 dicte
1913 2032 2092 2065 facultatis
2117 2031 2302 2077 theologie

442 2106 522 2131 ante
552 2099 642 2131 alios
673 2099 866 2143 magistros
897 2105 964 2131 tam
997 2099 1180 2132 seculares
1211 2111 1315 2144 quam
1346 2099 1437 2132 alios
1468 2099 1664 2144 religiosos
1693 2100 1943 2144 cujuscunque
1972 2099 2121 2132 Ordinis
2148 2110 2307 2144 arguere·

443 2172 664 2210 presumant,
687 2166 897 2210 eisdemque
925 2166 1097 2199 fratribus
1122 2166 1295 2199 Jacobitis
1325 2166 1362 2198 in
1388 2166 1597 2211 hujusmodi
1629 2165 1937 2211 disputationibus
1964 2172 1999 2198 et
2027 2165 2166 2198 actibus
2196 2165 2302 2199 scho-

441 2232 578 2265 lasticis
600 2231 893 2277 quibuscunque,
915 2233 974 2273 [in]
998 2232 1131 2277 quibus
1152 2245 1306 2278 arguere
1326 2239 1540 2265 consuetum
1562 2239 1617 2265 est
1637 2239 1696 2265 aut
1716 2232 1952 2277 respondere,
1975 2238 2036 2265 aut
2055 2232 2163 2264 alium
2184 2238 2298 2265 actum

443 2311 695 2343 quemcunque
730 2298 959 2331 scolasticum
991 2300 1121 2340 facere,
1153 2306 1236 2344 post
1270 2299 1454 2345 predictos
1488 2300 1683 2345 magistros
1716 2299 1885 2332 volumus
1918 2298 2038 2331 locum
2072 2298 2237 2331 ultimum
2267 2305 2303 2342 et

444 2365 605 2397 infimum
636 2365 828 2409 assignari,
860 2373 894 2398 et
931 2367 1021 2398 tam‘·'
1053 2366 1089 2398 in
1120 2366 1364 2407 sermonibus,
1397 2370 1526 2411 [quam]
1558 2365 1858 2411 processionibus
1895 2377 1960 2398 seu
1994 2364 2302 2409 disputationibus

444 2443 561 2464 coram
594 2431 738 2464 domino
768 2439 892 2465 nostro
921 2444 1006 2477 rege
1032 2433 1089 2466 vel
1116 2433 1215 2474 alibi,
1243 2440 1276 2466 et
1304 2433 1524 2478 generaliter
1548 2433 1585 2465 in
1613 2432 1891 2477 quibuscunque
1918 2431 2020 2464 factis
2046 2431 2301 2464 Universitatis

445 2498 561 2530 dictos
586 2498 714 2530 fratres
742 2498 859 2530 locum
892 2498 1042 2532 honoris
1070 2499 1234 2532 ultimum
1264 2507 1298 2532 et
1326 2500 1488 2532 infimum
1516 2500 1673 2532 retinere
1700 2498 1869 2532 volumus
1895 2505 1930 2531 et
1956 2497 2102 2530 habere.
2132 2499 2175 2530 Et
2203 2498 2313 2542 quod.

446 2563 637 2596 bachalarii
667 2565 863 2608 presentati
893 2566 1045 2609 predicti
1072 2566 1221 2599 Ordinis
1243 2573 1325 2611 post
1350 2572 1577 2611 presentatos
1598 2565 1749 2598 aliorum
1771 2565 1962 2605 Ordinuin,
1989 2564 2159 2598 videlicet
2184 2564 2301 2597 Mino-

446 2642 537 2671 rum,
565 2630 835 2663 Carmelitarum
865 2638 900 2664 et
926 2632 1266 2677 Augustinensium,
1290 2633 1589 2666 Cisterciensium
1619 2638 1653 2664 et
1681 2631 1846 2672 aliorum,
1873 2632 2124 2676 cujuscunque
2151 2630 2301 2664 Ordinis

445 2697 640 2737 extiterint,
662 2709 700 2728 ac
728 2697 831 2729 etiam
864 2705 945 2741 post
972 2698 1154 2731 seculares
1183 2706 1218 2732 et
1246 2699 1441 2741 religiosos
1471 2699 1507 2731 in
1534 2698 1645 2731 scolis
1671 2704 1705 2730 et
1734 2697 1814 2730 aliis
1842 2697 1932 2730 locis
1953 2704 1988 2730 et
2006 2697 2144 2730 actibus
2165 2697 2301 2730 nostris

446 2762 609 2797 ultimum
631 2762 749 2795 locum
777 2762 941 2803 habeant,
968 2772 1005 2797 ut
1033 2772 1116 2810 puta
1144 2766 1175 2798 si
1203 2766 1354 2798 sedeant
1375 2772 1409 2798 et
1435 2771 1600 2809 arguant,
1622 2764 1659 2796 in
1680 2763 1819 2797 actibus
1840 2764 1977 2797 nostris
1998 2763 2154 2809 publicis
2175 2775 2301 2808 supra-

445 2829 551 2861 dictis
572 2828 732 2861 infimum
762 2829 879 2862 locum
910 2831 1098 2864 retineant.
1128 2833 1171 2864 Et
1197 2832 1240 2864 ad
1266 2843 1392 2864 omnes
1421 2838 1455 2864 et
1480 2830 1647 2876 singulos
1671 2831 1756 2863 dicti
1777 2830 1926 2864 Ordinis
1953 2831 2083 2863 fratres
2110 2836 2300 2875 presentes

446 2902 482 2930 et
500 2895 640 2928 futuros
662 2895 752 2928 hanc
775 2902 931 2928 nostram
955 2898 1217 2930 ordinationem
1237 2897 1488 2939 extendentes,
1506 2897 1764 2942 secularesque
1785 2909 1925 2938 necnon
1947 2897 2099 2930 aliorum
2122 2896 2298 2934 Ordinum
