2488 3386
464 328 484 359 6
1042 334 1359 357 CHARTULARHJM
1393 332 1582 354 nNivssns.
1621 331 1748 353 mnis.
2229 318 2326 355 [1351

459 410 634 454 juratoria
655 421 718 454 per
738 410 855 454 ipsum
878 409 1024 442 domino
1046 407 1188 440 officiali
1210 406 1404 439 Parisiensi
1426 406 1527 445 sacta,
1547 405 1591 437 de
1611 403 1853 449 comparando
1875 403 1983 436 dietis
2004 403 2075 436 sibi
2095 403 2327 449 assignandis

463 488 582 509 coram
605 475 812 517 officffiariis]
834 487 898 508 seu
919 473 1180 507 commissariis
1201 472 1270 505 sibi
1293 472 1433 504 dandis.
1458 471 1537 503 Fuit
1558 477 1675 503 tamen
1697 476 1933 514 protestatum
1960 481 2025 514 per
2045 470 2231 503 dominum
2252 470 2327 515 epi-

464 554 613 587 scopum
636 542 891 582 Parisiensem,
914 541 1010 586 quod
1032 541 1133 573 istam
1157 539 1358 571 cautionem
1379 537 1588 570 admittebat
1613 548 1708 569 nunc
1729 542 1764 568 et
1791 535 1988 580 recipiebat
2008 535 2124 568 solum
2148 535 2192 568 de
2212 536 2325 581 gratia

464 615 499 641 et
519 620 591 640 non
614 608 657 640 de
684 608 838 653 rigore¹,
857 607 1004 640 domino
1032 612 1172 638 rectore
1194 603 1448 638 Universitatis
1469 610 1503 635 et
1523 614 1588 647 pro
1609 603 1686 647 ipsa
1708 602 1951 635 Universitate
1973 602 2017 635 de
2038 602 2220 635 contrario
2242 614 2326 647 pro-

465 681 628 707 testante.
652 675 695 707 Et
715 674 759 706 de
780 673 849 706 hiis
871 673 923 706 sic
944 673 1044 712 actis,
1066 671 1167 704 factis
1196 677 1231 703 et
1259 670 1386 715 gestis,
1409 669 1522 702 voluit
1553 675 1620 701 tam
1653 668 1771 701 dictus
1802 668 1972 701 dominus
2002 668 2197 713 episcopus
2227 669 2325 702 Pari-

463 740 596 773 siensis
618 752 682 785 pro
704 752 756 781 se,
774 746 809 772 et
828 746 946 772 rector
963 737 1216 772 Universitatis
1239 748 1302 781 pro
1324 736 1400 780 ipsa
1419 735 1674 773 Universitate,
1693 733 1765 767 sibi
1786 746 1851 779 per
1866 746 1922 767 me
1939 735 2116 768 notarium
2140 734 2323 780 publicum

463 806 731 851 infrascriptum
753 806 830 838 fieri
852 805 1034 851 publicum
1057 805 1335 837 instrumentum
1357 814 1421 835 seu
1444 801 1586 846 publica
1610 801 1861 834 instrumenta.

551 873 637 905 Acta
661 873 807 905 suerunt
830 872 895 905 hec
919 883 1025 911 anno,
1050 882 1187 910 mense,
1214 870 1285 910 die,
1310 869 1521 908 indictione,
1547 867 1756 913 pontificatu
1785 874 1820 900 et
1849 867 1929 900 loco
1963 867 2149 912 predictis,
2174 880 2325 913 presen-

461 939 558 972 tibus
588 938 723 971 ibidem
753 945 788 971 et
818 937 1018 971 astantibus
1042 937 1188 970 domino
1220 942 1345 968 nostro
1380 947 1479 979 rege,
1504 941 1539 967 et
1567 934 1714 967 domino
1743 934 1874 966 comite
1905 933 1950 966 de
1973 934 2151 975 Erminac,
2177 934 2325 968 domino

461 1005 657 1039 Guillelmo
681 1004 793 1046 Flote,
820 1004 966 1037 domino
994 1004 1038 1036 de
1059 1002 1223 1043 Renello,
1248 1001 1405 1034 Roberto
1434 1001 1478 1033 de
1502 1001 1638 1035 Lorris.
1663 1000 1854 1042 militibus,
1878 1013 1916 1033 ac
1940 1000 2063 1034 multis
2086 1001 2166 1050 aliis
2189 1000 2324 1035 ibidem

462 1071 693 1116 presentibus
723 1077 758 1103 et
785 1070 1002 1110 astantibus,
1029 1077 1063 1102 et
1093 1070 1136 1102 de
1160 1069 1415 1108 Universitate,
1441 1067 1615 1112 magistro
1644 1067 1787 1100 Juliano
1818 1068 1863 1100 de
1897 1067 2047 1101 Muris²,
2074 1074 2215 1101 rectore
2237 1068 2326 1102 Uni-

460 1138 655 1178 versitatis,
680 1137 862 1182 magistris
884 1136 1046 1170 Johanne
1070 1136 1293 1181 Carpentarii
1326 1135 1362 1167 in
1393 1134 1586 1179 theologia,
1611 1133 1775 1167 Johanne
1804 1134 1848 1167 de
1877 1134 1960 1167 Elot
1983 1141 2016 1167 et
2039 1133 2203 1167 Johanne
2237 1134 2326 1168 Sail-

461 1203 632 1243 lembien,
656 1203 840 1248 magistris
862 1203 898 1235 in
923 1203 1112 1239 medicina,
1138 1209 1172 1235 et
1194 1201 1316 1234 multis
1339 1201 1419 1234 aliis
1442 1200 1597 1233 testibus
1623 1200 1666 1233 ad
1696 1201 1871 1245 premissa
1896 1200 2141 1245 presentibus,
2167 1201 2325 1234 evocatis

461 1269 666 1314 specialiter
689 1276 724 1302 et
747 1270 895 1314 rogatis.

548 1403 649 1442 Item,
674 1414 781 1443 anno,
805 1413 943 1441 mense,
968 1402 1178 1441 indictione,
1203 1401 1410 1446 pontificatu
1435 1408 1467 1433 et
1494 1401 1574 1433 loco
1598 1400 1784 1445 predictis,
1810 1400 1891 1445 quia
1916 1400 1993 1445 ipsa
2017 1400 2244 1434 Universitas
2266 1401 2326 1434 die

459 1468 544 1500 dicti
575 1468 712 1500 mensis
741 1468 865 1512 xxvij⁰,
890 1468 1059 1512 quasdam
1092 1468 1249 1500 rationes
1279 1468 1426 1500 domino
1458 1474 1582 1500 nostro
1612 1467 1690 1511 regi
1719 1467 1917 1500 tradiderat
1943 1478 2054 1512 super
2076 1467 2146 1500 isto
2165 1467 2258 1500 facto
2281 1467 2324 1500 ad

458 1534 576 1578 ipsum
608 1534 875 1567 informandum
908 1534 1039 1573 solum,
1076 1546 1147 1566 non
1178 1534 1274 1578 quod
1305 1533 1413 1566 vellet
1452 1546 1515 1578 por
1550 1533 1694 1566 modum
1729 1544 1926 1578 processus
1962 1533 2181 1578 procedere3
2219 1533 2323 1566 etiam

459 1607 603 1632 econtra
639 1601 797 1645 prefatus
827 1600 996 1633 dominus
1029 1601 1222 1645 episcopus
1253 1600 1468 1633 Parisiensis
1499 1599 1585 1632 alias
1619 1600 1777 1632 rationes
1802 1600 2009 1640 tradiderat,
2039 1606 2079 1632 ut
2112 1611 2222 1645 super
2254 1599 2325 1632 hiis

459 1666 628 1699 dominus
658 1678 719 1698 rex
749 1667 932 1699 ordinaret
959 1679 964 1698 z
992 1666 1132 1699 tandem
1166 1667 1349 1711 magistris
1376 1666 1539 1699 Johanne
1567 1666 1611 1698 de
1641 1666 1797 1705 Remis³,
1823 1672 1963 1699 rectore
1996 1665 2113 1710 ipsius
2136 1665 2324 1699 Universi-

460 1733 553 1772 tatis,
573 1732 770 1765 Guillelmo
794 1733 948 1765 Munerii
974 1733 1008 1765 in
1032 1733 1226 1777 theologia,
1251 1732 1407 1765 Roberto
1432 1733 1475 1765 de
1500 1732 1707 1772 Graiu-hiis,
1724 1732 1859 1765 Thoma
1884 1732 1929 1765 de
1952 1732 2071 1766 Chesa
2093 1732 2130 1765 in
2152 1731 2322 1773 decretis,

461 1798 715 1831 Bartholomeo
739 1799 893 1832 Bonneti
923 1799 958 1831 in
990 1799 1180 1840 medicina,
1205 1806 1237 1832 et
1266 1806 1419 1844 quatuor
1442 1799 1739 1844 procuratoribus
1767 1799 1883 1844 ipsius
1907 1798 2163 1832 Universitatis
2185 1798 2222 1832 in
2242 1810 2325 1844 pre-

460 1865 581 1897 sencia
610 1865 746 1897 domini
780 1866 895 1898 nostri
928 1866 1026 1910 regis
1056 1872 1091 1898 et
1122 1866 1298 1898 dictorum
1329 1866 1481 1898 aliorum
1513 1866 1742 1899 dominorum
1776 1865 1910 1898 ibidem
1941 1865 2165 1911 presentium
2190 1876 2233 1898 ex
2255 1877 2324 1898 una

460 1937 572 1975 parte,
598 1938 632 1963 et
655 1931 801 1964 domino
826 1932 997 1976 episcopo
1020 1932 1215 1965 Parisiensi
1238 1939 1273 1965 et
1295 1932 1436 1965 officiali
1459 1944 1526 1965 suo
1554 1939 1589 1965 et
1618 1932 1835 1977 quibusdam
1865 1932 1946 1966 aliis
1975 1944 2019 1965 ex
2047 1931 2126 1973 alia⁷
2153 1931 2212 1964 die
2239 1931 2325 1964 dicti

461 1998 597 2029 mensis
618 1998 735 2030 Martii
757 1997 892 2037 ultima,
916 1999 980 2030 suit
1003 1999 1054 2031 sic
1076 2011 1139 2043 per
1161 1999 1291 2031 dictum
1316 1999 1500 2031 dominum
1523 1999 1690 2032 comitem
1719 1999 1762 2031 de
1786 1999 1952 2032 Erminac
1973 2011 2038 2044 pro
2060 1998 2156 2032 dicto
2178 1998 2326 2032 domino

461 2070 586 2096 nostro
613 2076 712 2108 rege,
740 2063 808 2096 huc
837 2071 1017 2108 presente,
1041 2065 1195 2097 dictum'*
1217 2072 1252 2097 et
1272 2066 1528 2098 sententiatum
1548 2078 1554 2098 z
1579 2066 1675 2110 quod
1697 2066 1867 2098 dominus
1889 2065 2085 2110 episcopus
2106 2064 2324 2099 Parisiensis

455 2131 594 2173 juraret
615 2137 649 2162 et
670 2131 895 2174 promitteret
915 2142 1059 2163 servare
1080 2138 1115 2163 et
1135 2132 1317 2164 custodire
1340 2132 1618 2165 Universitatem
1640 2133 1677 2164 in
1698 2133 1813 2177 capite
1835 2139 1869 2165 et
1896 2132 1932 2164 in
1958 2131 2132 2165 membris
2152 2143 2218 2164 seu
2239 2143 2325 2176 sup-

461 2196 588 2240 positis
610 2196 703 2235 suis,
726 2203 760 2229 et
784 2197 879 2240 quod
906 2197 1072 2229 decetero
1103 2198 1282 2230 neminem
1305 2198 1349 2230 de
1371 2199 1625 2240 Universitate,
1649 2199 1787 2231 ratione
1808 2205 1843 2231 et
1867 2210 1974 2232 causa
1999 2198 2108 2243 hujus
2129 2198 2224 2239 facti,
2248 2210 2324 2231 mo-

460 2262 606 2295 lestaret
631 2269 690 2294 aut
710 2263 820 2295 eciam
846 2263 1073 2307 inquietaret,
1097 2276 1162 2296 nec
1189 2265 1299 2297 eciam
1329 2265 1491 2297 officialis
1517 2277 1606 2298 suus
1634 2272 1669 2298 et
1694 2272 1923 2310 promotores
1950 2265 2019 2298 sui.
2051 2266 2218 2309 Insuper,
2241 2264 2323 2309 quia

459 2328 536 2372 ipsa
554 2329 777 2361 Universitas
794 2329 1081 2373 conquerebatur
1099 2342 1140 2362 ex
1161 2342 1202 2363 eo
1220 2331 1317 2375 quod
1340 2331 1458 2376 dictus
1479 2331 1629 2364 scolaris
1649 2332 1765 2364 suerat
1786 2332 1927 2376 positus
1948 2331 1985 2364 in
2002 2330 2204 2371 tormentis,
2223 2336 2258 2363 et
2276 2330 2324 2363 ob

459 2394 526 2427 hoc
554 2395 778 2427 Universitas
807 2395 948 2428 tenebat
979 2396 1165 2428 officialem
1196 2397 1452 2437 parisiensem,
1472 2398 1643 2430 videlicet
1669 2399 1881 2443 magistrum
1904 2397 2140 2432 Guillelmum
2161 2396 2323 2437 Charlot,

460 2472 524 2504 pro
546 2461 697 2505 privato,
720 2467 755 2493 et
785 2461 983 2505 privaverat
1012 2462 1142 2506 ipsum,
1166 2475 1306 2495 necnon
1329 2471 1476 2508 propter
1497 2464 1577 2504 hoc,
1601 2465 1682 2509 quia
1710 2464 1877 2497 noluerat
1902 2464 2018 2497 statim
2042 2463 2196 2496 reddere
2217 2462 2323 2496 cleri-

459 2539 536 2558 cum
560 2527 832 2565 incarceratum,
854 2527 917 2559 sed
947 2535 1070 2560 contra
1098 2535 1259 2561 tenorem
1290 2530 1465 2562 dictorum
1499 2530 1773 2575 privilegiorum
1796 2530 1991 2571 detinebat,
2014 2537 2053 2562 ut
2077 2529 2219 2562 dicebat
2244 2529 2321 2574 ipsa

460 2593 694 2633 Universitas,
717 2593 782 2625 suit
801 2594 1053 2626 sententiatum
1080 2601 1113 2627 et
1142 2595 1288 2636 dictum,
1312 2596 1407 2640 quod
1439 2597 1556 2629 dictus
1585 2597 1747 2629 officialis
1772 2598 1913 2640 juraret
1933 2596 2030 2641 quod
2056 2596 2190 2628 dictum
2212 2594 2319 2628 cleri-

457 2671 536 2692 cum
559 2671 631 2691 non
652 2666 841 2703 possuerat
861 2671 976 2703 neque
999 2661 1082 2704 poni
1103 2661 1236 2693 fecerat
1261 2662 1296 2694 in
1318 2663 1520 2702 tormentis,
1543 2675 1660 2707 neque
1689 2663 1794 2696 scivit
1820 2663 1969 2708 aliquid,
1991 2674 2073 2707 ymo
2094 2674 2174 2695 cum
2196 2661 2315 2700 seivit,

458 2724 527 2758 sibi
550 2725 735 2769 displicuit
754 2732 789 2757 et
808 2725 923 2757 adhuc
946 2726 1131 2770 displicet,
1151 2734 1185 2759 et
1205 2728 1256 2760 sic
1278 2735 1424 2772 propter
1445 2728 1512 2761 hoc
1535 2729 1628 2762 dicta
1650 2730 1801 2774 privatio
1818 2729 2077 2762 adnullaretur.
2095 2728 2165 2771 Qui
2187 2727 2320 2767 statim,

458 2798 525 2823 tam
549 2791 665 2823 dictus
688 2791 855 2823 dominus
877 2791 1070 2836 episcopus
1097 2793 1313 2826 parisiensis
1334 2806 1437 2838 quam
1461 2806 1549 2827 suus
1570 2795 1745 2832 officialis,
1769 2802 1807 2828 ut
1828 2795 1962 2828 dictum
1985 2801 2052 2831 est,
2075 2794 2322 2839 promiserunt

458 2864 492 2889 et
515 2858 739 2901 juraverunt.
774 2858 938 2901 insuper,
968 2858 1034 2889 suit
1061 2858 1192 2891 dictum
1225 2866 1259 2891 ct
1288 2861 1556 2901 sententiatum,
1580 2862 1661 2905 quia
1693 2861 1827 2894 ibidem
1859 2867 1934 2894 erat
1965 2872 2117 2905 presens
2148 2860 2321 2904 magister
