2488 3386
171 306 266 342 1354]
585 319 630 340 ΑΒ
664 319 770 342 Anno
805 318 938 340 MCCCL
972 318 1104 346 USQUE
1140 318 1187 339 An
1223 318 1487 339 BENixnicruM
1522 320 1613 341 xuil.
1992 312 2032 343 :31

258 393 346 425 Item
369 392 450 425 dico
471 394 505 425 et
526 404 704 437 propono,
722 392 819 437 quod
842 392 1001 436 predicta
1022 391 1149 424 citacio
1171 398 1227 423 est
1247 391 1354 423 nimis
1375 398 1460 431 arta,
1489 399 1521 424 et
1550 392 1657 424 nimis
1685 393 1782 425 tarde
1804 400 1836 425 et
1858 401 1931 426 arte
1954 407 2036 426 exe-

168 466 260 500 cuta,
281 465 413 491 attenta
434 458 604 503 qualitate
625 471 782 503 persone
802 470 893 498 mee,
917 458 978 503 qui
1006 464 1153 502 propter
1174 457 1281 489 officii
1303 457 1372 489 mei
1403 457 1538 502 publici
1561 459 1826 495 necessitatem,
1855 467 1886 491 et
1916 461 2036 493 multi—

169 525 329 558 tudinem
350 525 586 570 negociorum
609 525 818 565 arduorum,
837 537 914 557 sum
938 524 1088 557 multum
1107 530 1316 568 occupatus,
1336 530 1370 556 et
1389 523 1477 556 alias
1500 525 1687 556 temeraria
1710 531 1744 557 ct
1764 525 1908 569 injusta,
1932 534 2037 570 prout

168 604 210 624 ex
231 592 346 636 ipsius
375 598 513 632 tenore,
540 603 645 636 quem
677 591 734 624 hic
755 591 838 624 volo
859 590 983 623 haberi
1006 603 1070 635 pro
1092 591 1242 630 inserto,
1271 590 1307 622 in
1329 596 1499 634 quantum
1530 602 1594 634 pro
1617 603 1672 623 me
1699 591 1781 623 facit
1806 598 1838 623 et
1865 592 2037 635 justifica-

168 658 271 690 cione
294 657 474 702 presentis
501 657 760 702 appellacionis
787 669 849 689 seu
878 656 1153 701 provocacionis
1180 662 1299 701 potest
1328 655 1466 700 liquide
1486 668 1659 700 apparere
1686 668 1692 688 :
1721 658 1824 701 cujus
1850 658 2037 691 citacionis

169 730 271 757 tenor
292 724 443 756 inferius
465 730 520 756 est
544 724 716 756 insertus.
742 725 792 756 Ex
813 723 947 768 quibus
969 735 1037 768 ego
1065 722 1289 767 Reginaldus
1317 723 1488 767 prefatus,
1515 722 1678 755 sentiens
1699 735 1755 755 me
1775 730 1972 767 gravatum,
1998 737 2037 757 ac

168 791 298 823 timens
320 790 554 835 imposterum
585 790 710 823 saltem
739 790 783 822 de
814 791 905 822 sacto
934 789 1089 834 amplius
1119 789 1321 834 aggravari,
1350 789 1584 833 protestando
1607 789 1704 833 quod
1726 789 1768 821 ab
1790 790 2037 834 appellacione

167 868 232 889 seu
261 856 536 901 provocacione,
563 856 890 901 provocacionibus
919 868 982 888 seu
1005 855 1317 900 appellacionibus
1346 855 1433 888 alias
1462 867 1526 899 per
1547 867 1602 887 me
1628 855 1743 896 sactis,
1772 862 1804 888 et
1833 857 2037 889 recusacio-

167 922 275 955 nibus
308 922 504 967 propositis
534 923 706 955 recedere
737 935 809 955 non
840 923 1002 963 intendo,
1031 922 1095 955 sed
1127 922 1180 954 eis
1213 921 1364 954 firmiter
1393 921 1568 954 adherere
1597 933 1603 953 :
1632 934 1649 954 a
1678 922 1851 966 predictis
1883 930 2036 964 rectore,

168 989 327 1029 decanis,
354 989 537 1034 magistris
563 996 598 1022 et
625 989 880 1030 Universitate,
909 1001 947 1021 ac
975 995 1099 1021 contra
1121 1000 1248 1021 omnes
1269 988 1360 1020 alios
1382 1000 1473 1032 qnos
1500 988 1614 1033 tangit
1645 1000 1709 1020 scu
1740 995 1888 1033 tangere
1920 996 2039 1034 potest

168 1067 320 1100 presens
346 1056 552 1100 negocium,
580 1063 646 1088 tam
675 1056 894 1100 conjunctim
918 1067 1022 1100 quam
1045 1055 1204 1096 divisim,
1232 1055 1267 1087 in
1295 1054 1365 1087 hiis
1394 1055 1554 1099 scriptis,
1580 1055 1624 1087 ad
1653 1055 1775 1087 sedem
1802 1056 2036 1100 apostolicam

168 1134 324 1167 provoco
346 1129 381 1155 et
401 1122 556 1167 appeIIO,
585 1129 619 1155 et
646 1122 832 1167 apostolos
860 1122 1048 1162 instanter,
1077 1122 1271 1154 instantius
1300 1128 1334 1154 et
1364 1121 1626 1154 instantissime
1648 1121 1756 1154 michi
1778 1122 1853 1154 dari
1881 1129 1980 1167 peto;
2005 1130 2037 1155 et

167 1195 349 1234 protestor
370 1189 414 1221 de
442 1189 512 1222 hiis
539 1189 719 1234 petendis,
744 1201 761 1222 a
784 1188 916 1234 quibus
943 1189 1089 1234 petendi
1116 1189 1262 1229 suerint,
1290 1188 1370 1221 loco
1393 1195 1425 1221 et
1454 1195 1616 1233 tempore
1642 1188 1878 1233 opportunis,
1907 1201 2039 1234 suppo-

166 1267 256 1287 nens
278 1267 334 1288 me
355 1262 390 1288 et
410 1267 487 1288 mea
509 1262 543 1288 et
564 1262 692 1288 statum
716 1267 833 1288 meum
858 1255 1074 1300 protectioni
1097 1262 1131 1287 et
1153 1255 1302 1287 tuicioni
1325 1255 1419 1287 dicte
1441 1255 1559 1291 sedis:
1589 1261 1794 1299 protestans
1817 1255 1860 1287 de
1883 1255 2037 1300 appella-

165 1322 269 1354 cione
286 1333 351 1354 seu
373 1322 635 1366 provocacione
657 1321 866 1366 hujusmodi
888 1321 1104 1354 insinuanda
1122 1328 1155 1354 et
1178 1321 1395 1362 innovanda,
1414 1328 1447 1354 et
1465 1321 1509 1354 de
1526 1321 1702 1366 apostolis
1724 1321 1803 1353 loco
1821 1328 1856 1353 et
1877 1328 2037 1366 tempore

168 1388 347 1433 petendis,
370 1400 462 1433 quos
484 1400 526 1420 ex
551 1401 646 1421 nunc
674 1389 864 1428 instanter,
891 1388 1090 1421 instancius
1118 1395 1153 1420 et
1183 1388 1444 1420 instantissime
1466 1387 1574 1420 michi
1596 1388 1672 1420 dari
1702 1395 1804 1432 peto:
1834 1395 2038 1433 protestans

166 1455 271 1487 etiam
293 1455 390 1499 quod
412 1467 483 1487 non
505 1455 667 1500 astringo
690 1467 745 1487 me
766 1455 810 1487 ad
837 1454 1061 1499 probandum
1085 1455 1204 1487 omnia
1232 1455 1422 1499 premissa,
1451 1455 1515 1487 sed
1544 1454 1659 1487 solum
1684 1455 1727 1487 ad
1753 1454 1789 1487 id
1811 1455 1908 1499 quod
1930 1455 2037 1487 michi

166 1521 320 1554 sufficiet
350 1521 393 1554 de
426 1522 583 1562 eisde1n3
611 1528 647 1554 et
676 1533 786 1566 super
815 1521 885 1554 hiis
916 1521 1085 1554 omnibus
1116 1528 1199 1566 peto
1230 1521 1316 1553 mihi
1347 1521 1424 1553 fieri
1457 1533 1520 1566 per
1551 1528 1597 1562 te,
1627 1522 1804 1554 notarium
1837 1521 2035 1566 publicum,

166 1587 445 1620 instrumentum
467 1600 577 1620 unum
598 1588 655 1621 vel
677 1588 791 1633 plura,
811 1589 987 1633 quociens
1009 1600 1119 1633 super
1140 1588 1207 1621 hoc
1229 1588 1342 1621 fueris
1364 1588 1576 1632 requisitus.

254 1655 374 1687 Tenor
394 1666 481 1687 vero
502 1655 631 1687 cedule
652 1655 696 1687 de
718 1667 786 1699 qua
808 1667 916 1700 supra
938 1655 977 1687 fit
996 1655 1132 1688 mentio
1154 1655 1319 1700 sequitur
1340 1655 1377 1687 in
1398 1655 1463 1687 hec
1486 1654 1595 1688 verba
1615 1667 1621 1687 :

255 1735 271 1752 «
293 1722 366 1754 Nos
389 1728 518 1762 rector,
538 1728 573 1754 et
589 1722 816 1754 Universitas
837 1722 1067 1762 Parisiensis,
1087 1721 1203 1762 vobis,
1221 1721 1355 1754 Jacobo
1378 1722 1422 1754 de
1444 1722 1656 1762 Pavillione,
1678 1721 1823 1754 bedello
1846 1729 1984 1762 nostro,
2003 1728 2038 1754 et

166 1787 334 1820 omnibus
356 1794 390 1820 et
411 1787 568 1833 singulis
589 1788 772 1821 consociis
793 1788 938 1828 vestris,
963 1795 997 1821 et
1022 1787 1178 1820 bedellis
1201 1789 1349 1829 nostris,
1372 1788 1414 1820 ad
1436 1800 1541 1833 quem
1565 1800 1627 1820 seu
1651 1800 1743 1833 quos
1766 1800 1918 1833 presens
1940 1801 2037 1820 man-

166 1853 285 1886 datum
316 1860 479 1887 nostrum
509 1854 727 1899 pervenerit,
756 1854 978 1899 precipimus
1009 1861 1043 1887 et
1076 1855 1299 1896 mandamus,
1330 1861 1508 1899 quatenus
1539 1855 1775 1899 Regnaudum
1809 1855 1852 1887 (lc
1882 1856 2034 1900 Acyaco,

160 1921 318 1965 juratum
341 1927 518 1962 nostrum,
544 1920 671 1953 iterato
693 1921 811 1954 citetis
840 1928 875 1954 et
901 1922 1061 1954 evocetis
1090 1921 1332 1966 peremptorie
1361 1928 1396 1954 et
1424 1921 1677 1966 personaliter,
1705 1922 1748 1954 ad
1777 1922 1832 1954 sui
1862 1922 2035 1954 maliciam

166 1987 463 2028 convincendam,
491 1987 549 2020 (lie
577 1988 744 2028 crastina,
777 1988 821 2020 ad
854 1988 1182 2033 congregacionem
1215 1994 1372 2020 nostram
1403 1988 1625 2033 generalem,
1657 1988 1744 2021 hora
1776 1989 1890 2033 prime
1923 1988 2036 2020 sancti

164 2052 289 2086 Jacohi
316 2054 410 2098 apud
438 2054 605 2086 Sanctum
627 2054 867 2094 Bernardum,
891 2061 926 2087 et
952 2067 1020 2087 una
1042 2055 1120 2087 vice
1143 2067 1207 2099 pro
1229 2054 1411 2094 omnibus,
1440 2067 1551 2099 super
1572 2055 1746 2099 perjurio,
1775 2055 1919 2099 injuriis
1947 2062 2036 2087 atro-

165 2119 281 2160 cibus,
314 2120 601 2164 infractioneque
635 2121 910 2166 privilegiorum
943 2128 1149 2153 nostrorum
1182 2134 1245 2166 per
1274 2122 1390 2166 ipsum
1414 2122 1634 2165 juratorum,
1662 2121 1976 2155 diffamaeionibus
2002 2128 2035 2153 et

165 2186 245 2218 aliis
266 2186 479 2219 excessibus
505 2194 540 2219 et
570 2187 725 2228 delictis,
751 2188 927 2220 adversus
953 2188 1103 2220 eandem
1127 2188 1406 2221 Universitatem
1433 2200 1498 2233 per
1524 2188 1641 2233 ipsum
1666 2189 1872 2221 commissis
1897 2195 1929 2221 et
1956 2188 2035 2221 aliis

165 2253 209 2285 ad
233 2264 300 2286 nos
326 2253 574 2298 spectantibus
596 2260 719 2286 contra
741 2266 821 2286 eum
852 2255 1114 2299 proponendis,
1142 2255 1238 2299 quod
1256 2256 1394 2299 justum
1423 2255 1530 2287 suerit
1557 2267 1833 2299 responsurum,
1856 2267 1934 2287 cum
1959 2255 2036 2287 inti-

166 2319 327 2352 macione
347 2331 353 2352 z
373 2320 470 2364 quod
492 2320 568 2353 sive
587 2321 739 2361 venerit,
759 2321 834 2353 sive
856 2333 941 2361 non,
962 2333 1028 2354 nos
1049 2328 1172 2353 contra
1194 2321 1311 2366 ipsum
1335 2322 1589 2366 procedemus,
1607 2322 1738 2354 virtute
1761 2322 2034 2366 privilegiorum

167 2392 388 2426 nostrorum,
412 2393 448 2419 et
471 2386 558 2419 alias
581 2394 686 2431 prout
708 2387 752 2419 de
768 2388 865 2431 jure,
885 2400 965 2427 usu,
986 2387 1068 2420 stilo
1092 2394 1126 2420 et
1147 2388 1412 2420 consuetudine
1434 2388 1542 2420 fuerit
1563 2388 1848 2433 procedendum,
1873 2395 1974 2432 prout
1999 2388 2034 2419 in

166 2451 299 2485 talibus
316 2459 371 2485 est
390 2452 468 2485 fieri
485 2460 714 2492 consuetum,
731 2466 811 2486 cum
832 2454 866 2486 id
890 2453 997 2486 nobis
1015 2454 1119 2486 liceat
1139 2454 1183 2486 de
1200 2455 1296 2499 jure,
1316 2455 1593 2495 consuetudine,
1611 2461 1644 2487 et
1666 2454 1868 2499 privilegiis
1885 2454 2032 2494 nostris,

166 2529 281 2563 eoque
305 2519 388 2563 jure
413 2518 587 2552 hactenus
610 2520 665 2552 usi
692 2520 868 2553 fuerimus
890 2532 975 2565 erga
1000 2522 1142 2565 juratos
1164 2527 1199 2553 et
1224 2520 1392 2553 subditos
1414 2527 1560 2553 nostros
1582 2533 1726 2565 semper
1747 2527 1781 2553 et
1802 2521 2031 2552 inconcusse.

167 2586 292 2617 Datum
319 2585 387 2618 sub
413 2586 535 2630 sigillo
557 2586 711 2618 rectorie
739 2594 874 2628 nostre,
901 2599 995 2619 anno
1021 2587 1324 2632 quinquagesimo
1347 2594 1485 2631 quarto,v
1512 2587 1569 2619 die
1597 2587 1754 2619 secunda
1784 2587 1919 2619 mensis
1947 2587 2033 2630 Sep-

165 2651 327 2684 tembris.
351 2665 367 2682 ))

255 2719 331 2761 Qua
352 2719 599 2764 appellacione
622 2731 686 2752 seu
708 2720 971 2764 provocacione
994 2720 1045 2752 sic
1067 2720 1154 2752 sacta
1177 2727 1212 2752 et
1237 2720 1381 2760 emissa,
1407 2720 1514 2752 modo
1536 2727 1570 2752 et
1595 2721 1706 2752 forma
1734 2720 1903 2764 superius
1924 2719 2032 2763 preli-

167 2784 271 2825 batis,
295 2786 453 2829 presatus
474 2786 646 2830 magister
667 2786 891 2831 Reginaldns
913 2787 1015 2831 petiit
1035 2799 1052 2819 a
1074 2799 1143 2827 me,
1163 2787 1301 2819 notario
1324 2786 1469 2830 publico
1490 2787 1733 2830 infrascripto,
1757 2786 1826 2818 sibi
1848 2785 2029 2830 publicum

168 2850 245 2883 fieri
267 2851 559 2893 instrumentum,
584 2859 742 2885 astantes
770 2852 904 2885 ibidem
935 2853 970 2884 in
1000 2859 1111 2885 testes
1137 2853 1351 2884 invocando.
1379 2853 1465 2884 Acta
1491 2853 1638 2884 suerunt
1658 2852 1723 2884 hec
1745 2852 1779 2884 in
1802 2852 1908 2883 domo
1931 2850 2029 2882 habi—
