2488 3386
467 352 508 384 50
1044 358 1360 380 cltAnTULAniuM
1395 357 1585 379 UNivnns.
1623 356 1751 378 PAnls.
2231 342 2328 379 [1357

465 435 502 467 in
522 434 603 467 loco
624 441 659 467 et
678 433 764 466 hora
786 432 975 465 electionis
1001 431 1210 475 hujusmodi
1235 442 1388 476 presens
1414 431 1583 472 extiterit,
1607 430 1766 463 decanus
1793 429 1910 474 ipsius
1941 428 2131 469 facultatis,
2159 428 2220 473 qui
2244 435 2329 462 tunc

466 501 546 542 erit,
568 500 625 534 vel
654 501 732 544 ejus
761 499 979 532 substitutus
1009 497 1129 530 debite
1160 497 1392 538 constitutus,
1423 497 1468 529 de
1495 496 1657 541 qualibet
1685 496 1829 529 natione
1865 507 1976 528 unum
2006 495 2218 540 magistrum
2249 502 2329 529 actu

467 573 652 612 regentem
675 566 711 598 in
732 566 809 610 ipsa
830 564 996 597 facultate
1018 564 1178 596 Parisius
1200 570 1234 596 et
1255 563 1328 604 [ibi]
1351 563 1565 596 existentem
1587 562 1800 603 nominabit,
1823 574 1928 607 quem
1951 561 2041 595 sciet
2066 562 2143 594 sore
2171 561 2327 594 habilem

466 640 501 666 et
516 633 686 665 idoneum
708 632 751 664 ad
769 632 962 663 decanatus
979 629 1189 674 hujusmodi
1206 629 1362 662 officium
1380 629 1621 662 exercendum
1638 629 1682 661 ad
1699 628 1874 662 honorem
1891 635 1925 661 et
1945 628 2174 661 commodum
2192 639 2328 660 memo-

466 706 539 732 rate
560 698 750 738 facultatis,
773 704 808 730 et
827 697 887 729 ille
909 696 953 729 de
974 696 1055 728 istis
1076 695 1285 736 nominatis,
1307 695 1368 740 qui
1392 707 1456 740 per
1476 695 1776 728 deliberationem
1802 695 2057 740 magistrorum
2081 694 2197 739 ipsius
2218 693 2328 727 sacul-

464 765 545 798 tatis
566 772 600 798 et
620 765 656 797 in
677 765 754 809 ipsa
774 770 852 796 actu
874 762 1077 807 regentium
1100 762 1136 794 in
1157 761 1335 794 electione
1356 761 1566 805 hujusmodi
1587 761 1804 794 celebranda
1825 761 2055 794 existentium
2074 760 2197 806 plures
2218 772 2328 794 voces

463 831 621 871 habebit,
656 831 723 863 erit
748 830 905 862 decanus
938 828 1115 861 facultatis
1144 827 1364 872 supradicte.
1397 827 1501 870 Quod
1531 827 1561 860 si
1589 827 1661 860 duo
1692 827 1749 860 vel
1781 834 1855 860 tres
1880 827 2032 859 istorum
2059 827 2326 860 nominatorum

463 898 691 942 equalitatem
714 903 748 929 et
771 896 955 941 paritatem
981 906 1107 927 vocum
1136 893 1342 934 habuerint,
1371 893 1466 926 inter
1491 893 1699 938 magistros,
1724 893 1786 938 qui
1813 893 1849 925 in
1877 893 2178 938 congregatione,
2198 893 2235 926 in
2257 905 2325 938 qua

462 963 610 997 debebit
638 963 846 1008 huJusmodi
876 961 1001 994 decani
1029 961 1158 993 electio
1186 960 1377 1002 celebrari,
1403 960 1645 1005 personaliter
1668 960 1884 1001 intererunt,
1911 971 1992 992 sors
2019 966 2185 1004 ponetur,
2208 966 2244 992 et
2263 959 2325 992 ille

462 1042 572 1075 super
592 1041 696 1074 quem
725 1041 805 1062 sors
831 1028 946 1068 cadet,
972 1039 1097 1060 vocem
1126 1027 1279 1059 duorum
1308 1026 1467 1066 habebit,
1500 1033 1535 1059 et
1563 1026 1625 1059 ille
1654 1026 1698 1059 de
1726 1026 1806 1059 istis
1836 1026 2046 1067 nominatis,
2071 1026 2129 1058 cui
2153 1026 2235 1067 iste,
2263 1025 2324 1070 qui

460 1108 584 1129 vocem
607 1096 759 1128 duorum
780 1094 899 1135 habet,
923 1106 1022 1126 suam
1045 1105 1168 1126 vocem
1191 1092 1389 1134 concessit,
1411 1092 1479 1125 erit
1499 1092 1672 1132 decanus,
1695 1098 1730 1125 et
1751 1103 1814 1136 per
1836 1091 2025 1132 decanum,
2048 1092 2110 1136 qui
2136 1096 2220 1125 tunc
2241 1092 2323 1133 erit,

458 1162 615 1195 decanus
637 1161 884 1194 concludetur.

547 1229 598 1260 De
620 1227 798 1260 electione
818 1238 904 1259 vero
926 1226 1207 1258 examinatorum
1230 1225 1477 1270 predictorum
1499 1225 1569 1269 ipsi
1591 1224 1776 1258 Ebrardus
1793 1231 1828 1258 et
1843 1225 2044 1258 Guibertus
2064 1225 2323 1258 ordinaverunt

458 1295 494 1326 in
515 1294 609 1327 hunc
631 1294 792 1335 modum,
814 1293 954 1326 scilicet
974 1293 1071 1337 quod
1092 1293 1163 1325 duo
1180 1292 1348 1337 juniores
1370 1298 1404 1325 et
1425 1292 1497 1324 duo
1514 1292 1739 1336 antiquiores
1760 1292 1924 1337 magistri
1945 1292 2127 1325 nominate
2143 1292 2322 1325 facultatis

457 1368 536 1394 actu
560 1361 720 1393 Parisius
741 1366 912 1405 regentes
933 1360 970 1392 in
996 1359 1134 1399 eadem,
1163 1359 1199 1391 in
1225 1358 1312 1391 hora
1342 1358 1534 1391 electionis
1555 1365 1590 1391 et
1615 1358 1651 1391 in
1673 1359 1972 1404 congregatione,
2004 1358 2138 1403 quibus
2166 1359 2228 1392 fiet
2256 1370 2320 1392 seu

458 1428 535 1460 fieri
557 1426 705 1460 debebit
728 1426 938 1471 hujusmodi
965 1426 1247 1458 examinatorum
1274 1414 1417 1461 electio,
1447 1425 1645 1458 existentes
1671 1437 1743 1458 non
1769 1425 2032 1470 distinguendo
2053 1426 2219 1458 nationes
2241 1437 2322 1458 exa-

458 1495 652 1526 minatores
673 1493 822 1538 eligent,
845 1493 939 1525 sicut
959 1493 995 1524 in
1017 1499 1148 1525 statuto
1174 1504 1284 1536 super
1310 1492 1435 1524 eadem
1458 1491 1636 1524 electione
1658 1492 1823 1524 consecto
1845 1492 1936 1524 etin
1958 1491 2051 1524 libro
2073 1492 2189 1537 ipsius
2209 1491 2321 1525 facul-

458 1561 538 1593 tatis
564 1572 628 1593 seu
655 1560 810 1604 registro
832 1566 1002 1591 contento
1024 1565 1059 1591 et
1079 1559 1115 1590 in
1143 1559 1277 1603 scripto
1300 1558 1444 1603 plenius
1466 1558 1598 1591 dicitur
1618 1558 1810 1591 contineri.
1834 1559 1950 1603 Super
1970 1558 2103 1603 quibus
2131 1559 2320 1603 premissis

457 1626 626 1659 omnibus
649 1633 683 1658 et
703 1626 860 1670 singulis
881 1638 899 1658 a
923 1625 1028 1658 nobis
1052 1625 1201 1658 notariis
1223 1624 1380 1669 publicis
1406 1625 1648 1669 infrascriptis
1670 1625 1763 1658 dicta
1790 1621 1998 1658 facultas-et
2018 1625 2209 1670 presertim
2236 1625 2322 1659 dicti

457 1693 621 1738 magistri
643 1692 826 1724 librardus
848 1699 882 1724 et
903 1691 1102 1725 Guibertus
1125 1691 1307 1736 publicum
1331 1691 1401 1724 sibi
1423 1691 1500 1724 fieri
1523 1692 1706 1736 petierunt
1726 1692 2019 1724 instrumentum.

546 1760 632 1791 Acta
661 1759 808 1791 fuerunt
838 1758 903 1790 hec
930 1758 1090 1790 Parisius
1118 1770 1223 1799 anno,
1256 1758 1469 1798 indictione,
1501 1770 1638 1799 mense,
1671 1758 1742 1798 die,
1774 1758 1854 1791 loco
1884 1765 1919 1791 et
1949 1758 2157 1803 pontificatu
2187 1758 2322 1804 quibus

458 1837 579 1870 supra,
602 1824 833 1870 presentibus
854 1825 897 1857 ad
923 1824 988 1857 hec
1014 1824 1182 1857 discretis
1210 1824 1297 1857 viris
1328 1825 1512 1869 magistris
1540 1825 1717 1858 Gervasio
1739 1824 1948 1866 Christiani,
1977 1825 2130 1858 Ricardo
2152 1825 2320 1870 Mignoti,

458 1891 613 1936 publicis
641 1891 805 1932 notariis,
832 1891 1028 1924 Guillelmo
1055 1891 1098 1923 de
1128 1892 1243 1923 Bosco
1271 1897 1306 1923 et
1330 1890 1473 1923 Matheo
1501 1891 1641 1932 Ricoul,
1670 1891 1764 1924 dicte
1785 1891 1964 1924 facultatis
1985 1891 2169 1936 magistris
2191 1903 2322 1937 regen-

457 1957 567 1998 tibus,
589 1957 743 1990 testibus
765 1957 808 1989 ad
829 1957 1004 2001 premissa
1020 1957 1156 1990 vocatis
1173 1957 1379 2002 specialiter
1400 1964 1435 1990 et
1456 1958 1604 2002 rogatis.

546 2025 589 2056 Et
618 2035 686 2068 ego
713 2023 911 2056 Gervasius
942 2023 1151 2063 Christiani,
1180 2023 1336 2056 clericus
1368 2024 1579 2057 Baiocensis
1610 2024 1768 2057 diocesis
1798 2024 2015 2065 antedictus,
2044 2025 2137 2057 sacri
2170 2025 2321 2058 Romani

458 2090 603 2134 Imperii
624 2090 834 2122 auctoritate
856 2089 1024 2134 publicus
1046 2090 1207 2122 notarius
1229 2097 1334 2134 atque
1355 2102 1489 2134 regens
1510 2091 1546 2123 in
1568 2091 1661 2123 dicta
1681 2091 1861 2132 facultate,
1885 2091 2075 2136 premissis
2096 2091 2265 2124 omnibus
2286 2098 2322 2124 et

458 2156 629 2201 singulis,
661 2156 743 2188 dum
776 2156 828 2188 sic
858 2163 1053 2200 agerentur
1086 2163 1124 2188 ut
1154 2156 1324 2201 superius
1354 2157 1619 2198 inscribuntur,
1651 2169 1720 2190 una
1750 2169 1830 2190 cum
1862 2157 2002 2190 notario
2028 2157 2260 2203 infrascripto
2285 2150 2321 2191 eit

458 2222 611 2255 testibus
635 2222 804 2266 superius
825 2222 969 2266 scriptis
997 2234 1149 2266 presens
1170 2223 1330 2263 interfui,
1358 2235 1472 2268 eaque
1493 2224 1544 2256 sic
1562 2224 1638 2256 fieri
1656 2224 1730 2256 vidi
1753 2230 1787 2256 et
1807 2224 1941 2266 audivi,
1964 2223 2183 2268 signumque
2200 2236 2320 2257 meum

457 2289 493 2320 in
511 2288 755 2321 testimonium
775 2289 1035 2332 premissorum
1053 2288 1135 2321 huic
1153 2290 1312 2333 presenti
1330 2289 1476 2334 publico
1498 2290 1740 2323 instrumento
1762 2302 1873 2335 super
1891 2290 1960 2323 hoc
1980 2291 2146 2323 confecto
2167 2290 2320 2336 apposui

457 2361 683 2395 consuetum,
705 2361 864 2399 rogatus.
889 2356 1116 2387 Rasurarn....

547 2422 589 2453 Et
614 2433 682 2465 ego
711 2421 884 2453 Ricardus
916 2421 1082 2465 Mignoti,
1106 2422 1277 2466 magister
1304 2423 1341 2455 in
1368 2423 1519 2464 artibus,
1543 2423 1754 2456 Baiocensis
1776 2423 1947 2464 diocesis,
1970 2422 2139 2468 publicus
2164 2423 2320 2457 auctori-

458 2494 526 2520 tate
548 2487 726 2532 imperiali
748 2488 923 2528 notarius,
940 2487 1108 2520 omnibus
1126 2495 1160 2520 et
1181 2488 1337 2533 singulis
1359 2501 1467 2534 supra
1489 2490 1595 2523 dictis
1616 2502 1681 2535 per
1701 2490 1886 2535 predictos
1907 2483 2102 2535 magistros
2117 2490 2318 2523 Ebrardum

456 2561 491 2586 et
511 2553 724 2587 Guibertuin
748 2554 935 2594 ordinatis,
954 2566 1023 2586 una
1044 2566 1122 2586 cum
1146 2555 1406 2599 prenominatis
1427 2556 1582 2589 testibus
1600 2568 1752 2601 presens
1773 2557 1934 2598 interfui,
1956 2568 2183 2601 presensque
2200 2555 2319 2601 publi-

456 2632 536 2654 cum
558 2620 837 2652 instrumentum
859 2620 964 2664 signo
987 2632 1065 2653 meo
1088 2620 1194 2653 solito
1217 2621 1352 2666 signari
1375 2629 1578 2667 rogatus...

548 2716 625 2739 Arch.
642 2719 695 2739 nat.
707 2716 791 2739 Paris.
810 2716 869 2739 MM.
888 2716 942 2744 266,
958 2724 984 2747 p.
1000 2716 1068 2739 1641,

549 2801 571 2823 1.
586 2801 642 2823 Vid.
659 2801 760 2823 docum.
777 2800 947 2831 praecedens.
1006 2801 1027 2823 5.).
1045 2800 1102 2823 Vid.
1117 2801 1181 2824 ibid.
1200 2805 1253 2825 not.
1270 2802 1292 2825 1.
1353 2803 1375 2826 3.
1391 2803 1438 2826 .
1454 2811 1459 2826 .
1506 2812 1566 2826 suos
1583 2812 1605 2827 i).
