2488 3386
195 346 291 383 1392]
615 359 662 380 AB
696 358 801 380 ANNO
835 358 966 380 mecm.
1000 358 1131 386 USQUE
1166 359 1214 380 An
1249 359 1511 381 nsxssnicrum
1546 360 1635 381 x111.
1993 350 2055 382 547

283 432 544 473 L'Universite,
568 439 677 477 quant
701 434 718 464 a
739 431 882 476 l'appel,
906 438 1053 476 reprent
1073 443 1140 464 son
1161 432 1221 464 sait
1247 439 1281 464 et
1303 432 1374 464 dist
1394 444 1463 476 que
1490 444 1534 465 en
1562 432 1593 465 la
1614 433 1744 466 faculte
1771 433 1815 465 de
1838 432 2017 465 medicine
2040 444 2057 464 a

196 499 277 545 plus
298 506 404 544 grant
424 498 516 544 peril
537 511 607 544 que
635 510 679 531 en
704 498 852 539 aultres,
875 510 934 530 car
957 498 1056 530 aussi
1081 498 1135 530 les
1151 498 1241 542 juifs
1263 505 1396 543 peuent
1419 498 1472 531 les
1494 499 1644 544 simples
1668 511 1759 544 gens
1785 499 2004 538 introduire3
2028 499 2056 530 si

195 573 279 599 sont
302 565 356 599 les
384 572 497 598 status
522 577 566 597 en
594 565 772 597 medicine
800 564 882 609 plus
906 564 1157 597 estroitement
1177 567 1195 597 a
1215 564 1358 609 garder.
1384 565 1411 597 A
1435 565 1731 610 l'appointement
1753 572 1902 610 respont
1922 577 1991 610 que
2015 565 2059 597 ilz

197 632 356 665 estoient
378 631 582 677 appointiez
607 633 625 664 a
646 637 774 663 mettre
796 643 836 663 66
858 642 927 676 que
948 630 993 663 ilz
1014 630 1248 664 vouldroient
1274 631 1403 664 devers
1431 631 1461 663 la
1484 638 1599 672 court,
1622 638 1654 664 et
1677 643 1715 663 se
1737 631 1761 663 il
1784 632 1906 676 povoit
1932 638 2059 663 mettre

198 710 289 744 pour
310 698 405 731 droit
427 698 459 730 13
481 709 616 743 preuve
637 697 682 730 de
703 709 770 730 son
790 697 864 738 fait,
887 709 927 729 ce
951 698 1064 730 seroit
1087 698 1285 742 oppositum
1303 698 1339 731 in
1359 698 1506 742 objecto,
1530 704 1565 730 et
1590 697 1613 730 il
1635 709 1679 730 ne
1704 698 1823 742 povoit
1845 697 2059 730 aultrement

198 776 355 810 prouver
376 776 443 797 son
463 764 525 796 fait
545 775 614 809 que
636 775 698 809 par
720 775 779 796 ses
800 763 925 796 lettrez
953 770 988 796 et
1015 775 1172 808 propose
1199 763 1231 796 16
1263 763 1359 796 511116
1384 764 1562 796 contraire
1591 766 1609 796 a
1637 763 1731 796 celui
1753 775 1821 808 que
1844 775 2000 808 propose
2029 763 2061 795 16

193 831 274 876 juif,
297 833 315 864 a
335 831 440 863 lettre
462 837 613 876 respont
628 842 767 863 comme
784 830 973 863 aultrefois
994 842 1012 863 a
1032 830 1094 863 fait
1111 837 1146 863 et
1165 842 1304 863 comme
1321 830 1354 863 le
1376 842 1577 875 procureur
1598 830 1643 862 du
1667 842 1741 875 roy.

287 897 538 930 Finablement
565 897 750 942 appointie
778 903 833 930 est
853 909 923 941 que
953 897 1007 930 les
1037 897 1170 941 parties
1200 903 1373 930 mettront
1397 897 1476 929 leur
1503 897 1739 942 impetracion
1761 903 1795 929 et
1816 903 2008 929 sentences
2030 902 2064 928 et

199 964 471 1004 informacions,
495 970 530 996 et
549 963 581 996 13
603 970 706 996 court
723 970 799 996 tout
817 975 885 996 veu
906 964 980 996 fera
998 963 1105 996 droit.

293 1057 370 1081 Arch.
391 1060 445 1080 nat.
470 1057 554 1080 Paris.
575 1058 622 1079 X¹¹³
644 1058 711 1087 1475,
737 1057 782 1080 sol.
799 1057 869 1084 243b,
891 1057 962 1080 246&
982 1070 1012 1074 —
1033 1056 1109 1086 Ibid.,
1130 1057 1174 1080 sol.
1195 1058 1248 1085 3'41y
1272 1057 1473 1080 committuntur
1493 1065 1507 1079 a
1525 1056 1598 1080 curia
1618 1056 1778 1080 Parlamenti
1794 1056 1865 1086 (Maii
1883 1057 1921 1085 20)
1945 1056 2065 1087 magistri

200 1101 230 1125 G.
244 1101 318 1125 Porel
332 1104 357 1124 et
370 1102 460 1124 Petrus
476 1101 500 1124 le
516 1102 596 1124 Fevre
612 1104 641 1124 ut
656 1109 670 1124 a
686 1101 755 1124 dicto
772 1101 868 1132 judaeo
884 1101 1019 1132 inquirant
1034 1109 1067 1124 an
1085 1101 1242 1124 medicinam
1253 1101 1397 1124 exercuerit
1410 1109 1489 1124 necne
1501 1104 1642 1132 postquam
1654 1100 1822 1132 praepositus
1836 1108 1895 1123 eum
1906 1100 2064 1128 monuisset;

201 1146 407 1177 adnotatumque
424 1145 450 1168 in
462 1145 581 1176 margine
598 1153 603 1169 z
619 1154 630 1168 t(
648 1146 854 1168 Pronunciatum
870 1146 951 1168 tercia
966 1145 1048 1174 Junii,
1064 1145 1234 1177 nonagesimo
1250 1145 1336 1176 primo
1352 1154 1374 1169 1).
1388 1159 1418 1163 ——-
1434 1146 1537 1168 Partem
1552 1145 1668 1176 priorem
1684 1145 1860 1172 instrumenti,
1875 1145 1920 1168 sed
1936 1152 2065 1172 maneam,

201 1190 285 1213 edidit
300 1190 425 1218 Felibien,
444 1190 469 1213 in
484 1190 556 1215 Hist.
570 1191 603 1214 de
616 1190 644 1214 la
657 1190 723 1214 ville
735 1191 768 1214 de
780 1191 875 1215 Paris.
888 1190 929 1216 IV.
947 1191 1001 1213 544.

208 1334 351 1371 1596.
378 1343 540 1379 Capitulum
560 1343 747 1370 Cluniacense
762 1344 872 1378 definit,
893 1348 924 1370 ut
946 1344 1058 1380 priores
1076 1344 1173 1378 (Fulvo
1189 1344 1224 1370 de
1246 1344 1379 1376 Blandis)
1398 1346 1425 1369 S.
1443 1344 1564 1369 Mar-tini
1580 1343 1614 1369 de
1633 1345 1746 1379 Campis
1759 1347 1786 1369 et
1809 1344 1847 1378 [S.
1866 1343 2017 1379 Arnulplzi]
2034 1343 2069 1369 de

295 1393 427 1428 Crispeyo
445 1392 593 1427 collegium
612 1393 786 1418 scholarium
806 1394 901 1419 Paris.
920 1395 1083 1427 reforment.
1101 1393 1132 1418 Si
1148 1393 1251 1419 ibidem
1268 1393 1348 1429 prior
1363 1393 1467 1418 Montis
1483 1392 1629 1418 Desiderz‘i
1649 1397 1804 1426 remaneat,
1821 1392 1946 1427 eligatur
1961 1392 2069 1427 aliquis

290 1442 469 1475 scientificus
484 1441 627 1467 scholaris
644 1441 671 1467 in
687 1442 874 1477 supprior-em.

1470 1478 1545 1507 7392,
1562 1478 1622 1503 Maii
1630 1479 1654 1507 5.
1670 1478 1784 1503 cluniaci.

298 1520 366 1544 Bibl.
386 1524 439 1544 nat.
456 1521 551 1550 Paris„
570 1529 647 1545 nouv,
662 1529 719 1552 aeq.
735 1521 791 1550 lut„
809 1522 878 1550 2263,
897 1522 941 1545 sol.
957 1521 1012 1544 801⁷.

210 1665 350 1702 1597.
375 1684 388 1700 <‹
406 1675 527 1700 Botulus
543 1675 689 1701 doctorum
706 1676 734 1701 in
748 1675 871 1701 decretis
893 1675 1091 1701 Universitatis
1109 1677 1201 1701 Paris.
1218 1685 1232 1701 »

1590 1719 1664 1747 1392,
1681 1718 1750 1744 durtii
1765 1719 1787 1743 7.

296 1788 510 1821 Beatissimo
534 1795 646 1833 pater,
669 1789 700 1821 si
721 1789 862 1822 cunctis
880 1801 919 1822 se
936 1789 1064 1822 reddat
1084 1789 1208 1821 eadem
1230 1795 1349 1822 vestra
1369 1788 1554 1821 beatitudo
1576 1789 1782 1833 gratiosam,
1806 1788 1876 1821 hiis
1898 1789 1959 1833 qui
1980 1788 2073 1820 litte-

207 1866 327 1886 rarum
349 1855 513 1887 scientiis
535 1862 640 1888 nocte
662 1855 794 1900 dieque
816 1855 953 1888 diutius
975 1856 1204 1896 insudarunt,
1223 1862 1342 1888 vestra
1363 1854 1647 1887 clementissima
1668 1855 1863 1900 paternitas
1881 1867 1919 1887 se
1936 1854 2074 1899 largius

207 1920 356 1965 prebeat
372 1921 606 1954 favorabilem
628 1929 663 1954 et
682 1922 890 1966 gratiosam.
914 1923 1045 1955 Vestro
1063 1922 1243 1966 siquidem
1265 1922 1444 1954 sanctitati
1466 1921 1671 1966 supplicant
1691 1921 1875 1954 humiliter
1895 1928 1930 1954 et
1946 1921 2075 1953 devote

208 1994 371 2021 oratores
395 1989 505 2021 vestri
527 1989 691 2021 continui
713 1989 943 2021 decretorum
966 1989 1135 2021 doctores
1163 1995 1242 2021 actu
1265 1995 1435 2032 regentes
1461 1988 1497 2020 in
1520 1988 1680 2033 predicta
1705 1988 1870 2020 facultate
1897 1988 1932 2019 111
1954 1988 2074 2020 studio

208 2061 330 2087 vestro
361 2055 560 2088 Parisiensi
589 2055 824 2100 infrascripti,
849 2067 940 2100 quos
966 2055 1010 2088 ad
1032 2055 1226 2100 petendum
1259 2067 1331 2087 nou
1362 2054 1541 2099 cupiditas
1563 2055 1673 2094 ducit,
1697 2054 1761 2086 sed
1782 2054 1927 2087 vivendi
1950 2066 2076 2086 neees-

210 2121 297 2154 sitas
318 2122 415 2166 cogit
422 2148 487 2153 .....

298 2216 472 2248 Radulplius
493 2216 528 2241 de
545 2216 640 2248 Lesya,
658 2218 776 2241 curatus
798 2217 932 2249 parroch.
953 2216 1019 2242 eccl.
1037 2216 1073 2241 de
1097 2216 1220 2241 Solerrio
1241 2215 1324 2240 l’aris.
1342 2214 1415 2240 dioc.
1436 2236 1489 2244 .....
1507 2215 1558 2248 qui
1574 2223 1624 2248 per
1639 2215 1776 2241 undecim
1794 2222 1886 2240 annos
1907 2217 1935 2240 et
1950 2215 2076 2248 amplius

209 2265 239 2290 in
252 2265 328 2290 (11613
342 2265 394 2290 sac.
413 2265 535 2290 Parisius
551 2265 711 2297 regentavit
730 2264 796 2299 (sic).

297 2314 371 2340 Item
387 2314 546 2339 aichardus
568 2314 666 2342 Bellet.
684 2314 795 2339 bachal.
814 2314 843 2339 in
860 2314 928 2346 leg..
952 2315 1045 2339 rector
1063 2313 1196 2346 parroch.
1211 2313 1278 2339 eccl.
1297 2313 1322 2338 S.
1339 2313 1454 2346 Georgii
1469 2313 1504 2338 de
1524 2312 1682 2338 Romiliaco
1698 2320 1783 2346 super
1797 2313 1948 2341 Andelam.
1966 2312 2077 2338 1101110-

210 2370 286 2396 mag.
302 2363 388 2390 dioc..
412 2364 440 2388 et
455 2370 518 2388 can.
532 2362 612 2396 preb.
630 2363 697 2388 eccl.
713 2363 814 2395 colleg.
830 2363 855 2388 S.
874 2362 1056 2388 Guremondi
1072 2363 1180 2388 Belvac.
1198 2362 1271 2387 dioc.

298 2412 372 2437 Item
390 2411 531 2437 Martinus
549 2411 585 2437 de
600 2412 812 2444 Kaergourant,
835 2411 927 2444 presb.
951 2411 1103 2444 Corisopit.
1127 2411 1213 2439 dioc.⁹
1235 2418 1311 2444 mag.
1331 2411 1361 2436 in
1376 2413 1429 2437 art.
1448 2418 1479 2436 ac
1503 2410 1629 2436 decanus
1652 2410 1779 2443 predicte
1803 2410 1946 2436 facultatis
1959 2410 2076 2438 decret..

211 2461 303 2486 rector
319 2460 453 2494 parroch.
471 2460 539 2486 eccl.
556 2460 591 2486 de
604 2460 698 2485 Merle.

299 2509 373 2534 Item
390 2509 478 2534 frater
493 2509 636 2535 Robertus
650 2509 755 2542 Neptis,
770 2516 833 2534 can.
852 2508 992 2541 regularis
1008 2508 1177 2534 monasterii
1194 2508 1219 2533 S.
1237 2508 1327 2533 Laudi
1338 2508 1407 2534 Ord.
1426 2508 1452 2534 S.
1470 2508 1544 2541 Aug.

302 2558 376 2583 Item
393 2557 557 2590 Stephanus
572 2557 607 2583 de
621 2558 716 2586 Porta.
731 2557 837 2590 presb..
855 2565 918 2583 can.
934 2557 1001 2583 eccl.
1017 2557 1103 2583 secul.
1121 2558 1147 2582 et
1164 2557 1265 2589 colleg.
1284 2556 1310 2582 S.
1327 2557 1433 2589 Hylai-ii
1448 2557 1565 2590 maj0ris
1579 2556 1733 2582 pictavens.

301 2606 374 2632 Item
390 2606 449 2632 Yvo
464 2606 500 2632 de
516 2607 689 2639 Kaerangar.
1896 2605 1932 2638 [6]

303 2689 378 2721 Fiat
410 2700 474 2733 pro
510 2689 692 2721 omnibus.
725 2689 769 2722 G.
791 2710 835 2713 —
858 2690 899 2722 Et
926 2689 1098 2734 dignetur
1129 2689 1252 2721 eadem
1282 2689 1452 2721 sanctitas
1482 2695 1601 2720 vestra
1632 2689 1776 2733 signare
1805 2688 1848 2720 de
1873 2688 2078 2721 beatissima

215 2767 320 2787 11131111
352 2766 415 2787 sua
446 2767 509 2799 per
539 2770 553 2786 «
586 2755 645 2788 fiat
675 2763 713 2788 ut
743 2756 876 2800 petitur
910 2770 940 2789 ».
971 2776 1015 2780 —
1044 2757 1168 2788 Datum
1199 2755 1379 2787 Avinione
1408 2754 1561 2798 septimo
1592 2755 1639 2787 id.
1671 2755 1779 2794 Junii.
1815 2767 1908 2786 anuo
1935 2761 2079 2798 quarto-

215 2821 368 2854 decimo.

315 2915 376 2946 Reg.
393 2915 451 2938 vat.
468 2915 561 2946 Suppl.
579 2915 719 2938 Clementis
734 2916 787 2944 Vll,
806 2924 847 2938 nn.
866 2916 903 2944 14,
922 2924 948 2947 p.
965 2916 977 2938 2
992 2917 1030 2944 (n0
1043 2916 1089 2944 74),
1109 2915 1152 2938 sol.
1167 2915 1234 2938 Isi-lb.
