2488 3386
415 345 476 377 182
990 350 1310 373 CHARTULARIUM
1346 350 1535 372 UNIVERS.
1572 350 1702 372 Panis.
2097 347 2099 350 '
2175 334 2275 371 [1368

1069 491 1120 522 DE
1157 491 1334 523 DlONYSlo
1373 491 1619 522 FonLLEanT.

1238 574 1276 604 (Νί
1291 574 1449 603 1349-1352.)

422 663 561 699 1349.
590 672 720 697 Urbanus
740 671 812 697 Vad
826 670 981 696 Jolmnnem
997 669 1185 702 cardinalem,
1204 673 1233 694 ut
1249 669 1284 694 de
1299 671 1489 695 controversia
1507 670 1579 695 inter
1599 669 1763 704 Dionysium
1785 668 1959 701 Foullechat,
1985 667 2050 694 ord.
2071 668 2139 693 Min.
2161 671 2187 693 et
2209 675 2277 692 can-

506 720 653 746 rellarium
670 720 763 746 Paris.
782 720 909 755 inquirat
929 723 956 744 et
970 718 1073 744 deinde
1089 718 1232 744 decernat.

1601 768 1678 797 7308,
1694 767 1839 794 Novembris
1854 768 1878 797 9,
1894 767 1995 793 Romae.

509 853 647 886 Dilecto
670 852 743 885 filio
760 852 933 885 Johanni¹
958 858 1079 884 sancte
1102 853 1203 883 Rom.
1223 851 1310 884 eccl.
1334 851 1455 895 presb.
1479 851 1575 884 card.
1595 851 1754 884 Parisius
1775 850 2012 883 commoranti
2033 849 2199 890 salutem,
2216 854 2280 882 etc.

422 919 585 952 Exhibita
611 919 717 951 nobis
744 931 808 963 pro
838 925 936 963 parte
964 917 1086 950 dilecti
1115 917 1179 949 filii
1212 917 1375 962 Dyonisii
1408 917 1627 957 F'oullechat‚
1651 917 1738 950 Ord.
1763 917 1911 949 fratrum
1940 916 2120 949 Minorum
2148 915 2282 960 profes-

422 987 528 1025 soris‚
557 985 763 1018 bachallarii
796 985 955 1017 Parisius
981 985 1016 1016 in
1047 984 1243 1029 theologia,
1272 984 1396 1028 petitio
1427 983 1636 1016 continebat
1662 983 1759 1028 quod
1787 983 1872 1016 olim
1901 982 2056 1015 dilectus
2083 982 2180 1015 filius
2206 982 2284 1016 Gri-

422 1053 557 1085 merius
574 1051 811 1084 cancellarius
829 1051 917 1083 eccl.
935 1051 1146 1091 Parisiens.‚
1164 1051 1284 1083 minus
1305 1050 1481 1083 veraciter
1502 1050 1718 1095 procedens,
1742 1049 1915 1094 quasdem
1934 1049 2206 1094 propositiones
2222 1060 2286 1094 per

423 1119 576 1151 eundem
599 1118 811 1162 Dyonisium
833 1118 942 1150 saetas
963 1118 1039 1149 sore
1061 1117 1253 1158 hereticas,
1275 1117 1393 1161 ipsum
1417 1117 1629 1161 Dyonisium
1652 1128 1716 1161 per
1738 1116 1808 1149 vim
1829 1122 1865 1148 et
1884 1122 2016 1148 metum
2043 1115 2218 1160 compulit
2242 1114 2287 1148 ad

423 1185 631 1229 hujusmodi
660 1184 930 1229 propositiones
956 1184 1212 1225 revocandum,
1241 1190 1389 1228 propter
1411 1183 1508 1228 quod
1536 1183 1654 1216 dictus
1676 1183 1874 1227 Dyonisius
1899 1182 1942 1215 ad
1969 1182 2092 1215 sedem
2114 1181 2288 1227 apostoli-

424 1264 498 1283 cam
520 1250 724 1295 appellavit⁷
744 1257 778 1283 et
795 1257 862 1283 tam
884 1250 979 1282 idem
1002 1250 1241 1283 cancellarius
1262 1257 1297 1282 et
1313 1250 1509 1295 episcopus
1525 1250 1721 1282 Parisiens.
1740 1249 1802 1294 qui
1819 1255 1902 1282 tunc
1920 1250 2028 1288 erat‘·‘„
2047 1260 2153 1293 quam
2169 1248 2288 1292 inqui-

426 1318 514 1350 sitor
536 1317 693 1349 heretice
715 1317 918 1362 pravitatis³
940 1329 1004 1361 per
1026 1328 1065 1350 se
1093 1324 1128 1349 et
1148 1316 1239 1349 alios
1261 1317 1377 1349 eidem
1400 1316 1575 1361 Dyonisio
1602 1315 1865 1361 quamplurima
1895 1315 2101 1360 gravamina
2126 1315 2289 1360 irrogare

428 1384 753 1428 presumpseri[n]t.
772 1384 915 1428 Quique
937 1383 1181 1428 postmodum,
1201 1383 1283 1416 licet
1302 1383 1420 1416 dictus
1437 1382 1648 1427 Dyonisius‚
1666 1389 1751 1415 tunc
1769 1382 1804 1414 in
1824 1383 1979 1414 Romana
1995 1381 2093 1414 curia
2114 1392 2184 1426 que
2206 1387 2290 1414 tunc

426 1451 604 1483 Avinione
634 1457 709 1483 erat
738 1450 911 1491 existens,
940 1462 978 1483 ac
1006 1449 1243 1482 amicabiliter
1270 1450 1465 1482 intendens
1494 1461 1572 1482 cum
1600 1449 1726 1481 eodem
1756 1448 1972 1481 cancellario
2000 1459 2220 1493 componere
2246 1447 2291 1480 ad

427 1517 663 1561 quorumdam
696 1517 970 1561 suggestionem
1003 1517 1173 1561 ponendo
1207 1528 1245 1549 se
1275 1517 1310 1548 in
1336 1516 1639 1549 determinatione
1666 1515 1922 1561 magistrorum
1944 1515 1981 1547 in
2006 1515 2099 1548 dicta
2124 1513 2291 1547 facultate

426 1584 515 1615 sacta
532 1583 588 1616 vel
610 1583 785 1623 sarienda,
805 1583 966 1627 predicte
989 1583 1220 1628 appellationi
1245 1595 1309 1616 sue
1331 1583 1595 1623 renunciasset,
1621 1593 1774 1627 sperans
1800 1581 1897 1626 quod
1923 1581 2031 1614 iidem
2054 1580 2292 1614 cancellarius

428 1657 462 1682 et
489 1650 650 1694 magistri
682 1650 798 1694 ipsum
828 1650 1040 1694 Dyonisium
1069 1650 1237 1682 audirent
1266 1656 1301 1682 et
1331 1649 1599 1682 racionabiliter
1626 1655 1916 1693 pertractarent:
1944 1655 2062 1681 tamen
2092 1647 2187 1680 idem
2215 1658 2293 1680 can-

429 1716 597 1748 cellarius
628 1723 750 1748 contra
778 1716 977 1760 predictum
1011 1716 1223 1761 Dyonisium
1253 1728 1317 1761 per
1346 1717 1520 1761 prefatum
1548 1715 1759 1761 episcopum
1787 1721 1822 1748 et
1851 1715 2104 1760 inquisitorem
2135 1714 2294 1747 heretice

430 1783 614 1826 pravitatis
649 1782 776 1815 durius
808 1783 955 1827 procedi
987 1783 1193 1827 procuravit
1222 1790 1257 1816 et
1286 1783 1382 1815 secit.
1411 1783 1530 1825 Quare
1559 1794 1623 1827 pro
1652 1788 1751 1827 parte
1779 1781 1865 1814 dicti
1895 1781 2059 1827 Dyonisii
2089 1780 2196 1814 nobis
2227 1780 2296 1814 fuit

431 1848 614 1881 humiliter
635 1849 874 1893 supplicatum
905 1856 940 1882 ut
971 1850 1163 1894 providere
1191 1850 1223 1882 ei
1254 1862 1365 1894 super
1396 1849 1586 1894 premissis
1616 1849 1660 1882 de
1691 1848 1915 1893 benignitate
1945 1847 2142 1893 apostolica
2170 1847 2296 1893 digna-

432 1927 564 1947 remur.
588 1917 661 1947 Nos
683 1916 802 1959 itaque
824 1928 950 1948 omncs
973 1923 1005 1948 ct
1033 1916 1196 1961 singulas
1219 1917 1500 1949 commissiones
1521 1927 1632 1960 super
1653 1915 1843 1960 premissis
1868 1927 1933 1960 per
1954 1927 2021 1947 nos
2042 1915 2165 1947 forsan
2185 1914 2295 1948 factas

433 1988 659 2023 revocantes,
688 1981 895 2026 hujusmodi
927 1983 1261 2027 supplicacionibus
1292 1983 1467 2024 inclinati,
1497 1982 1815 2027 circumspectioni
1837 1989 1896 2014 tue
2010 1993 2074 2026 per
2098 1980 2296 2026 apostolica

433 2048 564 2092 scripta
594 2048 851 2081 committimus
878 2055 913 2081 et
943 2049 1152 2082 mandamus
1179 2056 1357 2094 quatenus
1378 2049 1515 2083 vocatis
1543 2049 1604 2093 qui
1631 2049 1767 2081 fuerint
1794 2048 1968 2082 evocandi
1994 2054 2030 2081 et
2055 2047 2188 2081 auditis
2213 2047 2297 2080 hinc

434 2114 517 2146 inde
546 2114 744 2158 propositis
771 2115 815 2146 de
841 2115 995 2147 consilio
1022 2116 1276 2160 magistrorum
1304 2116 1341 2148 in
1363 2116 1455 2148 dicta
1477 2115 1644 2148 facultate
1665 2115 1825 2147 Parisius
1846 2114 2166 2155 commorancium,
2188 2125 2298 2158 super

436 2180 624 2224 premissis
650 2181 746 2224 quod
774 2182 985 2214 canonicum
1011 2183 1133 2223 fuerit⁷
1162 2182 1404 2227 appellatione
1434 2188 1583 2222 remota,
1610 2181 1759 2214 ordines
1786 2188 1822 2214 et
1850 2181 2039 2222 decernas,
2067 2180 2203 2213 faciens
2228 2191 2298 2225 que

437 2246 643 2279 decreveris
671 2247 882 2280 auctoritate
912 2255 1033 2281 nostra
1064 2248 1215 2281 firmiter
1242 2249 1442 2282 observari.
1471 2250 1600 2281 Testes
1630 2254 1748 2280 autem
1849 2249 1928 2280 Non
1958 2246 2200 2285 obstantibus,
2231 2251 2294 2280 etc.

438 2314 515 2345 Dat.
540 2314 650 2345 Rome
671 2314 764 2357 apud
788 2314 953 2346 Sanctum
978 2316 1120 2347 Petrum
1142 2328 1162 2347 v
1183 2315 1230 2347 id.
1259 2315 1487 2356 Novembris,
1511 2315 1741 2360 pontificatus
1767 2315 1882 2347 nostri
1901 2325 1995 2347 anno
2019 2313 2185 2358 septimo.

533 2424 593 2453 ch.
609 2423 664 2445 Vnt.
682 2425 759 2448 Avcn.
778 2424 875 2447 Urbani
888 2425 915 2453 V,
934 2425 985 2448 vol.
999 2426 1049 2453 XX,
1070 2426 1113 2448 sol.
1130 2426 1200 2449 [illabi
1222 2440 1246 2444 —-
1264 2427 1319 2449 Vid.
1337 2435 1418 2457 supi-u
1435 2427 1468 2449 n¹⁸
1484 2427 1629 2450 1298-1300.

534 2508 554 2529 1.
570 2507 683 2530 Johnnni
698 2508 835 2537 Dormans,
851 2509 922 2532 card.
939 2510 1100 2539 Belvacens,
1120 2510 1163 2541 qui
1177 2511 1316 2541 collegium
1333 2511 1441 2534 Parisiis
1459 2511 1586 2534 fundavit.
1603 2511 1722 2534 Nondum
1738 2514 1799 2533 tunc
1815 2510 1854 2533 tit.
1873 2510 1991 2537 Quatuor
2009 2510 2131 2533 Coronat.
2151 2511 2300 2540 acceperat.

441 2551 496 2575 Vid.
515 2555 542 2573 ηο
563 2552 629 2580 1267,
646 2555 699 2575 not.
719 2553 740 2575 1.
754 2566 783 2569 —
796 2553 818 2575 2.
834 2554 991 2584 Stephanus.
1007 2568 1036 2571 —
1052 2555 1074 2577 23.
1091 2554 1247 2578 Guitletmus
1265 2555 1382 2583 Rochini,
1399 2555 1462 2578 Ord.
1480 2556 1573 2578 Praed.
