2488 3386
206 311 301 348 1393]
971 325 1017 346 nr:
1053 324 1293 347 SCHJSMATE.
2000 316 2062 348 597

296 398 318 422 1.
337 398 394 423 Vid.
409 398 442 421 ad
457 398 505 421 hoc
519 406 600 430 supro
615 406 642 429 p.
658 399 712 426 488,
727 398 794 421 etde
809 398 920 421 Hem-ico
933 398 965 421 de
976 398 1080 427 Bassia,
1094 398 1202 421 1101629.
1219 411 1247 416 —-
1262 399 1284 421 2.
1297 398 1335 421 Ita
1349 406 1469 429 prorsus.
1485 412 1516 416 —
1526 400 1549 422 3.
1561 400 1655 422 Auctor
1671 398 1752 429 igitur
1772 399 1855 422 solam
1870 399 2063 422 conclusionem

202 442 389 466 Universitutis
404 451 447 466 an.
461 443 530 472 1381,
547 451 597 465 non
610 442 683 466 illam
698 450 741 466 nn.
758 443 817 465 1394
836 451 913 473 saepe
929 442 1081 465 ventilatam
1098 442 1241 473 cognoscit.
1257 443 1395 465 Praeterea
1410 451 1452 466 an.
1469 443 1538 470 1394,
1556 443 1627 466 Junii
1643 444 1657 466 6
1672 446 1696 466 et
1711 447 1811 474 postca,
1826 443 1970 466 Concilium
1987 452 2064 474 gene—

202 487 256 510 rale
269 487 345 510 tertio
360 487 416 510 loco
433 490 608 515 enumeratur,
623 490 647 510 et
659 486 780 510 omnibus
796 486 845 509 viis
860 487 902 509 via
914 486 1040 510 cessionis
1056 488 1209 510 antefertur.
1221 500 1251 504 —
1263 487 1286 510 4.
1298 486 1404 509 Minime
1414 487 1530 518 primum
1541 487 1583 510 hic
1596 496 1640 510 eae
1651 491 1704 510 tres
1718 487 1774 511 viae
1786 488 1893 510 insimul
1904 488 2063 515 afferuntur;

199 531 254 563 jam
269 534 328 554 unte
350 532 380 554 10
399 540 481 555 annos
498 531 624 555 Henricus
643 532 674 554 de
690 531 784 554 Hassiu
799 531 907 554 Parisiis
924 531 950 553 iu
972 539 1019 554 sua
1041 531 1128 561 Epist.
1154 531 1269 555 Consilii
1279 532 1370 561 pacis,
1385 539 1407 554 c.
1429 532 1458 554 '14
1481 531 1535 560 (uhi
1550 535 1630 560 notat,
1656 541 1666 554 α
1689 533 1758 563 quod
1778 532 1866 556 variis
1882 532 1933 556 viis
1952 541 2060 564 presens

202 576 317 599 schisma
325 576 402 599 finem
410 576 506 599 habere
515 576 611 606 poterit
620 577 651 604 n),
663 577 677 598 8
688 575 744 598 vias
757 578 899 602 enumerat.
915 575 982 598 inter
995 584 1060 606 quos
1076 577 1185 598 llam-6³³¹
1197 583 1202 598 ⁴.
1213 575 1367 602 cessionem,
1382 575 1528 598 Concilium
1538 576 1669 606 generale,
1680 576 1900 607 compromissum
1914 585 1958 600 seu
1971 586 1981 599 (⁴
1993 577 2062 608 quod

201 620 234 643 ub
246 623 356 651 utroque
373 620 531 651 deputentur
543 619 625 651 aliqui
641 620 734 642 famosi
746 628 768 649 »,
780 624 838 646 etc„
854 620 922 650 quod
935 620 990 650 jum
1003 619 1029 642 in
1042 619 1165 649 Epistola
1177 620 1254 650 pacis
1270 619 1407 650 expressit.
1422 620 1569 650 Scparutim
1586 620 1694 643 Coneilii
1710 621 1840 651 generalis
1857 621 1919 650 (vid.
1934 629 1975 644 an.
1993 621 2062 650 1381)

201 667 226 687 et
241 664 366 687 cessionis
381 664 443 694 (vid.
458 672 486 695 p.
503 664 556 692 561,
572 667 598 687 et
614 664 647 687 n¹⁸
664 664 733 692 1664,
747 667 814 690 not.;
832 664 901 693 1667,
919 664 988 693 1668)
1005 672 1082 695 saepe
1098 664 1194 687 mentio
1210 664 1297 687 fiebut.
1315 678 1346 681 —
1361 666 1383 687 5.
1398 664 1455 687 Vid.
1472 668 1500 686 n⁰
1516 664 1584 692 1661,
1602 664 1645 687 ubi
1661 664 1715 695 jam
1734 664 1801 687 idem
1817 666 2011 696 pronuntiatur.
2033 680 2063 683 —

200 710 224 732 6.
241 708 367 732 Henricus
387 708 418 732 de
434 708 529 731 Hassia
547 716 595 739 pro
615 708 722 732 Urbano
742 708 773 731 de
792 708 842 731 hoc
859 708 914 739 jam
930 708 955 730 in
972 708 1099 738 Epistola
1115 708 1194 738 pacis
1213 708 1330 739 loquitur
1351 708 1414 738 (vid.
1435 712 1485 731 n¹¹¹¹¹
1510 709 1592 738 1629);
1616 709 1641 731 in
1662 709 1713 739 Ep.
1734 709 1852 733 Consilii
1864 709 1943 739 pacis
1958 718 2019 733 vcro
2035 713 2064 733 ut

200 754 353 777 secundam
370 753 440 775 viam
455 752 531 776 affert
547 761 558 775 «
573 761 620 783 per
631 752 795 783 puulutivam
807 752 987 783 deceptionem
1001 752 1085 784 partis
1102 753 1160 775 ficte
1177 756 1202 775 et
1218 753 1291 780 false,
1309 752 1371 784 quia
1386 753 1487 775 nullum
1500 752 1643 776 violentum
1661 756 1827 784 perpetuum,
1843 757 1868 776 et
1887 754 1948 785 quin
1966 754 2062 777 veritas

201 797 304 820 stabilis
324 800 364 820 est
383 800 408 820 et
426 796 560 828 perennis,
582 797 684 820 salsitas
699 805 760 820 vero
776 797 821 820 diu
838 797 920 820 latere
938 805 988 820 non
1007 800 1094 828 potest
1111 805 1136 825 »;
1154 797 1265 821 tertiam
1279 797 1350 820 viam
1371 805 1382 819 «
1398 805 1445 828 per
1463 797 1612 820 continuam
1632 797 1798 828 diligentiam
1812 801 1837 820 et
1853 802 2063 828 perseverantem

200 841 411 864 informationem
430 841 556 871 fidelium,
571 841 597 864 in
613 849 664 872 qua
679 849 731 864 una
745 849 817 872 pan,
835 850 884 872 que
900 841 1042 864 ferventius
1058 844 1083 864 et
1097 841 1226 864 efficacius
1240 841 1381 869 laborabit,
1399 841 1505 864 tandem
1520 841 1649 864 obtinebit
1665 850 1690 869 »ς
1706 845 1731 864 et
1746 843 1895 872 septimam
1910 851 1957 873 per
1972 843 2064 873 dispu-

200 885 311 908 tationes
334 885 546 909 scientificorum.
562 899 592 903 —
610 887 632 909 7.
652 886 723 909 Infra
739 894 766 917 p.
782 886 827 909 619
847 889 872 909 et
891 887 936 909 625
952 894 1011 917 spes
1031 886 1179 909 excluditur
1193 889 1296 917 partem
1320 886 1459 909 adversam
1480 886 1530 909 sihi
1552 886 1687 909 conciliari
1701 894 1788 917 posse,
1805 886 1850 909 ubi
1869 890 2005 917 praeterea
2022 887 2065 918 jus

201 930 341 953 Clementis
358 938 408 953 non
424 930 460 953 ita
478 931 578 953 clarum
593 938 650 953 esse
662 930 828 962 proponitur,
848 934 876 953 ut
892 930 1002 953 formido
1021 931 1052 953 de
1067 930 1198 953 contrario
1214 931 1376 959 excludatur,
1396 934 1421 953 et
1440 934 1468 953 n⁰
1484 931 1543 953 1680
1559 930 1655 953 dicitur
1671 938 1675 953 z
1693 930 1791 953 nullius
1809 939 1894 962 papae
1910 931 1953 962 jus
1970 940 2065 962 usquc-

200 982 302 1006 quaque
321 978 420 997 certum
436 977 484 998 est.
503 975 643 998 Intervallo
662 975 742 998 trium
757 983 886 998 annorum
903 975 972 998 acies
989 975 1083 998 mentis
1102 975 1291 1006 magistrorum
1307 975 1458 998 acuebatur.
1480 976 1561 998 Viam
1575 974 1645 1005 facti
1666 983 1747 1006 supra
1766 975 1870 998 silentio
1889 979 2064 1007 praetercunt,

200 1027 278 1050 quam
288 1018 343 1048 jam
364 1019 490 1042 Henricus
504 1019 535 1042 de
551 1019 645 1042 nussia
659 1019 686 1049 (l.
703 1019 842 1050 c.,prima
855 1019 898 1042 via
912 1027 923 1042 (ι
938 1027 986 1050 per
1003 1019 1148 1050 potentiam
1164 1027 1298 1042 armorum
1310 1021 1332 1048 »)
1350 1019 1436 1042 minus
1454 1019 1638 1042 rationabilem
1651 1019 1825 1050 proclamavit
1842 1019 1903 1049 (vid.
1918 1029 1966 1043 ms.
1983 1021 2065 1044 Paris.

201 1063 286 1093 14643,
300 1064 317 1086 f.
334 1064 392 1092 233;
406 1064 462 1086 Von
473 1063 519 1087 der
533 1064 625 1092 Hui-dt,
640 1064 720 1088 Cone.
733 1064 885 1092 Constant„
906 1064 936 1092 11,
954 1065 1002 1093 35).

206 1189 346 1226 1664.
370 1199 540 1233 Bonisacius
556 1200 599 1224 IX
617 1200 731 1225 Petrum
754 1199 790 1225 de
812 1199 970 1233 ᾸΙοηίενιέί,
992 1199 1117 1235 priorem
1132 1200 1257 1233 Aslens.,
1277 1203 1303 1224 et
1323 1198 1574 1225 Bartholomaenm
1597 1199 1632 1225 de
1652 1200 1794 1234 Ravenna,
1810 1198 2067 1235 priorem'lnsulae

292 1248 432 1282 Gargonii,
459 1248 666 1283 Cartusienses,
685 1247 724 1273 ad
745 1248 884 1282 Car-olum,
903 1257 994 1282 regem
1011 1249 1192 1282 Francorum,
1215 1249 1301 1274 mittit
1317 1257 1378 1273 cum
1399 1247 1548 1284 epistolcu,
1568 1257 1625 1283 qua
1648 1257 1708 1274 enm
1725 1248 1893 1274 exhortatur
1912 1249 1982 1275 vir-es
1997 1259 2067 1275 secas

289 1296 429 1323 adhibeat
452 1296 492 1322 ad
513 1297 673 1322 sedandum
697 1297 835 1322 Schisma.
863 1298 1053 1322 Transeuntes
1072 1297 1242 1323 Avenionem
1263 1306 1281 1322 a
1307 1297 1446 1322 Clemente
1467 1298 1519 1322 VII
1533 1300 1561 1322 et
1577 1296 1648 1322 duce
1671 1297 1841 1323 Bituricens.
1865 1297 1998 1330 detenti&
2016 1299 2068 1324 sed

287 1349 389 1381 postea
411 1346 544 1381 precibus
570 1346 768 1371 Universitatis
790 1346 884 1372 Paris.
898 1347 984 1381 jussu
1008 1346 1083 1380 regis
1107 1345 1232 1380 liberati,
1258 1346 1388 1371 Parisios
1404 1346 1480 1370 circa
1500 1345 1607 1371 Natale
1627 1350 1767 1372 venerunt.
1789 1347 1830 1372 Ne
1852 1347 1957 1381 legatio
1974 1357 2067 1373 eorum

287 1396 447 1430 proficeret,
469 1394 594 1420 Clemens
609 1394 676 1420 illuc
694 1394 891 1429 Ray-mundum
910 1394 1053 1420 Bernardi
1068 1394 1248 1428 Flamenclzss,
1267 1394 1319 1429 leg.
1339 1394 1423 1428 doct.,
1443 1394 1528 1420 misit.
1547 1395 1677 1420 Monente
1699 1398 1792 1420 tamen
1812 1395 1997 1422 Universitate
2019 1406 2070 1422 rea¹

288 1443 438 1476 Bonisacio
456 1442 556 1468 bonum
569 1452 735 1479 responsam
751 1443 830 1469 dedit
839 1443 857 1469 ¹⁴.

1503 1480 1578 1508 1392,
1594 1479 1783 1505 dolii-Decem&

294 1553 443 1578 Chron.du
452 1553 503 1577 rel.
511 1554 543 1577 de
558 1553 760 1584 Saint-Denys,
771 1554 801 1582 11,
817 1555 856 1586 46,
867 1554 906 1581 48,
920 1554 958 1582 54,
971 1555 1009 1577 56.
1018 1567 1047 1570 -
1056 1554 1158 1578 Chron.
1173 1554 1218 1577 des
1227 1557 1328 1584 quatre
1338 1554 1476 1583 premier-s
1490 1553 1591 1583 Valois,
1603 1562 1629 1584 p.
1646 1554 1700 1576 327.
1713 1554 1797 1576 Verba
1813 1553 1909 1577 ibidem
1923 1555 2053 1586 exscripta
2065 1563 2070 1579 ε

201 1606 212 1621 (t
231 1605 280 1629 que
296 1597 337 1620 s’il
350 1597 428 1620 estoit
444 1598 536 1620 trouve
547 1605 597 1628 pur
612 1597 721 1620 consille.
736 1597 766 1620 de
783 1597 835 1620 bon
855 1598 922 1620 clcrs
942 1601 998 1620 tant
1015 1598 1046 1620 de
1061 1597 1229 1621 l'Universite
1251 1597 1282 1620 (le
1299 1597 1374 1620 Puris
1395 1606 1443 1628 que
1465 1597 1589 1626 d‘autres,
1605 1597 1668 1628 qu'il
1684 1606 1714 1620 nc
1736 1599 1788 1620 sust
1802 1606 1865 1629 vray
1882 1607 1958 1630 pape,
1981 1599 1998 1621 il
2017 1600 2069 1622 s'en

199 1641 300 1665 vouloit
312 1642 446 1670 demettre,
461 1649 510 1673 que
528 1641 594 1664 celui
611 1641 756 1672 d'Avignon
776 1642 849 1664 aussi
870 1650 897 1665 se
915 1642 1044 1665 submeist
1066 1642 1098 1664 ad
1119 1650 1146 1664 ce
1167 1652 1189 1667 n,
1208 1650 1259 1664 non
1275 1641 1300 1664 in
1319 1641 1432 1672 epistola
1452 1644 1562 1670 exstant.
1587 1642 1641 1670 sed,
1659 1642 1684 1665 si
1698 1648 1765 1665 vera
1780 1647 1854 1670 sunt,
1874 1643 2024 1666 Bonisacius
2041 1653 2070 1667 ca

198 1686 274 1709 vivae
289 1685 360 1709 vocis
376 1686 482 1708 oraculo
498 1685 712 1709 Cartusiensibus
726 1686 864 1717 expressit.
880 1686 938 1709 Jam
954 1686 1019 1709 Julii
1034 1686 1063 1708 20
1076 1686 1207 1709 Avenione
1220 1685 1399 1713 morabantur,
1417 1689 1442 1708 et
1456 1685 1576 1708 Deccmb.
1597 1686 1610 1708 2
1629 1685 1731 1708 circiter
1752 1686 1867 1709 Parisios
1883 1688 1993 1717 profecti
2010 1692 2071 1711 sunt

200 1730 286 1763 (ΑΙ-01].
301 1731 368 1758 Vat.‚
388 1730 501 1754 Introit.
518 1734 542 1754 et
555 1731 631 1759 exit„
646 1735 675 1753 n⁰
686 1731 740 1759 369,
757 1732 774 1754 f.
789 1731 847 1758 124;
865 1735 892 1753 n⁰
907 1732 960 1761 370,
977 1732 994 1754 s.
1011 1730 1071 1759 58¹²),
1088 1733 1113 1753 et
1126 1730 1180 1761 jam
1197 1730 1284 1753 Martii
1303 1730 1340 1757 18,
1354 1738 1396 1755 an.
1412 1730 1480 1759 1393,
1497 1730 1605 1753 reduces
1622 1733 1705 1753 erant.
1722 1730 1779 1754 Vid.
1796 1730 1864 1754 infra
1880 1733 2024 1756 Addenda.

293 1802 315 1824 1.
327 1802 374 1824 An.
388 1801 457 1830 1392,
471 1801 554 1832 April.
571 1802 594 1829 2,
610 1802 681 1832 apud
697 1801 832 1832 d'Achery,
851 1801 977 1831 Spicim,
993 1802 1010 1830 1,
1030 1802 1082 1829 768,
1099 1804 1123 1824 et
1138 1801 1240 1825 Chron.
1255 1802 1293 1825 du
1309 1801 1368 1828 rel„
1386 1809 1413 1832 p.
1426 1802 1466 1824 48.
1482 1814 1512 1818 —-
1529 1802 1551 1824 2.
1568 1801 1605 1824 Ad
1621 1801 1743 1831 Magnam
1760 1801 1907 1825 Cartusiam
1923 1803 2006 1833 missi,
2024 1804 2068 1827 sed

199 1845 304 1876 saepius
315 1845 474 1868 Aveuionem
487 1845 582 1868 vocati.
593 1859 624 1862 —
635 1847 658 1869 3.
671 1845 769 1868 Nomen
783 1845 808 1868 in
821 1846 894 1870 Intr.
911 1849 937 1870 et
949 1845 1026 1874 exit„
1042 1849 1070 1868 n⁰
1086 1846 1139 1874 370,
1158 1847 1174 1868 f.
1191 1846 1229 1868 60.
1247 1845 1303 1868 Vid.
1321 1846 1467 1869 Addenda.
1482 1859 1513 1862 —
1527 1846 1550 1868 4.
1564 1846 1666 1869 Chron.
1682 1847 1715 1869 cle
1734 1846 1931 1876 Sainc-Denys,
1948 1847 1997 1875 bis,
2010 1848 2068 1871 scil.

199 1898 226 1921 p.
243 1891 272 1913 5ss
287 1893 312 1912 et
329 1890 382 1917 105,
403 1889 524 1918 affirmat,
541 1898 629 1920 regem
645 1898 695 1912 non
715 1890 816 1913 litteras
840 1890 1008 1921 responsivas
1032 1890 1179 1921 scripsisse,
1203 1890 1248 1912 sed
1268 1889 1342 1912 vivae
1365 1889 1436 1912 vocis
1457 1890 1563 1912 oraculo
1579 1892 1681 1912 tantum
1702 1890 1879 1920 respondisse.
1896 1891 1959 1914 Cum
1982 1895 2067 1915 tamen

200 1933 350 1957 Bonit‘ucius
369 1933 394 1956 in
413 1934 527 1956 secunda
546 1934 666 1965 epistola,
681 1942 723 1957 an.
742 1934 810 1962 1393,
827 1934 888 1957 Maii
909 1934 1179 1962 21,«memoriu1ium
1197 1934 1330 1964 regiorum
1350 1942 1397 1964 per
1419 1933 1523 1956 nuntios
1544 1934 1691 1956 delatorum
1704 1943 1714 1955 u
1728 1934 1883 1957 mentionem
1908 1935 1986 1958 saciat
2005 1936 2066 1965 (vid.

199 1978 334 2009 d'Achcry,
348 1978 365 2001 l.
378 1986 410 2006 c.‚
427 1987 453 2009 p.
470 1979 534 2007 769),
547 1978 635 2001 llefele
649 1978 674 2001 in
689 1978 929 2008 Concilienyesch..
947 1979 988 2006 Vl.
1006 1980 1060 2006 697,
1077 1982 1102 2001 et
1117 1978 1165 2002 Th.
1184 1978 1286 2006 Muller,
1300 1978 1488 2002 Frankreichs
1503 1978 1735 2007 Unionsversuch,
1748 1987 1774 2009 p.
1789 1980 1810 2005 6,
1829 1980 1849 2007 8,
1868 1980 2066 2009 concludebant,

200 2023 322 2046 Carolum
340 2030 431 2045 revera
445 2030 492 2053 per
508 2022 646 2053 epistolam
661 2023 739 2053 (apud
756 2022 890 2053 d’Achery,
905 2031 932 2054 p.
949 2023 1004 2053 785)
1022 2022 1117 2046 litteris
1132 2022 1258 2046 Clementi
1274 2023 1319 2045 Vll
1335 2022 1440 2045 directis
1459 2022 1585 2045 insertam
1603 2022 1780 2053 respondisse.
1799 2024 1844 2046 Ast
1860 2023 1928 2046 infra
1946 2024 1971 2046 in
1992 2025 2066 2048 schc-

199 2067 261 2090 dulu
279 2067 410 2090 communi
425 2075 467 2090 un.
484 2067 552 2095 1394,
570 2071 598 2089 n0
614 2067 681 2097 1680,
695 2067 791 2090 dicitur
807 2075 812 2089 ·.
831 2076 842 2089 ((
859 2067 1005 2090 Avisnndus
1023 2070 1062 2090 cst
1077 2075 1121 2090 rex
1141 2067 1209 2098 quod
1226 2067 1325 2089 scribat
1341 2067 1416 2089 alteri
1437 2066 1503 2097 (scil.
1523 2066 1666 2096 Bonifncio)
1683 2067 1835 2098 responsive
1851 2068 1883 2090 nd
1898 2068 2000 2092 litteras
2016 2069 2066 2092 sihi

199 2111 370 2134 transmissas
387 2119 409 2135 J).
426 2111 463 2134 Ex
479 2119 529 2142 quo
545 2114 657 2142 apparet
669 2111 791 2134 Corolum
808 2115 870 2134 tunc
888 2111 1003 2134 nondum
1018 2111 1217 2142 responsionem
1231 2111 1357 2141 scriptam
1373 2111 1486 2133 misisse.

205 2238 346 2275 1665.
373 2247 547 2273 Πιιίνθι·.ςιία.ς
563 2247 669 2281 Puris„
687 2248 799 2273 sociata
816 2256 877 2272 cum
891 2247 1073 2272 multitudine
1094 2246 1231 2272 nobilium
1249 2246 1284 2272 de
1298 2247 1374 2281 regio
1385 2246 1534 2280 sanguine,
1552 2246 1703 2271 stationem
1720 2246 1793 2280 facit
1809 2247 1848 2272 ad
1865 2250 1892 2273 S.
1911 2249 2064 2274 Martinam

289 2295 324 2321 de
341 2296 454 2331 Campis
467 2304 519 2331 pro
536 2296 718 2332 impetranda
735 2296 837 2323 unione
851 2296 998 2322 ecclesiae.

1400 2332 1474 2361 1393,
1488 2331 1604 2357 Januarii
1618 2331 1653 2360 12,
1669 2331 1783 2357 Parisiis.

297 2406 400 2431 Chron.
416 2408 455 2430 du
471 2407 521 2430 rel.
538 2408 570 2430 de
585 2407 786 2437 Saint-Denys,
804 2408 835 2436 ΙΙ,
856 2408 893 2431 56.
913 2407 1016 2431 Chron.
1029 2408 1073 2430 des
1093 2410 1192 2436 quatre
1207 2407 1342 2436 premiers
1363 2406 1462 2433 I'alois,
1478 2415 1504 2437 p.
1520 2406 1573 2428 327.
1588 2406 1623 2428 De
1639 2405 1698 2428 aliis
1714 2406 1927 2436 processionibus
1945 2407 1970 2430 in
1986 2416 2065 2439 regno

201 2450 334 2479 Huncine,
352 2459 366 2474 a
381 2451 512 2474 Clemente
533 2451 611 2474 ctiam
626 2451 764 2480 ordinatis,
779 2451 842 2475 ibid.
854 2451 972 2474 Januarii
997 2451 1026 2473 19
1040 2450 1179 2482 episcopus
1199 2451 1281 2473 Paris.
1296 2459 1353 2473 cum
1368 2450 1538 2473 ecclesiarum
1552 2450 1707 2478 rectoribus,
1724 2459 1782 2473 cum
1798 2459 1858 2482 rege
1874 2454 1899 2474 ct
1913 2453 2066 2483 proceribus

201 2495 276 2526 regni
291 2495 486 2526 processionem
499 2495 532 2518 ud
546 2496 572 2519 S.
587 2496 745 2519 Germanum
762 2496 793 2519 de
806 2496 891 2519 Prutis
907 2496 975 2519 fecit.

207 2625 348 2663 1666.
373 2644 387 2660 ⁴(
406 2636 604 2662 Conclusiones
620 2637 751 2671 magistri
769 2636 890 2671 E[gidii]
907 2636 941 2661 cle
960 2636 1073 2671 Campis
1092 2635 1216 2661 doctoris
1233 2636 1260 2660 in
1280 2635 1423 2669 theologia
1438 2635 1585 2670 proposito
1601 2634 1733 2660 Par-isius
1750 2644 1843 2660 coram
1860 2645 1924 2671 rege
1947 2639 2067 2664 Franco-

291 2693 351 2709 rum
368 2689 501 2720 exparte
519 2686 716 2711 Universitatis
732 2685 918 2711 Parisiensis.
933 2694 947 2710 ›>

1370 2719 1521 2748 7391-1393,
1537 2719 1672 2749 Februarii,
1688 2720 1800 2745 Parisiis.

292 2795 421 2828 Prima
450 2795 636 2829 conclusio.
668 2796 883 2840 Quicunque
919 2795 1005 2828 dicit
1040 2795 1083 2828 ad
1118 2795 1290 2827 unionem
1327 2794 1480 2826 ecclesie
1511 2805 1584 2826 non
1617 2805 1699 2826 esse
1731 2793 1966 2827 laborandum
2000 2809 2064 2830 nec

207 2861 415 2906 juvandum,
438 2868 607 2895 censetur
627 2861 822 2902 hereticus,
846 2862 876 2894 si
897 2861 965 2894 hoc
990 2862 1221 2907 pertinaciter
1241 2861 1451 2894 asseruerit.
