2488 3386
208 316 302 352 1391]
628 329 674 350 AB
709 328 813 350 ANNO
847 328 977 350 MCCCL
1012 328 1142 356 USQUE
1178 329 1224 350 An
1260 328 1520 349 armeniorum
1557 329 1644 350 xiii.
2000 320 2062 352 497

210 431 350 468 1560.
376 442 502 467 Litterae
525 441 643 466 rectoris
669 444 695 466 et
723 440 920 466 Universitatis
942 441 1037 465 Paris.
1057 439 1097 465 ad
1117 448 1212 465 omnes
1240 440 1344 465 chr-mi
1365 440 1466 474 fideles
1492 440 1628 465 adversus
1651 449 1759 465 errores
1782 444 1808 465 e!
1829 440 1938 465 modum
1960 440 2065 474 agendi

293 490 432 515 Iohannis
446 489 481 516 de
498 491 671 515 Montesono.

300 575 396 597 Auctor
412 574 504 596 hurum
522 573 667 596 litterarum
683 581 696 595 e
712 572 813 595 dicendi
830 580 924 603 genere
941 572 1016 595 facile
1033 572 1190 603 intelligitur
1206 573 1297 595 Petrus
1313 573 1344 595 (le
1359 573 1477 596 Ailliaco.
1497 573 1570 595 Sicut
1585 581 1696 603 semper.
1713 574 1809 596 evomit
1827 574 1897 596 virus
1914 573 2064 596 acerbitatis

206 627 277 647 suae,
292 621 527 649 temperamentum
543 617 671 640 nesciens.

1384 654 1455 682 1388,
1472 653 1603 679 Februarii
1617 654 1653 682 14,
1670 654 1781 679 Parisiis.

298 737 486 770 Universis
513 736 648 769 Christi
679 735 850 768 fidelibus
880 742 998 768 rector
1024 742 1056 768 et
1087 736 1304 768 universitas
1335 736 1588 781 magistrorum
1618 743 1652 769 et
1682 737 1873 769 scolarium
1908 738 2066 769 Parisius

208 803 430 837 studentium
453 802 603 836 salntem
627 803 663 834 in
691 802 859 842 Domino,
888 809 923 834 et
951 814 1031 834 cum
1059 801 1214 834 Phinees
1236 802 1350 835 zelum
1373 802 1455 835 fidei
1482 803 1620 847 jugiter
1646 803 1822 835 obtinere.
1854 805 1983 836 Eorum
2007 805 2066 848 qui

209 882 275 903 nos
296 876 570 903 antecesserunt
591 869 719 901 herere
735 869 902 913 vestigiis
924 869 1144 908 affectantes,
1164 875 1198 901 et
1217 869 1449 901 commissum
1470 869 1574 902 nobis
1596 881 1720 914 agrum
1739 870 1888 914 egregio
1904 870 2068 902 volentes

209 937 381 970 decorare
399 936 511 976 cultu,
529 935 727 968 curandum
750 936 786 967 in
808 935 934 980 primis
955 934 1183 975 arbitramur,
1204 942 1238 967 ut
1261 936 1381 980 sagaci
1399 935 1573 980 vigilique
1590 948 1698 980 opera
1716 936 1835 968 nocivi
1856 936 2067 977 evellantur,

209 1003 505 1048 extirpenturque
523 1014 685 1034 errorum
708 1002 869 1042 frutices,
888 1013 1018 1046 vepres
1040 1008 1074 1034 et
1095 1001 1232 1041 tribuli,
1252 1008 1285 1034 ut
1309 1009 1675 1046 superexcrescentes
1693 1014 1836 1046 quoque
1854 1002 1944 1035 aridi
1965 1009 2070 1047 atque

209 1069 370 1110 inutiles,
401 1081 495 1102 nunc
524 1080 841 1114 supervacuarum,
866 1080 961 1100 nunc
987 1068 1238 1112 pestiferarum
1261 1068 1473 1112 opinionum
1503 1069 1602 1110 rami,
1631 1069 1792 1102 veritatis
1820 1069 1908 1102 falce
1935 1069 2071 1102 rescin-

211 1137 354 1177 dantur,
387 1136 556 1181 quatinus
587 1135 738 1180 perinde
769 1141 894 1167 nostro
927 1135 963 1167 in
998 1146 1085 1179 agro
1116 1134 1249 1167 selecta
1280 1135 1437 1167 omnium
1470 1135 1668 1168 salubrium
1700 1135 1905 1181 dogmatum
1937 1137 2073 1169 semina

210 1202 378 1235 fertiliter
409 1202 601 1247 pullulent,
633 1208 672 1234 ut
704 1201 813 1234 insite
848 1201 883 1233 in
915 1213 957 1233 eo
992 1200 1112 1246 plante
1144 1201 1298 1233 decoros
1333 1202 1532 1246 parturiant
1565 1201 1722 1234 salubris
1756 1202 1919 1235 doctrine
1950 1202 2073 1243 flores,

212 1269 491 1313 uberrimosque
520 1269 683 1302 veritatis
711 1268 864 1313 gignant
890 1268 1043 1307 fructus,
1070 1274 1107 1300 ut
1135 1268 1177 1300 ad
1204 1274 1402 1300 extremum
1434 1268 1524 1301 odor
1552 1269 1630 1313 ejus
1662 1275 1826 1313 tanquam
1859 1269 1949 1301 odor
1977 1269 2074 1314 pleni

211 1336 302 1380 agri,
333 1335 391 1368 cui
422 1335 608 1368 benedixit
638 1335 827 1375 Dominus,
861 1334 1022 1378 undique
1054 1346 1092 1367 se
1121 1334 1308 1366 diffundat.
1342 1336 1414 1367 Hec
1446 1335 1624 1379 professio
1653 1342 1788 1375 nostra,
1820 1335 1877 1368 hic
1907 1336 2076 1369 assiduus

212 1402 326 1443 labor,
349 1402 415 1434 hee
444 1408 568 1434 nostre
596 1408 680 1434 sunt
701 1402 913 1446 insompnes
935 1401 1071 1446 vigilie.
1096 1401 1165 1433 Sed
1192 1413 1275 1433 ecce
1302 1401 1408 1434 nobis
1432 1402 1563 1438 evenit,
1589 1402 1685 1446 quod
1712 1402 1779 1434 sub
1802 1402 1968 1446 parabola
1989 1415 2076 1447 agro

213 1481 279 1502 suo
301 1468 502 1514 contigisse
525 1479 688 1501 summus
709 1467 866 1513 agricola
887 1468 1135 1512 conqueritur.
1164 1469 1204 1499 ln
1230 1468 1345 1500 nostri
1368 1480 1521 1512 namque
1542 1468 1619 1513 agri
1641 1468 1897 1501 florentissima
1914 1481 1952 1501 ac
1969 1481 2076 1502 venu-

213 1536 372 1569 stissima
390 1542 502 1580 parte,
521 1535 583 1567 ubi
605 1547 729 1568 semen
747 1535 919 1579 optimum
944 1541 1057 1567 satum
1077 1541 1164 1568 erat.
1182 1535 1350 1567 inimicus
1366 1534 1488 1575 homo,
1508 1541 1542 1567 et
1558 1535 1655 1579 quod
1677 1535 1867 1568 molestius
1888 1536 2076 1568 ferendum

214 1609 281 1643 est,
304 1602 474 1635 inimicus
496 1601 608 1643 filius,
625 1601 796 1634 videlicet
819 1602 929 1634 frater
950 1601 1133 1634 Johannes
1155 1601 1199 1633 de
1220 1603 1450 1642 Montesono,
1470 1601 1557 1634 Ord.
1583 1603 1617 1634 S.
1642 1602 1834 1642 Dominici,
1853 1615 1925 1635 non
1942 1603 2078 1635 veritus

214 1676 269 1702 est
288 1669 440 1702 zizanias
462 1669 655 1709 seminare,
678 1680 743 1700 nec
766 1668 947 1700 deformes
968 1667 1208 1713 hispidosque
1231 1669 1593 1712 perversissimorum
1617 1669 1823 1713 dogmatum
1846 1669 2079 1713 presentibus

214 1748 435 1769 annexorum
458 1735 614 1768 tribulos
634 1735 798 1767 inserere
820 1735 1036 1767 formidavit.
1059 1736 1143 1767 Tam
1167 1747 1261 1775 ceca,
1286 1741 1352 1767 tam
1376 1735 1502 1775 audax,
1523 1742 1665 1779 tamque
1689 1747 1840 1780 preceps
1862 1748 2006 1780 semper
2026 1743 2079 1768 est

216 1803 251 1835 in
278 1802 370 1835 malo
392 1803 551 1834 affectata
574 1802 771 1842 temeritas,
796 1808 861 1833 tam
892 1801 1009 1833 omnia
1039 1808 1301 1845 contempnens
1330 1801 1419 1833 elata
1446 1801 1723 1846 inconsultaque
1753 1803 1995 1847 presumpcio.
2025 1803 2079 1834 Ilii

216 1881 379 1902 errorum
406 1868 555 1901 frutices
584 1880 627 1900 ne
658 1867 771 1900 alcius
801 1867 1091 1911 profundiusque
1114 1868 1254 1900 radices
1279 1874 1440 1912 agerent.
1469 1874 1501 1900 et
1529 1868 1653 1900 darent
1681 1868 1896 1913 simplicium
1926 1869 2079 1913 pedibus

217 1935 490 1975 offendiculum,
525 1935 684 1967 decanus
721 1934 931 1978 singulique
967 1933 1171 1978 theologice
1206 1934 1384 1966 facultatis
1420 1934 1597 1979 magistri,
1639 1941 1674 1966 ut
1716 1935 1760 1967 de
1797 1947 1894 1967 more
1934 1935 2077 1976 habent,

218 2002 364 2035 obviare
386 2007 616 2041 curaverunt,
638 2007 673 2033 et
698 2001 900 2045 predictum
922 2000 1120 2033 Johannem
1147 2000 1189 2032 ad
1212 2012 1250 2033 sc
1275 2001 1486 2033 accersitum
1512 2001 1676 2045 primitus
1705 2001 1902 2033 secundum
1926 2013 2080 2046 evange-

217 2069 320 2102 licam
344 2068 557 2108 doctrinam,
581 2073 720 2100 secrete
742 2067 837 2099 inter
858 2078 921 2099 eos
941 2073 976 2099 et
996 2067 1191 2107 caritative,
1215 2073 1251 2099 ut
1272 2066 1315 2099 ab
1336 2067 1463 2099 erratis
1490 2067 1734 2111 resipisceret,
1758 2074 1987 2100 monuerunt.
2011 2069 2079 2100 Sed

218 2141 400 2180 comperta
423 2136 501 2179 ejus
523 2134 732 2178 pertinacia,
755 2145 822 2178 qua
844 2133 1042 2173 asserebat,
1068 2145 1183 2177 usque
1205 2133 1247 2165 ad
1276 2140 1426 2165 mortem
1450 2145 1533 2165 suas
1555 2145 1593 2165 se
1616 2134 1849 2165 defensurum
1876 2134 2081 2167 conclusio-

220 2214 284 2235 nes
311 2214 353 2234 ex
383 2202 545 2246 injuncto
577 2207 609 2233 et
644 2212 716 2232 non
748 2200 826 2232 sine
858 2212 1001 2244 magno,
1034 2206 1070 2231 ut
1101 2199 1228 2237 aiebat,
1260 2199 1414 2232 consilio
1450 2200 1598 2244 positas,
1634 2206 1815 2244 comperta
1850 2201 2078 2245 postmodum

220 2268 393 2302 mendosa
416 2269 494 2312 ejus
515 2267 699 2303 illusione,
719 2279 798 2299 nam
822 2266 884 2298 illo
906 2272 989 2298 tunc
1011 2278 1081 2310 quo
1098 2266 1337 2310 jurejurando
1359 2265 1543 2310 pollicitus
1565 2272 1639 2298 erat
1658 2266 1750 2298 dicta
1772 2278 1835 2299 sua
1856 2267 1899 2299 ad
1921 2267 2080 2312 predicte

220 2335 398 2368 facultatis
419 2333 607 2367 arbitrium
631 2340 837 2373 retractare,
864 2333 1010 2365 minime
1032 2332 1232 2377 comparuit
1255 2344 1260 2364 :
1286 2332 1441 2372 tandem,
1470 2339 1551 2376 post
1572 2333 1804 2365 examinatam
1827 2333 2022 2378 diligenter
2042 2346 2080 2366 ac

225 2401 442 2447 longissimo
473 2400 647 2445 temporis
679 2406 792 2432 tractu
819 2399 870 2431 rei
896 2399 1079 2431 veritatem
1108 2399 1240 2431 nedum
1270 2410 1334 2443 per
1356 2398 1511 2443 seipsos,
1536 2399 1596 2442 qui
1623 2399 1776 2443 amplius
1804 2412 1907 2444 quam
1936 2400 2081 2445 triginta

222 2475 335 2509 erant,
359 2468 424 2500 sed
448 2479 511 2512 per
538 2478 625 2499 suos
647 2466 751 2499 etiam
775 2466 1061 2498 sufficienciores
1082 2465 1319 2505 bachalarios,
1346 2464 1583 2509 euvangelico
1606 2472 1772 2509 parentes
1793 2466 1959 2507 consilio,
1984 2467 2082 2499 dixe-

224 2542 305 2567 runt
328 2534 478 2579 reliquis
501 2534 605 2566 trium
628 2533 834 2566 facultatum
858 2532 1071 2577 suppositis,
1095 2538 1259 2576 tanquam
1284 2530 1453 2563 fratribus
1475 2532 1565 2572 suis,
1583 2543 1674 2576 quos
1697 2532 1830 2564 nichilo
1852 2533 1966 2577 magis
1988 2533 2080 2565 idem

222 2601 405 2635 Johannes
435 2600 560 2633 audire
589 2600 738 2632 curavit.
766 2598 1008 2642 Quamobrem
1040 2598 1288 2643 prenominate
1318 2597 1495 2630 facultatis
1529 2597 1732 2642 theologice
1761 2599 1935 2643 magistri,
1969 2599 2083 2631 tribus

224 2668 304 2700 aliis
325 2667 554 2700 facultatibus
577 2666 646 2699 sibi
672 2666 913 2710 coassumptis
934 2672 967 2697 et
988 2665 1225 2709 coadjunctis,
1251 2664 1512 2696 nunciaverunt
1533 2664 1699 2698 ecclesie.
1725 2666 1924 2697 reverendo
1946 2666 2084 2698 scilicet

224 2735 260 2766 in
289 2733 435 2767 Christo
466 2733 556 2778 patri
585 2733 758 2777 episcopo
789 2732 997 2771 Parisiensi,
1030 2731 1214 2763 ordinario
1243 2731 1357 2775 judici
1389 2730 1424 2762 in
1461 2730 1525 2762 hac
1558 2737 1667 2775 parte.
1700 2731 1782 2772 Qui,
1811 2744 1913 2775 quam
1947 2738 2083 2764 maturo

227 2800 396 2840 consilio,
428 2812 531 2844 quam
564 2799 694 2831 librato
725 2799 878 2843 judicio,
909 2810 1012 2842 quam
1049 2797 1239 2842 multiplici
1271 2797 1409 2829 dierum
1444 2797 1647 2837 intervallo,
1682 2809 1784 2841 quam
1819 2797 2019 2830 observatis
2051 2799 2085 2830 in

228 2867 397 2899 omnibus
427 2867 521 2911 juris
550 2866 772 2899 cerimoniis,
803 2877 905 2909 quam
941 2865 1014 2897 miti
1047 2865 1231 2897 sentencie
1263 2863 1521 2903 moderamine,
1547 2863 1730 2895 admonito
1759 2864 1920 2908 repetitis
1948 2864 2085 2896 vicibus

350 2928 399 2944 *
418 2925 509 2948 Chart.
535 2924 610 2947 Unio.
630 2923 723 2947 Paris.
744 2924 788 2946 .
1936 2923 1964 2944 63
