2488 3386
155 340 250 376 1355]
573 352 618 373 AB
652 351 756 372 ΑΝΝο
791 350 922 372 MCGCL
956 350 1086 376 USQUE
1122 351 1169 371 An
1205 350 1468 372 BENEnicTUM
1503 351 1591 372 xm.
1974 343 2017 375 39

152 426 357 459 scribendis
392 424 689 470 procuratoribus
724 424 941 456 ministrare.
981 424 1058 455 Dat.
1091 423 1159 455 sub
1195 423 1317 467 sigillo
1352 430 1475 455 nostre
1511 424 1672 468 predicte
1708 425 1875 465 nationis,
1907 437 2015 461 anno,

154 503 290 532 mense,
315 492 387 530 die,
410 491 498 524 hora
518 497 553 523 et
580 490 659 523 loco
682 489 867 534 predictis.

229 589 351 617 Bulaeus,
370 588 410 616 1v,
430 588 484 617 333,
503 596 516 610 e
533 587 615 612 Libro
629 591 852 617 procuratorum
867 586 995 611 nationis
1012 586 1186 610 Picarozicae.

245 672 267 694 1.
284 671 340 694 Vid.
361 679 442 702 supra
462 675 490 693 n⁰
506 671 575 694 1202.
594 685 621 688 —
635 672 657 694 2.
678 671 794 693 Fuerunt
815 670 929 701 quinque
953 671 1017 693 festa
1041 670 1065 692 h.
1087 669 1212 700 Virginis,
1230 672 1258 692 ut
1272 673 1383 700 apparet
1400 669 1477 692 etiam
1499 677 1512 691 c
1528 669 1634 692 statutis
1653 669 1784 691 similibus
1804 673 1856 692 nat.
1875 670 2014 692 Nol-mann.

152 716 348 745 (Chartu1.,11‚
359 715 424 744 473).
436 719 461 739 et
476 719 528 738 nat.
544 715 710 746 Anglicnnae.
726 728 751 731 —
769 716 791 737 3.
809 715 846 737 Cf.
860 714 945 736 simile
959 717 1085 736 statutum
1101 717 1153 736 nat.
1171 713 1323 736 Gallicanae
1336 713 1486 744 (ChartuL,
1501 714 1533 741 11,
1549 714 1613 742 467),
1631 717 1656 736 ct
1671 716 1724 736 nat.
1741 714 1841 744 Angtic.
1857 714 1881 736 in
1899 716 2015 738 Auctar-

153 760 283 784 Chartul.
304 760 426 784 Univers.
439 760 544 784 Paris..
560 760 579 787 t,
598 760 635 785 15,
651 760 690 782 21.

156 904 294 940 1229.
321 914 463 939 statatum
479 911 632 947 facultatis
645 913 751 937 artium
767 912 802 937 de
818 911 900 937 modo
916 911 1029 945 legendi
1044 911 1131 936 libros
1148 910 1253 936 artium
1270 911 1298 935 in
1313 910 1428 936 scholis.
1452 946 1455 950 Ι

1312 1002 1385 1029 1355,
1400 1001 1548 1027 Decembris
1567 1002 1603 1031 10,
1619 1002 1733 1027 Parisiis.

240 1093 279 1124 In
308 1092 454 1125 nomine
482 1092 639 1130 Domini,
669 1103 784 1124 amen.
812 1090 1009 1135 'l'emptatis
1031 1090 1175 1123 duobus
1196 1090 1314 1123 modis
1335 1089 1483 1134 legendi
1510 1088 1626 1121 libros
1647 1089 1774 1121 artium
1798 1089 2015 1130 liberalium,

151 1158 278 1203 primis
299 1158 443 1203 quidem
476 1158 705 1203 philosophie
736 1158 919 1202 magistris
949 1157 985 1188 in
1011 1156 1179 1189 cathedra
1207 1157 1334 1201 raptim
1365 1155 1636 1200 proferentibus
1663 1155 1773 1188 verba
1805 1168 1880 1197 sua,
1912 1163 1949 1189 ut.
1978 1169 2017 1189 ea

150 1236 254 1257 mens
275 1224 450 1257 auditoris
471 1224 607 1257 valeret
627 1236 768 1268 capere,
796 1235 922 1256 manus
943 1235 1028 1256 vero
1058 1235 1129 1255 non
1158 1222 1340 1255 sufficeret
1366 1234 1526 1260 exarare,
1554 1222 1711 1266 posteris
1738 1229 1855 1254 autem
1879 1223 2015 1255 tractim

150 1290 434 1331 nominantibus,
462 1291 577 1323 donec
604 1290 789 1322 auditores
810 1302 889 1322 eum
914 1302 1028 1334 penna
1061 1290 1202 1333 possint
1227 1289 1387 1321 scribere
1413 1300 1532 1321 coram
1561 1289 1631 1327 eis;
1660 1288 1826 1333 diligenti
1854 1290 2016 1321 examine

150 1357 220 1389 hiis
248 1357 401 1389 invicem
431 1356 584 1396 collatis,
619 1356 718 1400 prior
745 1356 874 1388 modus
904 1355 1032 1388 melior
1061 1355 1251 1399 reperitur.
1282 1356 1433 1399 Propter
1453 1354 1550 1399 quod
1576 1355 1779 1387 communis
1801 1355 1908 1387 animi
1930 1368 2016 1387 con-

151 1423 270 1468 ceptio
291 1435 359 1455 nos
380 1429 572 1462 ammonet,
593 1429 630 1455 nt
649 1423 767 1467 ipsum
789 1422 825 1454 in
846 1422 981 1454 nostris
1001 1421 1221 1454 lectionibus
1243 1422 1436 1453 imitemur.
1456 1422 1529 1453 Nos
1550 1421 1662 1465 igitur
1678 1433 1805 1453 omncs
1827 1428 1861 1454 et
1882 1422 2017 1466 singuli

151 1489 313 1534 magistri
334 1489 512 1522 facultatis
533 1489 659 1521 artium
685 1495 751 1521 tam
774 1495 945 1533 regentes
962 1500 1065 1532 quam
1088 1500 1160 1519 non
1184 1494 1352 1532 regentes
1373 1488 1416 1520 ad
1438 1487 1505 1519 hoc
1525 1487 1731 1532 specialiter
1747 1489 1934 1520 convocati
1956 1500 2019 1532 per

149 1554 393 1588 venerabilem
415 1555 529 1588 virum
561 1555 771 1599 magistrum
798 1554 986 1587 Albertnm
1017 1554 1061 1586 de
1092 1553 1276 1594 Bohemia,
1306 1560 1388 1586 tunc
1422 1560 1599 1586 rectorem
1629 1554 1897 1594 Universitatis,
1924 1555 2017 1598 apud

153 1622 319 1654 Sanctum
335 1621 516 1654 Julianum
535 1622 746 1666 Pauperem,
766 1621 958 1653 statuimus
975 1621 1011 1652 in
1028 1620 1123 1652 hunc
1142 1620 1302 1661 modum,
1320 1620 1415 1664 quod
1434 1631 1560 1652 omnes
1577 1620 1746 1660 lectores,
1769 1627 1837 1652 tam
1856 1621 2017 1665 magistri

150 1700 254 1733 quam
285 1687 445 1720 scolares
475 1687 637 1732 ejusdem
667 1687 859 1727 facultatis,
882 1687 1175 1731 quandocunque
1206 1693 1241 1719 et
1268 1686 1421 1718 ubilibet
1451 1698 1514 1718 eos
1544 1686 1700 1730 aliquem
1731 1686 1863 1719 librum
1895 1687 2018 1731 legere

149 1754 343 1799 contigerit
372 1754 555 1786 ordinarie
584 1753 639 1786 vel
670 1753 832 1785 cursorie
869 1753 904 1785 in
933 1753 1056 1785 cadem
1089 1753 1269 1789 facultate,
1301 1752 1357 1785 vel
1388 1752 1572 1797 disputare
1603 1752 1756 1797 aliquam
1789 1753 2016 1797 questionem

148 1820 242 1853 circa
262 1820 395 1865 ipsum,
414 1832 479 1852 seu
500 1820 636 1864 aliquid
658 1820 754 1852 aliud
776 1831 840 1864 per
861 1820 1005 1852 modum
1030 1820 1284 1864 expositionis,
1305 1819 1460 1864 priorem
1485 1819 1629 1851 modum
1654 1819 1801 1863 legendi
1824 1819 2016 1852 observent

148 1886 347 1919 secundum
369 1886 465 1919 vires
491 1898 588 1927 suas,
616 1886 667 1918 sic
690 1886 830 1918 scilicet
859 1886 1090 1930 proferendo,
1119 1898 1157 1918 ac
1179 1886 1208 1918 si
1238 1885 1359 1918 nullus
1382 1885 1561 1918 scriberet
1581 1897 1698 1917 coram
1723 1886 1789 1926 eis,
1817 1886 2015 1918 seeundum

149 1964 255 1997 quem
284 1953 429 1985 modum
457 1952 547 1985 fiunt
577 1964 765 1985 sermones
794 1952 829 1984 in
853 1952 1095 1985 Universitate
1124 1959 1156 1984 ct
1187 1952 1577 1993 reconnnendationes,
1605 1958 1639 1984 et
1666 1964 1771 1996 quem
1800 1952 1955 1984 lectores
1981 1953 2016 1984 in

149 2018 280 2051 ceteris
308 2018 538 2051 facultatibus
567 2019 821 2063 insequuntur.
852 2020 1163 2063 Transgressores
1192 2025 1308 2051 autem
1339 2018 1444 2051 istius
1473 2018 1608 2056 statuti,
1641 2018 1671 2050 si
1702 2018 1857 2051 lectores
1885 2018 2015 2051 suerint

150 2084 312 2130 magistri
333 2084 389 2117 vel
411 2084 585 2125 scolares,
612 2097 654 2117 ex
681 2097 776 2117 nunc
799 2097 862 2129 pro
886 2092 969 2117 tunc
998 2085 1180 2129 privamus
1201 2098 1218 2117 a
1242 2084 1390 2124 lectura,
1420 2084 1636 2124 honoribus,
1666 2084 1793 2116 officiis
1823 2091 1855 2117 et
1887 2085 2017 2117 ceteris

148 2150 390 2183 amminiculis
411 2157 535 2183 nostre
556 2151 734 2184 facultatis
760 2163 875 2195 nsque
904 2152 947 2183 ad
975 2163 1083 2183 unum
1111 2163 1256 2183 annum.
1284 2151 1389 2193 Quod
1421 2151 1450 2182 si
1480 2151 1562 2195 quis
1593 2151 1777 2191 residivet,
1806 2162 1870 2195 pro
1902 2151 2016 2195 primo

150 2217 308 2250 residivo
339 2229 465 2262 penam
502 2217 742 2262 duplicamus,
773 2229 836 2262 pro
868 2218 1030 2250 secundo
1057 2217 1389 2262 quadruplicamus,
1419 2223 1453 2249 ct
1485 2217 1536 2249 sic
1566 2217 1668 2249 ultra.
1702 2217 1897 2249 Auditores
1931 2229 2016 2249 vero

149 2283 257 2328 hujus
278 2283 394 2316 nostri
416 2284 538 2316 statuti
559 2284 764 2316 executioni
787 2283 976 2316 obviantes
997 2284 1167 2324 clamore,
1185 2283 1307 2324 sibilo,
1327 2283 1494 2327 strepitu,
1513 2284 1611 2327 jactu
1633 2283 1791 2327 lapidum
1815 2295 1877 2327 per
1898 2295 1936 2315 se
1958 2290 2015 2315 aut

150 2361 214 2394 per
235 2361 322 2382 suos
347 2349 501 2382 famulos
522 2350 578 2382 vel
608 2350 817 2394 complices,
846 2362 910 2382 seu
939 2351 1068 2394 quovis
1099 2350 1168 2382 alio
1199 2350 1319 2390 modo,
1348 2350 1531 2394 privamus
1560 2356 1594 2381 et
1625 2361 1830 2381 resecamus
1852 2362 1869 2381 a
1891 2356 2015 2382 nostro

149 2416 334 2448 consortio
356 2428 471 2460 usque
493 2416 535 2448 ad
558 2428 666 2448 unum
690 2428 840 2457 annum,
869 2423 901 2449 et
931 2428 995 2461 pro
1017 2416 1180 2461 quolibet
1203 2416 1360 2449 residivo
1390 2428 1515 2460 penam
1538 2427 1713 2460 augemus
1739 2416 1781 2447 ad
1811 2415 1959 2460 duplum
1982 2422 2013 2447 et

150 2482 391 2526 quadruplum
413 2482 506 2515 sicut
527 2489 620 2515 ante.

238 2547 458 2581 Ordinamus
483 2549 634 2593 insuper
660 2561 724 2593 pro
757 2549 864 2593 hujus
897 2550 1017 2582 statuti
1050 2549 1278 2581 observantia
1307 2549 1470 2589 firmiori,
1500 2555 1537 2580 ut
1564 2548 1717 2592 quilibet
1746 2554 1864 2580 rector
1890 2549 1924 2579 in
1951 2559 2013 2579 sua

150 2614 331 2646 creatione
347 2615 459 2658 juret,
482 2621 516 2646 et
537 2627 602 2647 suo
625 2616 831 2648 successori
848 2616 971 2659 jurare
993 2616 1108 2655 saciat,
1135 2615 1333 2659 procedere
1355 2615 1395 2646 ad
1421 2615 1643 2658 punitionem
1667 2614 1786 2646 talium
1811 2620 2013 2657 transgres-

150 2691 284 2713 sorum.

238 2746 460 2790 Incipientes
477 2758 561 2779 vero
583 2754 618 2779 et
638 2748 922 2780 determinantes
944 2748 1110 2780 similiter
1126 2749 1251 2791 jurent
1271 2747 1465 2779 observare
1488 2753 1671 2786 statutum,
1689 2746 1776 2778 alias
1797 2757 1869 2776 non
1891 2744 2014 2776 admit-

152 2818 271 2844 tantur
291 2812 334 2844 ad
356 2812 507 2857 gradum
530 2812 738 2846 bachellarii
759 2814 815 2846 vel
840 2814 1015 2858 magistri.
1043 2815 1110 2846 Per
1130 2813 1197 2845 hoc
1224 2820 1339 2845 autem
1368 2819 1536 2845 statutum
1560 2824 1631 2843 non
1654 2811 1874 2843 intendimus
1897 2810 2011 2842 exclu-

152 2877 239 2910 dere
260 2878 546 2911 nominacionem
572 2879 614 2911 ad
644 2892 795 2924 pennam
820 2880 973 2924 alicujus
997 2880 1322 2917 determinationiS,
1349 2878 1518 2910 notabilis
1539 2884 1720 2916 tractatus,
1744 2876 1798 2908 vel
1821 2875 2011 2920 expositio—
