2488 3386
420 319 481 351 152
995 325 1310 348 CHARTULARIUM
1345 324 1534 346 umvaas.
1571 323 1699 345 PARis.
2183 309 2282 346 [1366

508 403 609 442 Item,
627 413 766 434 comme
788 401 831 433 de
853 400 1032 446 privilege
1053 399 1150 444 royal
1172 399 1260 431 ledit
1281 404 1440 443 prevost,
1462 397 1623 430 hientost
1643 400 1749 441 apres
1766 409 1835 441 que
1856 396 1881 429 il
1903 403 1958 429 est
1978 397 2127 430 institue
2149 408 2193 429 en
2214 408 2281 430 son

418 468 532 509 office,
556 468 626 500 soit
654 474 759 500 tenus
775 469 879 511 jurer
905 467 1036 500 devant
1062 465 1294 499 l'Universite
1316 476 1386 509 que
1412 464 1436 496 il
1462 463 1614 509 gardera
1645 463 1698 496 les
1727 463 1926 508 privileges
1953 463 2097 508 royaulz
2124 463 2281 496 octroies

419 535 542 567 ausdiz
563 534 766 579 suppliants
787 545 856 578 que
878 545 924 566 on
946 533 1007 566 list
1026 533 1140 565 adonc
1170 532 1302 564 devant
1322 531 1385 571 lui,
1409 537 1444 563 et
1471 530 1554 562 doie
1585 529 1804 563 renouveler
1828 530 1872 562 de
1903 530 1997 562 deux
2024 542 2088 563 ans
2118 542 2162 563 en
2188 530 2282 563 deux

419 613 484 634 ans
503 601 593 633 ledit
613 607 795 633 screment
815 600 946 633 devant
964 599 1018 632 les
1041 599 1193 644 deputes
1215 598 1259 630 de
1281 597 1517 630 l'Universite
1533 609 1579 629 en
1601 609 1670 629 une
1692 596 1757 629 des
1778 596 1915 641 eglises
1936 597 1980 630 de
2002 597 2115 638 Paris,
2137 603 2172 630 et
2187 597 2281 630 sous-

419 668 622 700 fisamment
642 667 780 712 requis,
807 667 855 699 ait
875 678 915 699 ce
946 666 1066 698 resusc
1087 678 1104 698 a
1130 665 1230 706 faire,
1254 664 1278 697 il
1305 664 1491 709 supplient
1511 675 1580 708 que
1596 664 1723 708 jouxte
1748 663 1781 696 la
1808 670 1936 696 teneur
1961 663 2065 696 dudit
2089 663 2279 709 privilege,

419 734 508 767 ledit
528 740 676 779 prevost
696 733 765 766 soit
786 733 964 778 compelle
985 735 1003 765 ἐι
1024 744 1090 765 son
1112 738 1294 765 serement
1315 730 1544 764 renouveler.

508 802 609 841 Item,
636 812 774 833 comme
796 800 840 832 de
866 799 1043 844 privilege
1066 799 1163 843 royal
1185 799 1271 831 ledit
1301 803 1449 843 prevost
1475 797 1547 830 soit
1571 803 1656 830 tenu
1686 797 1774 830 faire
1797 797 1932 842 justice
1961 797 2004 830 de
2032 797 2161 831 debtes
2182 798 2281 831 etde

420 867 558 911 injures
579 878 642 898 aus
664 866 830 898 maistres
851 872 886 898 et
906 865 1081 898 escoliers
1102 865 1163 910 qui
1190 876 1252 910 par
1279 864 1312 897 le
1341 864 1463 909 signet
1487 864 1535 896 du
1561 870 1705 897 recteur
1726 863 1770 896 de
1794 863 2027 897 l'Universite
2051 864 2075 896 li
2101 871 2184 897 sont
2209 871 2281 898 tes-

420 933 625 977 mongniez,
643 939 678 965 et
697 932 796 965 leurs
817 932 942 965 lettres
963 932 1146 964 citatoires
1168 937 1278 976 quant
1298 943 1315 963 a
1336 943 1376 963 ce
1398 930 1423 963 il
1444 930 1570 976 delaye
1592 937 1626 963 et
1647 942 1786 963 aucune
1802 931 1881 975 soys
1903 931 2023 964 refuse
2048 942 2066 963 a
2083 931 2215 973 seeler,
2237 943 2282 964 en

420 1000 581 1032 donnant
601 999 836 1031 excusacions
853 999 983 1031 faintes
1005 1005 1039 1031 et
1060 998 1259 1031 derisoires
1280 1004 1315 1030 et
1336 1010 1380 1030 en
1402 997 1523 1030 disant
1542 997 1669 1030 hautes
1691 997 1835 1043 paroles
1852 998 2074 1042 injurieuses
2095 1005 2128 1031 et
2149 998 2282 1032 desrai-

420 1065 616 1098 sonnables
637 1077 700 1098 aus
721 1065 887 1098 maistres
906 1077 952 1097 ou
974 1065 1162 1106 escoliers,
1185 1065 1229 1097 de
1251 1064 1409 1109 quelque
1435 1071 1527 1097 estat
1547 1076 1617 1109 que
1638 1064 1663 1096 il
1685 1064 1817 1106 soient,
1839 1071 1950 1109 quant
1969 1064 1993 1097 il
2018 1064 2043 1097 li
2064 1071 2209 1110 portent
2228 1065 2282 1098 les

420 1132 534 1164 dictes
555 1132 727 1164 citacions
747 1143 839 1176 pour
864 1131 994 1172 seeler,
1022 1143 1066 1163 en
1092 1131 1221 1164 faisant
1248 1130 1484 1164 dcshonneur
1509 1133 1527 1164 a
1552 1137 1651 1163 toute
1676 1130 1922 1164 l'Universite.
1947 1131 1983 1164 Si
2007 1131 2192 1176 supplient
2212 1143 2282 1176 que

420 1210 482 1243 par
501 1198 533 1230 la
554 1199 703 1242 majeste
724 1198 844 1243 royale
866 1198 890 1230 li
912 1198 983 1230 soit
1003 1198 1254 1231 estroitement
1279 1197 1492 1231 commande
1514 1209 1584 1242 que
1610 1209 1695 1231 sans
1723 1197 1880 1230 dilacion
1908 1198 2041 1231 desore
2067 1210 2112 1231 en
2132 1204 2238 1232 avant
2256 1197 2282 1231 il

418 1265 516 1297 seele
537 1265 590 1297 les
612 1265 727 1297 dictes
748 1265 922 1297 citacions
948 1271 983 1297 et
1004 1265 1085 1309 puis
1110 1265 1186 1297 sace
1203 1265 1339 1309 justice
1361 1271 1585 1310 prestement
1606 1271 1641 1297 et
1660 1264 1889 1310 condempne
1910 1264 2011 1297 ceulz
2037 1265 2098 1310 qui
2120 1271 2245 1298 seront
2264 1278 2283 1298 a

418 1331 676 1376 condempner,
693 1338 728 1364 ct
748 1344 817 1376 que
838 1331 863 1364 il
884 1343 923 1364 se
943 1331 1107 1364 abstiene
1129 1332 1173 1364 de
1190 1331 1295 1365 telles
1317 1331 1431 1364 laides
1453 1331 1597 1376 paroles
1614 1338 1649 1364 et
1669 1343 1739 1376 que
1760 1331 1785 1364 il
1806 1343 1851 1364 en
1872 1332 1944 1365 soit
1966 1332 2054 1377 puni
2075 1338 2110 1365 et
2131 1331 2282 1374 chastie,

419 1405 454 1431 et
474 1398 565 1430 deue
588 1398 791 1431 correction
812 1398 894 1431 saite
916 1398 960 1430 (16
981 1398 1044 1439 lui,
1068 1405 1103 1431 ct
1123 1399 1340 1431 contrainta
1361 1398 1450 1431 faire
1471 1398 1624 1431 amende
1649 1411 1667 1431 a
1693 1398 1824 1431 ladicte
1848 1399 2070 1440 Universite,
2092 1399 2122 1432 si
2143 1410 2283 1432 comme

419 1465 548 1497 ladicte
569 1466 718 1509 majeste
739 1465 838 1510 royal
859 1471 894 1498 et
914 1477 981 1498 son
1003 1465 1112 1497 noble
1129 1465 1268 1498 conseil
1285 1472 1434 1498 verront
1449 1478 1519 1510 que
1536 1465 1561 1498 il
1578 1477 1658 1498 sera
1678 1478 1695 1498 a
1715 1465 1803 1498 faire
1821 1472 1856 1498 et
1871 1472 1995 1498 saront
2010 1465 2095 1498 bien
2112 1466 2281 1499 ordener.

510 1532 611 1572 Item,
635 1531 821 1576 supplient
840 1543 909 1576 que
930 1531 955 1564 il
977 1544 1021 1564 ne
1042 1544 1133 1565 vous
1155 1532 1268 1577 plaise
1291 1532 1432 1565 donner
1452 1532 1512 1577 foy
1533 1544 1577 1565 ne
1603 1532 1780 1565 audience
1804 1544 1822 1565 a
1849 1544 1986 1565 aucuns
2008 1533 2069 1577 qui
2090 1539 2154 1565 ont
2178 1533 2283 1566 envie

420 1610 464 1630 ou
488 1597 682 1630 mautalant
701 1610 764 1630 sur
784 1598 898 1631 lesdiz
919 1598 1135 1643 suppliantS,
1161 1611 1205 1631 en
1227 1599 1347 1632 disant
1368 1606 1403 1631 et
1424 1611 1468 1631 en
1490 1599 1568 1632 eulz
1590 1599 1786 1639 diffamant,
1810 1611 1899 1644 quar
1921 1599 1946 1631 il
1963 1611 2008 1632 en
2028 1611 2050 1644 y
2073 1611 2091 1632 a
2112 1599 2283 1644 pluseurs

421 1664 464 1696 de
485 1664 577 1696 male
598 1664 791 1697 condicion
817 1671 850 1697 et
872 1665 932 1710 qui
948 1671 1036 1698 vont
1056 1678 1118 1710 par
1139 1666 1215 1698 nuit
1239 1672 1274 1698 et
1293 1672 1527 1699 commettent
1550 1665 1722 1711 pluseurs
1744 1665 1939 1707 maleficas,
1965 1677 2036 1707 car,
2059 1673 2184 1699 nostre
2209 1673 2284 1700 tres

421 1730 597 1763 redoubte
619 1731 804 1776 seigneur,
826 1743 917 1765 vous
941 1735 1046 1765 saves
1068 1744 1137 1777 quc
1160 1739 1236 1765 tout
1257 1732 1289 1765 le
1312 1732 1443 1765 monde
1465 1739 1500 1765 et
1525 1739 1624 1765 toute
1646 1733 1761 1765 sainte
1782 1732 1898 1778 eglise
1925 1739 1980 1766 est
2003 1736 2109 1778 paree
2130 1739 2163 1766 et
2185 1733 2283 1766 enlu-

422 1797 539 1829 minee
563 1797 626 1830 des
650 1797 765 1830 clercs
786 1798 830 1830 de
854 1798 984 1831 ladicte
1008 1799 1225 1839 Universitc,
1254 1806 1287 1832 et
1310 1811 1349 1832 se
1367 1811 1429 1844 par
1449 1806 1623 1832 aventure
1644 1811 1689 1832 en
1705 1812 1726 1844 y
1746 1812 1764 1832 a
1785 1811 1923 1832 aucuns
1939 1799 2136 1845 joynes(?)¹
2159 1806 2195 1833 et
2214 1799 2284 1833 mal

421 1864 589 1905 ordenes,
614 1876 705 1909 pour
727 1876 767 1897 ce
788 1865 881 1898 n'est
899 1865 970 1897 mie
991 1877 1060 1910 que
1084 1865 1195 1898 ledict
1212 1873 1359 1910 prevost
1380 1866 1434 1899 les
1456 1866 1538 1899 doie
1556 1867 1812 1911 emprisonner
1829 1878 1874 1899 ou
1899 1866 2059 1907 detenir3
2083 1878 2172 1911 quar
2192 1878 2285 1912 pour

420 1930 520 1963 ceulz
541 1931 601 1975 qui
623 1938 705 1964 sont
725 1932 780 1964 fos
801 1938 836 1964 et
857 1932 1082 1965 desordenez
1103 1933 1180 1965 sont
1202 1933 1351 1966 mestier
1372 1933 1425 1965 les
1449 1933 1660 1978 privileges,
1680 1940 1714 1966 et
1737 1945 1829 1978 pour
1852 1944 1960 1966 cause
1981 1933 2026 1966 (16
2047 1933 2148 1966 ο6υ1Ζ
2163 1933 2286 1966 furent

421 2003 576 2041 octroys,
595 1998 625 2030 si
647 2009 785 2030 comme
804 1998 829 2030 il
850 2005 976 2043 appert
996 2010 1059 2043 par
1075 1998 1108 2031 le
1129 2006 1286 2032 contenu
1309 1999 1460 2032 d'iceulz
1481 2012 1525 2032 en
1545 2000 1670 2033 saveur
1687 1999 1731 2032 de
1749 1999 1779 2032 la
1801 1999 1974 2033 noblesse
1996 1999 2121 2033 dudict
2141 2000 2282 2042 estude,

421 2070 453 2095 et
475 2063 521 2095 (lu
543 2063 627 2096 bien
647 2064 708 2108 qui
730 2065 806 2097 s'en
824 2065 960 2104 ensuit;
985 2077 1073 2109 quar
1094 2066 1194 2098 ceulz
1215 2066 1276 2111 qui
1301 2073 1384 2099 sont
1404 2078 1510 2111 sages
1534 2073 1569 2099 et
1589 2078 1628 2099 se
1649 2067 1804 2111 gardent
1820 2067 1864 2099 de
1885 2066 1995 2099 faillir
2016 2067 2116 2099 n'ont
2135 2067 2285 2100 mestier

421 2130 544 2162 desdiz
566 2130 763 2175 privileges
785 2138 896 2176 quant
915 2144 933 2164 a
955 2132 1081 2176 prison
1103 2139 1138 2165 et
1158 2133 1352 2166 detencion
1373 2134 1418 2166 de
1438 2133 1538 2166 leurs
1559 2145 1679 2178 corps.

513 2258 588 2281 Areh.
606 2262 659 2282 nat.
673 2259 757 2283 Paris.
772 2260 804 2283 M.
821 2261 850 2283 66
858 2265 879 2289 ²,
892 2265 921 2283 n0
936 2261 974 2284 22.
986 2261 1136 2284 pertinebat
1151 2262 1183 2284 ad
1198 2262 1274 2285 Arch.
1289 2262 1366 2285 Univ.
1385 2262 1422 2291 (Α.
1434 2263 1458 2285 6.
1472 2264 1504 2291 c).
1521 2263 1541 2285 Α
1556 2265 1630 2293 tergo
1648 2261 1746 2293 pagina
1761 2262 1862 2293 repleta
1873 2265 1913 2285 est
1928 2261 2046 2285 articulis
2062 2269 2108 2285 seu
2124 2261 2285 2293 expositione

421 2302 557 2333 cujusdam
574 2303 704 2334 suppositi
719 2304 913 2333 Universitatis,
931 2305 958 2328 in
976 2305 1073 2334 latino;
1091 2306 1136 2329 sed
1152 2307 1284 2337 scriptura
1300 2310 1353 2329 tam
1369 2307 1480 2330 evanida
1496 2310 1543 2335 est,
1561 2310 1590 2330 ut
1604 2307 1664 2330 hinc
1680 2307 1739 2330 inde
1751 2310 1853 2330 tantum
1869 2306 1999 2337 quaedam
2012 2306 2092 2329 verba
2105 2306 2157 2337 legi
2172 2306 2285 2338 possint.

421 2360 449 2363 —-
465 2347 677 2375 instrumentum,
700 2348 755 2371 sine
777 2349 903 2379 temporis
922 2353 989 2379 nota,
1012 2358 1090 2373 manu
1113 2351 1251 2373 recentiori
1267 2360 1279 2372 (ι
1298 2359 1357 2374 vers
1373 2352 1434 2374 1364
1450 2361 1462 2372 n
1483 2351 1647 2374 inscribitur.
1668 2352 1767 2375 Revera
1782 2351 1815 2374 ad
1835 2359 1876 2374 un.
1895 2351 1964 2379 1364,
1982 2351 2091 2374 Januar.
2109 2350 2244 2374 vidiat-tii
2260 2352 2284 2379 9,

420 2391 516 2421 legitur
535 2391 562 2413 in
578 2392 633 2415 Lib.
647 2399 764 2421 procur.
780 2397 841 2417 nat.
857 2394 978 2424 Anqlic„
997 2395 1178 2426 praepositum
1195 2395 1324 2426 quosdam
1339 2395 1447 2419 clericos
1466 2399 1491 2419 et
1506 2395 1648 2427 magistros
1664 2395 1851 2419 Universitatis
1867 2395 1899 2418 ad
1915 2395 2085 2419 Castelletum
2100 2395 2215 2418 duxisse.
2231 2395 2286 2418 Hoc

420 2438 506 2458 tamen
523 2436 676 2466 saepissime
696 2437 782 2460 evenit
800 2438 862 2466 (vid.
876 2441 902 2461 et
921 2438 989 2461 infra
1007 2439 1040 2461 ad
1057 2447 1097 2462 nn.
1115 2440 1185 2468 1371,
1202 2440 1261 2462 Maii
1273 2441 1306 2469 9).
1325 2441 1374 2463 Sed
1389 2440 1453 2463 ibid.
1471 2440 1568 2471 legitur
1582 2443 1719 2472 praeterea
1734 2440 1917 2471 praepositum
1932 2439 2048 2463 noluisse
2064 2447 2191 2463 renovare
2208 2448 2285 2463 suum

418 2479 603 2510 juramentum.
621 2481 652 2503 Et
671 2485 826 2511 procurator
844 2481 870 2504 in
886 2483 936 2505 fine
952 2483 1044 2506 scribit
1059 2492 1064 2506 :
1081 2494 1092 2504 «
1111 2484 1179 2511 Quid
1198 2492 1278 2515 super
1294 2484 1434 2515 sepedictis
1456 2485 1508 2513 fiet,
1526 2485 1593 2508 Deus
1610 2484 1672 2513 scit;
1689 2485 1734 2507 sed
1754 2493 1803 2515 ego
1823 2492 1871 2515 pro
1892 2484 2008 2515 presenti
2028 2484 2121 2515 ignoro
2138 2484 2243 2515 penitus
2263 2492 2283 2507 ι.

420 2523 476 2546 Vid.
496 2525 667 2548 Auctarium
690 2526 818 2549 Chartul.
847 2526 971 2551 Univers.
995 2528 1159 2551 Universitas
1181 2532 1242 2551 tunc
1264 2537 1373 2559 magnos
1394 2529 1498 2552 labores
1521 2529 1654 2557 sustinuit,
1681 2529 1903 2560 praepositusque
1921 2531 1982 2559 post
2006 2531 2059 2551 tres
2080 2531 2182 2552 tantum
2202 2536 2285 2552 annos

420 2568 513 2591 iterum
526 2568 634 2598 juravit.
647 2569 704 2591 Vid.
717 2570 785 2592 infra
799 2570 831 2592 ad
846 2579 887 2593 an.
901 2571 970 2599 1366,
982 2576 1011 2594 n⁰
1027 2573 1096 2595 1327.
1112 2573 1153 2595 Sic
1169 2573 1371 2596 instrumentum
1388 2573 1567 2596 verisimiliter
1582 2574 1615 2596 ad
1628 2577 1731 2605 tempus
1744 2573 1890 2604 praepositi
1902 2573 2030 2596 Johannis
2041 2573 2149 2596 Bernier
2162 2573 2285 2604 pertinet,

420 2615 445 2635 et
458 2612 562 2643 quidem
582 2613 614 2635 ad
636 2621 677 2636 an.
695 2614 832 2637 1364-1366
854 2616 964 2646 Augusti
987 2617 1025 2645 20,
1051 2625 1108 2639 cum
1130 2625 1174 2640 rex
1201 2618 1250 2640 sub
1271 2618 1319 2640 hac
1340 2621 1494 2649 tempestate
1517 2618 1669 2649 praeposito
1691 2618 1848 2649 injunxisset
1873 2625 1999 2641 renovare
2020 2617 2208 2649 juramentum.
2226 2617 2284 2641 Vid.

420 2657 603 2679 documentum
628 2665 748 2688 sequens.
766 2658 800 2681 De
821 2659 938 2682 articulis
954 2660 1139 2684 Universitatis
1163 2665 1253 2685 contra
1272 2662 1454 2694 praepositum
1475 2663 1621 2694 (Hugouem
1636 2662 1755 2692 Aubriot)
1777 2662 1846 2685 infra
1867 2662 1947 2684 etiam
1962 2662 1996 2685 ad
2018 2670 2060 2685 an.
2077 2662 2145 2690 1368,
2162 2662 2223 2685 Dec.
2245 2662 2283 2690 16,

420 2701 516 2730 agitur.
530 2701 580 2724 Sed
593 2705 654 2724 tunc
667 2702 794 2733 temporis
808 2703 853 2734 agi
865 2712 915 2726 non
928 2704 1013 2735 potuit
1024 2705 1055 2727 de
1071 2707 1220 2729 renovando
1233 2706 1392 2739 juramento,
1403 2715 1463 2730 cum
1475 2708 1550 2737 Hugo
1563 2707 1674 2730 Aubriot
1686 2715 1783 2730 annum
1798 2706 1942 2730 secundum
1956 2706 2156 2738 praepositurae
2169 2706 2284 2729 nondum

420 2745 561 2776 attigisset.

514 2860 535 2883 1.
556 2860 620 2883 Tres
634 2860 737 2891 priores
753 2861 867 2891 litterae,
886 2865 1014 2886 vetustate
1031 2863 1072 2886 vel
1087 2864 1196 2893 deletae,
1208 2865 1322 2888 incertae
1336 2869 1405 2889 sunt.
