2488 3386
173 329 267 365 1364]
589 343 634 363 AB
669 342 773 363 ANNO
808 341 938 363 MCCCL
973 342 1103 369 USQUE
1141 343 1187 363 AD
1225 342 1487 364 RENEnicTuM
1522 344 1610 364 xui.
1970 335 2028 366 121

169 415 333 460 insuper,
358 421 389 447 ct
413 415 507 460 quod
531 416 559 447 si
582 415 759 448 audiverit
787 422 844 447 aut
873 415 1021 447 sciverit
1048 415 1201 459 aliquem
1225 416 1443 447 contrarium
1468 416 1654 448 facientem
1683 416 1951 458 bachellarium,
1974 418 2030 450 vel

170 481 292 522 alium,
320 481 411 514 infra
441 488 576 526 septem
607 482 685 514 dies
713 494 730 514 a
759 489 920 526 tempore
949 481 1089 521 notitie,
1112 481 1258 513 domino
1290 482 1462 526 episcopo
1490 489 1550 514 aut
1579 482 1794 515 cancellario
1822 483 2029 524 Parisiensi,

172 549 232 593 qui
262 560 325 593 pro
354 555 516 593 tempore
543 549 662 589 fuerit,
692 548 878 581 revelabit.
906 548 984 590 Que
1012 548 1130 580 omnia
1158 548 1266 580 frater
1287 548 1484 592 Dyonisius
1514 548 1721 582 Foulechat.
1743 548 1968 581 bachalarius
1989 550 2033 582 de

169 615 260 648 Ord.
292 615 490 655 Minorutn,
518 615 709 659 deputatus
737 627 802 659 pro
830 614 998 659 legendis
1029 614 1226 646 Sententiis
1255 626 1348 646 anno
1380 614 1523 646 Domini
1555 614 1747 647 millesimo
1779 616 2032 648 trecentesimo

173 681 399 726 sexagesimo
421 688 560 726 quarto,
579 688 767 726 antequam
787 681 990 714 Sententias
1012 681 1201 725 inciperet,
1220 692 1392 724 expresse
1410 681 1542 724 juravit
1565 681 1600 712 111
1623 693 1727 713 manu
1750 682 1876 725 prefati
1894 682 2033 714 cancel-

168 748 252 781 larii
278 748 386 780 modo
408 754 443 781 et
467 748 578 781 forma
601 748 770 793 superius
791 748 981 780 annotatis.
1006 747 1271 780 Nichilominus
1298 747 1391 779 idem
1414 748 1523 779 frater
1544 748 1754 791 Dyonisius⁷
1780 748 1869 780 sama
1893 748 2034 792 publica

174 815 365 855 referente,
393 815 428 847 in
457 826 523 847 suo
550 815 728 859 principio
751 814 1030 855 Sententiarum,
1056 814 1091 846 in
1114 814 1225 846 scolis
1252 814 1431 846 Minorum
1455 814 1629 853 Parisius,
1654 814 1743 846 dixit
1764 814 1865 858 plura
1887 826 2036 848 erronea

173 888 279 926 atque
306 881 407 922 falsa,
434 893 544 926 super
569 881 701 926 quibus
732 893 796 926 per
816 881 1027 922 nonnullos,
1056 881 1159 913 etiam
1190 893 1319 925 graves
1348 892 1537 925 personaS,
1566 881 1789 913 conscientia
1817 887 1922 925 atque
1939 882 2037 926 jura-

174 955 294 981 mento
322 948 499 992 premisso
521 948 750 993 cogentibus,
778 948 872 993 apud
898 959 965 980 nos
987 947 1127 980 delatus
1149 947 1277 988 extitit,
1299 954 1332 979 et
1361 947 1569 991 querulosis
1590 947 1810 980 clamoribus
1836 955 2037 981 accusatus.

174 1016 248 1048 Nos
269 1021 384 1047 autem
414 1015 450 1047 111
479 1014 611 1047 talibus
636 1014 801 1047 volentes
826 1021 963 1047 mature
991 1014 1203 1059 procedere,
1226 1020 1334 1059 prout
1359 1014 1474 1054 decet,
1504 1014 1793 1046 informationem
1822 1015 1974 1047 fecimus
1996 1015 2039 1048 de

174 1081 346 1127 predictis
367 1094 432 1126 per
457 1081 590 1114 multos
615 1081 839 1114 bachalarios
866 1088 901 1114 et
924 1081 1098 1118 scolares,
1125 1081 1185 1126 qui
1216 1081 1253 1113 in
1281 1081 1377 1113 dicto
1407 1081 1585 1125 principio
1610 1081 1756 1113 fuerunt.
1781 1088 1984 1125 presentes,
2007 1089 2041 1114 et

177 1160 241 1193 per
263 1148 446 1193 proprium
471 1155 683 1192 quaternum
711 1148 796 1180 dicti
828 1148 961 1187 fratris,
988 1147 1024 1179 in
1051 1160 1122 1192 quo
1148 1159 1252 1179 suum
1285 1147 1417 1179 dictum
1448 1147 1664 1191 principium
1694 1147 1912 1189 continetur,
1935 1160 2039 1192 quem

178 1214 285 1247 nobis
306 1221 436 1259 sponte
458 1214 615 1255 tradidit,
642 1215 799 1247 offerens
821 1226 872 1252 se,
901 1221 1066 1258 tanquam
1090 1213 1202 1246 filium
1224 1213 1446 1253 obedientie,
1470 1220 1505 1245 ut
1528 1213 1682 1260 dicebat,
1705 1226 1932 1258 quecumque
1952 1214 2044 1247 male

179 1293 244 1326 per
264 1293 344 1314 eum
367 1281 483 1325 posita
504 1293 687 1321 revocare,
711 1288 903 1313 retractare
925 1287 959 1313 et
980 1281 1097 1313 omnia
1119 1281 1236 1313 facere
1258 1292 1327 1324 que
1349 1280 1419 1312 sibi
1441 1292 1505 1324 per
1526 1291 1593 1312 nos
1614 1280 1904 1324 imponerentur;
1923 1286 1958 1312 et
1976 1279 2044 1312 1100

178 1348 273 1380 idem
296 1348 433 1392 pluries
455 1347 584 1380 obtulit
606 1359 724 1380 coram
748 1347 865 1380 nobis.
885 1347 1119 1380 Postmodum
1137 1347 1271 1379 dictum
1294 1353 1507 1391 quaternum
1527 1358 1591 1379 seu
1615 1346 1831 1391 principium
1850 1347 2045 1391 diligenter

178 1421 215 1447 et
232 1414 368 1460 pluries
385 1415 679 1454 examinavimus,
698 1421 733 1447 et
753 1414 901 1446 insimul
923 1420 958 1446 et
977 1414 1020 1446 ad
1047 1420 1201 1458 partem;
1224 1420 1258 1446 et
1280 1420 1362 1458 post
1383 1413 1588 1446 diuturnam
1611 1413 1878 1446 discussionem
1901 1420 1935 1446 et
1956 1413 2046 1445 mul-

177 1488 233 1514 tas
252 1481 569 1526 congregationes,
589 1487 736 1525 propter
758 1480 866 1513 multa
887 1480 953 1513 alia
971 1487 1138 1525 suspecta
1161 1492 1230 1525 que
1253 1481 1288 1512 in
1312 1480 1408 1512 dicto
1431 1480 1609 1524 principio
1631 1480 1876 1521 continentur,
1894 1480 2045 1524 quedam

179 1548 410 1580 decrevimus
437 1548 513 1580 fore
544 1559 606 1591 per
632 1560 711 1580 eum
741 1547 955 1587 revocanda,
979 1554 1013 1579 et
1043 1547 1187 1579 modum
1221 1547 1297 1579 sive
1325 1547 1472 1579 formam
1506 1547 1754 1579 revocacionis
1782 1558 1846 1579 seu
1879 1553 2048 1579 retracta-

179 1615 298 1657 ι0101115
315 1614 373 1647 (110
394 1614 516 1659 quinta
535 1614 672 1647 decima
693 1614 830 1647 mensis
848 1613 1063 1647 Novembris
1084 1614 1166 1646 anni
1190 1613 1341 1658 predicti
1363 1613 1399 1645 in
1421 1613 1572 1658 quadam
1596 1613 1735 1652 cedula,
1756 1625 1819 1658 per
1838 1625 1904 1646 nos
1922 1625 2047 1645 omnes

180 1681 273 1720 ‚infra
299 1681 456 1726 scriptos
481 1687 642 1714 correcta
663 1687 697 1713 et
724 1681 941 1713 unanimiter
966 1680 1199 1721 concordata3
1223 1680 1356 1712 deinde
1382 1680 1440 1712 die
1469 1679 1646 1720 sabbathi,
1674 1687 1772 1712 sexta
1800 1680 1937 1712 decima
1964 1680 2048 1713 dicti

183 1748 320 1780 mensis
341 1747 569 1788 Novembris,
593 1748 630 1780 in
651 1754 773 1780 nostra
796 1747 1088 1792 congregacione
1109 1747 1203 1792 apud
1226 1748 1394 1780 Sanctum
1416 1747 1649 1786 Maturinum,
1673 1747 1765 1779 dicta
1794 1747 1920 1779 cedula
1949 1747 2049 1791 prius

182 1814 316 1848 relecta
337 1821 371 1847 et
391 1815 520 1847 iterum
542 1814 773 1847 concorditer
793 1814 1000 1859 approbata,
1024 1814 1142 1847 dictus
1162 1814 1271 1846 frater
1293 1814 1490 1858 Dyonisius
1511 1820 1660 1846 vocatus
1681 1820 1715 1846 et
1736 1825 1902 1858 presens,
1920 1813 2048 1846 dictam

184 1881 346 1914 cedulam
375 1881 489 1926 palam
516 1881 685 1914 omnibus
713 1881 803 1926 legit
830 1881 937 1921 clare,
961 1880 1244 1925 intelligibiliter
1272 1887 1307 1913 et
1335 1881 1518 1913 distincte.
1546 1882 1667 1913 Tenor
1687 1892 1773 1912 vero
1802 1880 1897 1913 dicte
1924 1880 2051 1912 cedule

184 1948 266 1981 talis
287 1954 360 1980 erat
385 1960 391 1980 z
417 1963 431 1978 «
457 1948 659 1981 Reverendi
681 1948 844 1993 magistri
866 1947 935 1980 mei
963 1954 995 1980 et
1024 1947 1174 1988 domini,
1200 1947 1283 1992 quia
1304 1947 1422 1992 aliqua
1444 1947 1516 1979 dixi
1539 1947 1574 1979 in
1596 1947 1775 1991 principio
1799 1959 1878 1979 11100
1902 1947 2052 1979 Senten-

186 2015 328 2055 tiarum,
350 2029 364 2044 »
386 2015 482 2048 etc.'.

275 2082 350 2113 Hoc
371 2081 476 2121 facto,
505 2081 653 2125 petitum
676 2081 743 2113 fuit
769 2080 812 2113 ab
839 2080 966 2113 eodem
993 2081 1100 2113 fratre
1130 2080 1317 2125 Dyonisio,
1343 2080 1373 2112 si
1402 2079 1468 2112 hoc
1497 2079 1730 2124 approbabat,
1757 2086 1789 2111 et
1816 2080 1846 2112 si
1874 2091 1917 2112 ex
1944 2079 2053 2111 corde

187 2147 280 2180 dicta
301 2159 377 2187 sua,
402 2154 439 2179 ut
464 2147 500 2179 in
521 2147 614 2179 dicta
635 2147 762 2179 cedula
785 2158 848 2191 per
869 2159 948 2179 euin
971 2146 1061 2179 lecta
1083 2146 1349 2180 continebatur,
1372 2146 1578 2186 revocabat,
1602 2146 1789 2190 respondit
1811 2146 1908 2190 quod
1930 2146 1993 2178 sic.
2011 2166 2054 2169 —

188 2215 334 2254 Iterum,
353 2220 471 2245 utrum
494 2213 693 2245 secundum
717 2213 813 2258 quod
834 2213 983 2246 facultas
1006 2213 1165 2258 predicta
1187 2213 1429 2251 ordinaverat,
1450 2213 1528 2257 ipse
1545 2212 1655 2245 vellet
1675 2212 1733 2244 die
1749 2213 1847 2256 jovis
1865 2219 2052 2256 sequente.

186 2280 328 2313 scilicet
356 2280 527 2313 vicesima
555 2281 667 2324 prima
696 2280 781 2312 dicti
810 2280 948 2312 mensis
976 2279 1205 2320 Novembris,
1240 2280 1276 2311 in
1308 2279 1437 2324 ple[na]
1466 2279 1731 2323 disputatione²
1763 2279 1925 2311 cedulam
1958 2278 2052 2311 illam

188 2347 240 2379 sic
260 2346 397 2391 legere,
417 2353 451 2379 et
471 2346 531 2379 illa
548 2347 641 2379 dicta
663 2346 806 2391 publice
823 2358 1007 2386 revocare,
1025 2358 1064 2379 ac
1082 2347 1186 2379 etiam
1206 2358 1278 2378 11011
1295 2346 1417 2390 legere
1435 2345 1641 2386 lectionem,
1659 2345 1775 2378 donec
1793 2346 1889 2378 istud
1912 2346 2055 2390 penitus

189 2412 426 2457 implevisset.
451 2413 650 2458 Respondit
677 2413 862 2445 humiliter
883 2420 916 2445 et
942 2412 1100 2457 benigne
1122 2413 1218 2457 quod
1240 2412 1397 2444 libenter
1418 2412 1484 2444 ista
1505 2412 1651 2452 faceret,
1674 2412 1778 2444 etiam
1802 2418 1836 2444 et
1856 2413 2002 2456 majora,
2026 2411 2055 2444 si

190 2479 236 2512 ob
266 2479 334 2512 hoc
362 2479 513 2512 facultas
544 2480 764 2520 or[dinaret].
798 2481 938 2519 Postea,
967 2480 1024 2512 die
1050 2479 1147 2523 jovis
1176 2486 1317 2517 statuta,
1348 2479 1383 2510 in
1413 2479 1658 2523 disputatione
1688 2479 1860 2523 predicta,
1883 2479 1919 2510 in
1948 2477 2057 2510 scolis

191 2545 460 2578 Predicatorum
482 2547 654 2583 Parisius,
677 2546 764 2578 hora
786 2558 853 2590 qua
882 2545 1007 2578 debuit
1033 2546 1162 2578 dictam
1190 2545 1352 2578 cedulam
1385 2545 1522 2589 legere,
1546 2556 1615 2584 me,
1637 2544 1852 2577 cancellario
1881 2544 2057 2589 predicto,

192 2612 410 2657 disputante,
434 2619 469 2645 et
498 2613 615 2657 ipsum
644 2613 789 2645 fratrem
816 2613 1027 2657 Dyonisium
1052 2624 1162 2657 super
1182 2612 1249 2644 hoc
1272 2612 1507 2656 requiren[te,
1529 2611 1606 2651 h]ec
1628 2612 1744 2643 faccrc
1767 2611 1971 2655 denegavit,
1994 2610 2058 2642 sed

192 2678 236 2710 de
264 2678 346 2711 sinu
374 2691 441 2711 suo
468 2679 655 2723 quamdam
682 2679 845 2712 cedulam
874 2679 1136 2724 appellacionis
1162 2679 1312 2711 extraxit
1341 2690 1379 2710 ac
1410 2677 1511 2721 legit,
1534 2678 1570 2709 in
1597 2690 1677 2722 qua,
1701 2690 1717 2710 a
1747 2689 1816 2716 me,
1845 2676 2058 2709 cancellario

194 2751 376 2789 presente,
404 2751 438 2777 et
465 2745 609 2778 duobus
630 2745 710 2778 aliis
738 2746 921 2790 magistris
942 2745 1156 2778 absentibus
1184 2744 1391 2790 appellavit,
1414 2751 1448 2776 et
1473 2744 1650 2783 cedulam,
1675 2756 1737 2788 per
1759 2755 1824 2775 nos
1847 2743 2058 2781 ordinatam,

194 2811 420 2852 seLcundum]
449 2813 554 2856 cujus
579 2813 727 2844 formam
755 2824 925 2845 revocare
957 2812 1185 2856 promiserat,
1215 2823 1287 2844 non
1316 2811 1416 2855 legit,
1443 2810 1507 2842 sed
1539 2810 1590 2842 510
1622 2822 1791 2842 revocare
1813 2809 2004 2847 recusavit,
2027 2814 2060 2840 et

195 2883 301 2909 totam
321 2877 454 2909 scolam
477 2877 633 2910 clamore
651 2878 817 2922 replevit,
836 2878 961 2910 dicens
983 2878 1134 2922 insuper
1155 2878 1253 2910 fratri
1276 2876 1455 2920 Hugoni³,
1475 2875 1678 2907 bachalario
1701 2875 1983 2914 Predicatorum,
2001 2873 2060 2917 qui

319 2938 368 2954 *Η
387 2936 479 2958 Char-l.
502 2935 579 2959 Univ.
598 2936 692 2959 Paris.
712 2936 758 2958 ΙΙΙ.
1908 2932 1936 2954 m
