2488 3386
459 353 501 385 54
1032 359 1349 383 CHARTULARIUM
1384 357 1574 380 UNIVERS.
1611 356 1740 378 PAms.
2222 342 2322 379 [1358

457 435 592 468 lectura
614 441 648 468 et
663 435 856 474 auditorio,
879 446 1021 467 necnon
1041 446 1059 466 a
1079 433 1150 466 fine
1172 432 1420 478 principaliter
1440 431 1594 472 intento,
1617 429 1758 463 scilicet
1777 428 1970 473 margarita
1992 428 2158 469 scientie,
2180 427 2322 461 defrau—

458 501 545 534 dari.
569 501 709 544 Quibus
730 501 1009 546 impedimentis,
1033 498 1367 545 perturbationibus
1389 504 1423 530 et
1443 495 1767 541 inquietationibus
1789 494 2009 528 continuatis
2031 499 2067 527 et'
2090 493 2318 535 durantibus,

456 568 565 601 iidem
588 567 834 613 supplicantes
855 567 986 600 dictum
1009 567 1126 599 vicum
1148 566 1209 598 diu
1229 565 1430 598 inhabitare
1451 567 1548 604 [non]
1570 569 1737 607 possunt,
1755 573 1874 606 neque
1894 567 2057 606 possent,
2077 561 2148 594 nisi
2169 573 2234 606 per
2253 573 2320 594 nos

457 641 492 668 et
512 635 555 667 de
582 641 704 667 nostra
725 633 837 679 gratia
864 632 1011 678 speciali
1033 632 1170 665 eisdem
1191 631 1467 676 provideremus
1491 629 1536 662 de
1558 628 1719 662 remedio
1747 634 1967 673 opportunO.
1996 629 2039 660 Et
2065 639 2144 660 cum
2166 627 2203 660 in
2224 627 2320 660 dicto

457 701 535 734 vico
557 701 629 733 sint
655 700 725 733 due
755 699 996 732 extremitates
1023 698 1081 732 vel
1111 699 1240 735 exitus,
1269 697 1329 742 qui
1355 697 1399 729 ad
1425 695 1683 740 impedimenta
1705 701 1740 727 et
1763 694 1891 727 nociva
1912 694 2074 740 predicta
2101 694 2320 727 removenda

456 767 574 800 claudi
596 773 756 811 possent,
780 766 913 798 ibidem
935 772 1056 810 portas
1081 764 1259 803 faciendo,
1282 775 1351 808 que
1377 763 1421 795 de
1443 768 1549 795 nocte
1570 761 1826 794 clauderentur
1848 767 1882 794 et
1903 760 1947 794 de
1969 761 2027 794 die
2052 761 2318 806 apperirentur,

458 840 564 878 prout
590 833 626 865 in
648 832 814 878 pluribus
841 832 921 865 aliis
952 831 1042 864 locis
1067 831 1151 864 ville
1181 829 1398 863 Parisiensis
1426 835 1481 862 est
1509 835 1690 873 repertum
1724 838 1731 860 :
1761 827 1869 860 iidem
1901 827 2066 872 magistri
2098 834 2133 860 et
2159 827 2320 860 scolares

457 899 562 932 nobis
579 899 778 932 humillime
800 898 1060 943 supplicarunt,
1084 897 1253 942 quatinus
1274 896 1318 928 de
1339 895 1548 940 hujusmodi
1565 894 1732 927 clausura
1753 906 1792 927 ac
1813 894 1927 939 portis
1944 894 2119 927 faciendis
2137 893 2181 927 de
2197 900 2321 927 nostra

455 966 568 1011 gratia
597 965 745 1010 speciali
775 971 809 998 et
836 965 985 997 scientia
1011 970 1107 996 certa
1134 963 1368 1008 dignaremur
1396 961 1576 994 licentiam
1606 961 1797 1005 impertiri,
1820 961 1972 993 maxime
2001 972 2081 994 cum
2109 959 2320 1005 hujusmodi

455 1032 633 1065 licentiam
655 1031 860 1072 claudendi,
877 1032 948 1075 jam
971 1030 1032 1062 diu
1054 1036 1120 1070 est,
1151 1029 1354 1062 habuerunt
1374 1040 1391 1061 a
1418 1028 1565 1061 domiuo
1586 1027 1689 1060 fundi
1717 1034 1825 1060 terre.
1858 1028 1932 1061 Nos
1952 1027 2077 1072 igitur,
2105 1026 2166 1072 qui
2196 1026 2320 1060 intima

455 1099 576 1132 cordis
597 1098 786 1131 affectione
811 1097 995 1130 volumus¹
1017 1095 1333 1141 transquilitatem,
1355 1094 1490 1128 bonum
1517 1094 1694 1127 honorem
1721 1100 1755 1127 et
1784 1094 1943 1139 quietem
1969 1093 2100 1127 dilecte
2125 1105 2165 1126 ac
2191 1093 2321 1127 devote

455 1164 527 1197 filie
548 1171 671 1197 nostre
693 1163 946 1196 Universitatis
969 1162 1198 1201 Parisiensis‚
1220 1163 1325 1206 cujus
1346 1161 1440 1194 dicta
1467 1161 1617 1194 facultas
1644 1160 1773 1193 artium
1801 1167 1857 1193 est
1877 1167 2002 1205 quarta
2022 1171 2105 1205 pars
2125 1159 2261 1193 nobilis
2281 1171 2321 1193 ac

460 1237 621 1275 quartum
645 1230 844 1262 membrum
867 1229 1002 1270 nobile,
1029 1228 1341 1261 continuacionem
1374 1228 1461 1261 dicti
1482 1227 1593 1260 studii
1622 1227 1728 1260 etiam
1756 1227 1842 1260 totis
1870 1226 2077 1260 visceribus
2099 1226 2320 1267 affectamus,

454 1297 684 1330 intendentes
706 1296 855 1341 insuper
876 1295 1003 1328 dictam
1026 1295 1241 1336 facultatem,
1265 1306 1334 1339 que
1357 1294 1489 1327 dicitur
1508 1293 1659 1327 facultas
1681 1300 1820 1338 septem
1841 1293 1971 1326 artium
1998 1292 2214 1334 liberalium,
2237 1304 2320 1326 esse

453 1363 737 1403 fundamentum,
760 1362 936 1408 originem
959 1368 992 1395 et
1014 1362 1229 1407 principium
1252 1361 1410 1394 omnium
1434 1360 1582 1394 aliarum
1607 1360 1854 1402 scientiarum,
1877 1366 1912 1393 et
1932 1359 2011 1393 sine
2039 1371 2108 1405 qua
2133 1359 2232 1392 nulla
2251 1359 2318 1393 alia

454 1429 603 1463 scientia
624 1429 748 1462 haberi
769 1435 888 1474 potest
908 1429 1078 1473 perfecte,
1102 1428 1290 1461 commode
1314 1416 1407 1471 ne[c]
1431 1427 1623 1472 complete,
1646 1434 1685 1460 ut
1710 1427 1879 1460 decetero
1901 1426 2079 1471 sepedicti
2099 1426 2264 1471 magistri
2285 1432 2320 1459 et

454 1495 614 1529 scolares
641 1495 842 1536 liberalius,
872 1495 1042 1528 attentius
1073 1501 1107 1527 et
1132 1494 1324 1535 se[cu]rius
1350 1494 1498 1527 studere
1527 1493 1670 1527 valeant
1698 1500 1767 1526 tam
1794 1492 1951 1538 legendo
1982 1504 2086 1538 quam
2122 1492 2318 1534 audiendo,

455 1562 590 1595 eisdem
613 1562 656 1594 de
678 1568 800 1594 nostra
825 1562 938 1606 gratia
967 1561 1128 1606 speciali,
1155 1567 1251 1594 certa
1272 1561 1422 1594 scientia
1443 1567 1478 1594 et
1499 1560 1543 1593 de
1565 1566 1688 1594 nostra
1710 1560 1937 1605 plenitudine
1964 1559 2166 1605 potestatis,
2188 1570 2319 1592 conce-

454 1628 573 1661 dimus
595 1634 629 1661 et.
647 1628 815 1662 volumus
839 1628 934 1672 quod
962 1628 1006 1660 ad
1031 1639 1156 1660 eorum
1187 1634 1222 1661 et
1246 1628 1364 1660 tocius
1391 1627 1461 1661 vici
1491 1627 1723 1660 securitatem
1753 1627 1790 1659 in
1817 1626 1923 1660 dictis
1944 1625 2232 1660 extremitatibus
2252 1637 2318 1659 seu

454 1694 610 1728 exitibus
630 1694 700 1728 vici
720 1694 872 1739 predicti
893 1694 1035 1739 possint
1051 1701 1085 1727 et
1105 1694 1242 1727 eisdem
1259 1693 1365 1727 liceat
1384 1694 1502 1727 facere
1519 1700 1641 1739 portas
1658 1700 1692 1727 et
1708 1693 1908 1735 clausuras,
1927 1704 1996 1738 que
2018 1693 2062 1726 de
2078 1699 2184 1726 nocte
2200 1691 2319 1726 claudi

454 1760 609 1797 debeant
629 1768 664 1794 et
684 1761 836 1806 possint,
860 1767 894 1793 et
910 1767 981 1794 tota
1001 1761 1058 1793 die
1078 1760 1235 1805 apperiri
1256 1772 1319 1805 per
1340 1760 1470 1802 honos,
1492 1760 1677 1806 legitimos
1699 1767 1734 1793 et
1753 1766 1874 1793 certos
1894 1759 2066 1802 custodes
2083 1771 2148 1804 per
2168 1758 2316 1793 eosdem

454 1828 700 1872 supplicantes
730 1827 863 1860 ibidem
891 1827 1093 1872 deputatos,
1128 1827 1253 1860 dantes
1284 1827 1469 1873 preposito
1497 1827 1695 1860 Parisiensi
1722 1827 1884 1872 presenti
1905 1826 2039 1872 pariter
2063 1833 2099 1859 et
2121 1826 2255 1868 futuro,
2277 1837 2317 1859 ac

454 1895 558 1928 etiam
580 1894 844 1927 committentes
864 1900 989 1927 tenore
1014 1894 1237 1939 presentium
1262 1894 1299 1927 in
1324 1894 1513 1935 mandatis,
1536 1906 1679 1927 necnon
1700 1893 1870 1927 omnibus
1891 1893 2027 1927 nostris
2043 1892 2258 1938 justiciariis
2277 1904 2317 1926 ac

454 1960 559 2006 regni
584 1961 699 1993 nostri
719 1967 778 1993 aut
798 1972 921 1993 eorum
943 1960 1019 1993 loca
1044 1960 1252 1994 tenentibus
1278 1960 1511 2006 presentibus
1539 1961 1672 2006 pariter
1699 1967 1735 1993 et
1759 1960 1904 2002 futuris,
1934 1966 1969 1993 et
1998 1971 2123 1993 eorum
2153 1958 2316 2000 cuilibet,
2350 1994 2365 2006 s

455 2033 562 2071 prout
581 2027 624 2059 ad
645 2038 725 2059 eum
750 2026 807 2060 vel
834 2038 897 2059 eos
926 2027 1106 2071 pertinere
1132 2027 1275 2072 poterit,
1298 2028 1466 2072 quatinus
1495 2027 1612 2060 dictos
1634 2027 1829 2072 magistros
1850 2033 1886 2060 et
1910 2025 2070 2060 scolares
2092 2026 2186 2059 dicte
2206 2025 2317 2059 facul-

453 2092 535 2126 tatis
556 2093 681 2125 artium
697 2092 826 2125 saciant
846 2099 880 2125 et
894 2093 1100 2137 permittant
1120 2104 1184 2126 seu
1206 2093 1324 2126 sinant
1345 2100 1380 2126 et
1399 2093 1558 2139 gaudere
1575 2100 1610 2126 et
1627 2093 1677 2126 uti
1698 2093 1846 2138 pacifice
1867 2103 1902 2126 et
1921 2093 2001 2126 sine
2021 2092 2143 2137 aliquo
2164 2091 2317 2137 impedi—

455 2165 574 2191 mento
596 2159 640 2191 de
661 2159 821 2203 presenti
846 2166 968 2192 nostra
989 2159 1102 2204 gratia
1124 2159 1284 2204 speciali.
1307 2161 1386 2193 Non
1407 2160 1638 2193 obstantibus
1660 2159 1941 2205 quibuscunque
1966 2159 2097 2192 litteris
2117 2159 2155 2192 in
2174 2165 2317 2192 contra-

454 2225 546 2257 rium
567 2225 766 2269 impetratis
794 2237 857 2258 seu
884 2226 987 2258 etiam
1011 2226 1261 2270 impetrandis,
1283 2238 1355 2259 non
1376 2226 1593 2260 facientibus
1615 2226 1757 2272 plenam
1780 2233 1815 2259 et
1839 2236 2047 2271 expressam
2074 2226 2118 2258 de
2139 2224 2250 2259 verbo
2271 2225 2315 2259 ad

453 2290 603 2325 verbum
625 2291 668 2323 de
689 2290 896 2335 hujusmodi
918 2292 1029 2336 gratia
1051 2304 1114 2336 per
1131 2304 1197 2325 nos
1219 2293 1356 2325 eisdem
1379 2293 1563 2338 magistris
1585 2299 1620 2326 et
1642 2292 1846 2326 scolaribus
1862 2293 1951 2325 sacta
1973 2298 2008 2325 et
2023 2302 2198 2325 concessa
2214 2303 2314 2324 men-

454 2356 600 2396 tionem.
624 2357 727 2390 Salvo
748 2357 784 2390 in
809 2357 889 2390 aliis
905 2359 987 2402 jure
1011 2365 1136 2391 nostro
1163 2359 1253 2391 etin
1281 2359 1450 2392 omnibus
1477 2359 1641 2404 quolibet
1660 2359 1792 2393 alieno.
1815 2358 1922 2402 Quod
1947 2365 1986 2391 ut
2011 2358 2167 2399 firmum,
2190 2369 2314 2403 perpe-

455 2429 552 2456 tuum
579 2430 613 2456 et
641 2423 769 2456 stabile
799 2431 1005 2468 permaneat
1039 2425 1075 2457 in
1110 2425 1281 2466 futurum,
1320 2432 1483 2459 nostrum
1518 2425 1752 2471 presentibus
1780 2425 1913 2471 apponi
1946 2425 2100 2458 fecimus
2137 2424 2312 2470 sigillum,

453 2490 579 2522 Datum
597 2489 691 2534 apud
705 2490 966 2534 Compendium
982 2502 1074 2523 anno
1092 2491 1235 2524 Domini
1252 2491 1446 2525 millesimo
1459 2493 1564 2526 CCC⁰
1582 2494 1723 2533 LV1110,
1739 2504 1864 2525 mense
1881 2492 2026 2525 Maii.-—
2036 2492 2109 2525 Per
2123 2491 2313 2526 Dominum

450 2556 648 2600 Regentem,
1755 2560 1771 2592 J
1777 2569 1938 2592 ULIANUS.

543 2661 618 2685 Arch.
635 2664 688 2685 nat.
706 2662 789 2685 Paris.
807 2662 847 2685 JJ.
861 2663 899 2691 90,
920 2666 948 2685 n⁰
972 2665 994 2692 5,
1015 2663 1059 2686 sol.
1080 2663 1114 2687 2¹³.
1132 2676 1161 2681 —
1181 2664 1304 2688 Ordonn.
1327 2666 1373 2689 des
1392 2665 1448 2689 rois
1463 2666 1495 2688 de
1507 2665 1624 2694 France,
1641 2666 1687 2694 ΙΙΙ,
1712 2666 1766 2689 237.
1788 2679 1818 2682 -
1837 2666 1884 2689 An.
1902 2666 1970 2694 1362,
1987 2665 2059 2689 ‚lunii
2076 2665 2098 2693 1,
2114 2664 2184 2688 idem
2200 2663 2311 2688 Carolus

449 2705 563 2737 injungit
579 2714 590 2729 a
606 2714 656 2729 aux
672 2707 778 2729 maitres
798 2706 830 2729 de
847 2714 893 2729 nos
911 2715 976 2730 caux
991 2710 1015 2730 et
1034 2708 1121 2736 forets,
1138 2711 1162 2731 et
1181 2716 1213 2731 uu
1231 2711 1324 2732 maitre
1338 2709 1369 2732 de
1390 2712 1462 2732 notre
1484 2711 1550 2733 foret
1569 2710 1600 2733 de
1616 2710 1705 2733 Bierre
1725 2719 1746 2739 υ,
1762 2713 1790 2733 ut
1805 2710 1941 2741 magistris
1957 2713 1982 2734 et
1994 2709 2160 2733 scholaribus
2177 2708 2310 2732 facultatis

449 2750 546 2776 artium
569 2750 676 2777 Parisiis
694 2751 862 2781 praebeant«
883 2751 949 2774 deux
967 2759 1062 2782 arpens
1082 2752 1113 2774 de
1136 2752 1192 2775 bois
1208 2753 1239 2775 de
1258 2752 1338 2776 ludite
1359 2754 1424 2776 soret.
1439 2762 1461 2782 υ,
1479 2754 1513 2776 ad
1535 2754 1582 2777 hoc
1605 2757 1632 2777 ut
1651 2754 1755 2785 possint
1776 2755 1863 2778 vicum
1881 2755 1921 2779 du
1940 2755 2046 2779 Feurre
2065 2757 2140 2777 nocte
2165 2753 2288 2782 claudere
2304 2760 2309 2776 :

450 2803 461 2818 (ι
474 2794 579 2818 Comme
591 2795 619 2826 ja
633 2794 707 2826 pieca
721 2803 742 2818 ›>.
755 2795 860 2824 Sauval.
875 2795 1034 2825 Antiquitas
1049 2796 1081 2819 de
1095 2796 1189 2825 Paris,
1202 2797 1246 2824 ΙΙΙ,
1261 2797 1312 2820 103.

543 2892 564 2915 1.
581 2891 646 2920 Msm
665 2899 675 2915 α
691 2892 851 2915 voluntatem
863 2901 885 2919 υ,
