2488 3386
463 318 484 349 4
1042 324 1360 348 CHARTULARIUM
1394 323 1583 345 UN1VERS.
1621 322 1749 344 PAnts.
2225 305 2323 342 [1351

465 411 565 432 more
582 399 742 440 Francie,
758 399 956 432 indictione
971 404 1107 443 quarta,
1124 398 1260 431 mensis
1276 397 1394 430 Martii
1411 397 1469 429 die
1485 396 1621 441 quinta,
1640 394 1869 440 pontificatus
1886 392 2107 427 sanctissimi
2125 392 2162 424 in
2178 391 2324 426 Christo

466 466 577 511 patris
597 472 632 498 et
652 465 788 498 domini
810 465 924 498 nostri
953 464 1090 497 domini
1116 464 1314 497 Clementis
1338 463 1457 496 divina
1478 461 1703 507 providentia
1724 473 1814 506 pape
1834 460 1925 493 sexti
1946 471 2039 492 anno
2061 470 2171 499 nono,
2197 458 2235 491 in
2255 458 2326 490 mei

467 532 597 565 notarii
627 531 762 577 publici
793 531 1011 575 testiumque
1038 530 1349 575 infrascriptorum
1378 529 1572 574 presentia,
1596 527 1836 572 personaliter
1855 526 2074 559 constitutus
2098 531 2218 558 rector
2239 524 2326 557 Uni-

466 598 648 631 versitatis
674 597 923 632 parisiensis¹.
950 603 985 629 et
1009 596 1133 629 eadem
1159 596 1398 636 Universitas,
1425 595 1468 628 ad
1496 594 1816 639 congregationem
1844 591 2051 638 generalem
2081 591 2125 624 ad
2158 585 2325 624 Sanctum

468 664 698 703 Maturinum,
729 663 816 696 hora
841 663 1081 708 completorii,
1104 669 1142 695 ut
1171 662 1282 695 moris
1311 668 1377 703 est,
1400 668 1484 694 tunc
1505 667 1627 694 vocata
1656 667 1690 693 et
1717 665 1937 705 congregata
1965 669 2075 703 super
2094 658 2185 691 facto
2206 657 2326 690 fratris

468 731 563 763 Petri
585 730 780 771 Bercorii',
802 729 988 762 camerarii
1009 728 1162 762 ecclesie
1183 728 1285 761 beate
1306 728 1418 761 Marie
1444 728 1488 760 de
1509 726 1710 766 Columbis,
1733 725 1969 760 Carnotensis
1991 724 2171 770 dyocesis,
2194 724 2231 757 in
2251 735 2327 757 car-

467 808 549 829 cere
566 796 702 829 domini
723 796 939 829 Parisiensis
956 795 1138 840 episcopi³
1156 795 1309 834 detenti3
1328 801 1362 827 et
1382 795 1418 826 in
1435 794 1558 827 eadem
1576 793 1860 838 congregatione
1882 792 2009 837 petivit
2023 791 2193 824 dominus
2209 796 2328 823 rector

468 863 652 907 predictus
673 874 691 894 a
712 862 884 907 magistro
906 861 1063 894 Roberto
1085 861 1129 893 de
1149 861 1293 902 Villeta,
1315 861 1455 906 regenti
1482 861 1518 892 in
1539 859 1733 905 theologia,
1758 866 1876 892 utrum
1903 858 2088 903 predictus
2108 857 2328 890 camerarius

468 929 583 961 suerat
612 939 700 961 suus
726 927 876 961 scolaris
897 939 962 972 pro
988 927 1058 960 isto
1080 939 1173 959 anno
1200 927 1372 971 presenti.
1400 927 1470 969 Qui
1496 926 1641 971 quidem
1662 925 1836 970 magister
1856 924 2037 958 Robertus
2058 923 2148 956 dixit
2174 930 2209 956 et
2228 934 2328 956 asse-

470 994 539 1026 ruit
565 993 678 1038 palam
706 1000 740 1026 et
767 993 923 1038 publice,
948 993 1146 1038 predictum
1172 992 1404 1025 camerarium
1431 992 1544 1024 fuisse
1572 1003 1636 1037 pro
1664 992 1734 1024 isto
1760 1003 1854 1024 anno
1880 1002 1984 1023 suum
2005 1001 2130 1023 verum
2151 989 2327 1023 scolarem

468 1060 661 1092 ordinarie.
676 1061 776 1092 Tunc
797 1059 983 1104 proposito
1005 1059 1041 1091 in
1063 1058 1324 1091 deliberatione
1345 1070 1409 1103 per
1429 1058 1630 1103 predictum
1648 1058 1832 1090 (lominum
1855 1063 2046 1098 rectorem,
2069 1062 2188 1089 utrum
2209 1055 2329 1089 audita

468 1125 641 1158 relatione
662 1125 814 1170 predicti
834 1125 997 1170 magistri
1018 1124 1179 1165 Roberti,
1206 1131 1240 1157 et
1259 1131 1391 1157 attenta
1412 1124 1561 1169 quadam
1584 1124 1761 1157 sententia
1782 1135 1846 1168 per
1866 1123 2007 1168 aliquos
2027 1123 2221 1168 deputatos
2240 1121 2329 1155 Uni-

466 1192 648 1225 versitatis
677 1192 764 1224 alias
794 1198 918 1225 contra
948 1192 1149 1236 predictum
1180 1191 1414 1225 camerarium
1436 1191 1584 1236 prolata,
1608 1191 1809 1235 predictum
1836 1190 2072 1223 camerarium
2102 1189 2329 1223 Universitas

468 1269 591 1290 verum
617 1258 792 1291 scolarem
819 1256 1017 1303 reputaret3
1050 1265 1085 1291 et
1113 1264 1231 1291 utrum
1254 1258 1406 1302 predicti
1433 1257 1591 1302 deputati
1617 1256 1817 1290 habuerant
1836 1263 2050 1302 potestatem
2075 1256 2119 1289 ad
2149 1255 2330 1289 diffinien-

468 1324 551 1356 dum
576 1336 582 1356 :
611 1331 694 1357 tunc
726 1336 835 1369 super
864 1323 932 1357 hoc
959 1324 1080 1357 habito
1106 1331 1245 1357 maturo
1266 1324 1432 1364 consilio,
1461 1324 1528 1356 fuit
1554 1323 1791 1356 deliberatum
1820 1323 2062 1358 concorditer.
2090 1322 2192 1355 nullo
2217 1322 2330 1355 recla-

468 1396 597 1431 mante,
626 1390 722 1434 quod
748 1390 932 1435 predictus
962 1391 1180 1423 camerarius
1200 1402 1308 1423 verus
1326 1390 1484 1423 scolaris
1506 1397 1593 1423 erat.
1616 1391 1728 1432 Quam
1751 1389 2050 1422 deliberationem
2072 1401 2138 1434 pro
2162 1388 2330 1422 facultate

468 1456 595 1488 artium
618 1456 740 1488 retulit
760 1456 929 1489 dominus
951 1463 1084 1496 rector3
1108 1463 1143 1489 et
1162 1456 1334 1501 magister
1353 1455 1536 1489 Johannes
1558 1455 1647 1488 Delo
1669 1467 1732 1500 pro
1754 1455 1920 1488 facultate
1942 1455 2134 1496 medicine,
2156 1454 2330 1500 magister

469 1523 574 1567 Hugo
600 1522 644 1554 de
669 1521 863 1555 Cathalano
890 1534 954 1566 pro
981 1522 1208 1555 decretorum
1236 1522 1414 1563 facultate,
1447 1529 1482 1554 et
1511 1522 1683 1567 magister
1710 1522 1930 1555 Guillelmus
1960 1522 2130 1563 Munerii,
2157 1521 2328 1567 jacobita,

470 1600 533 1633 pro
562 1588 728 1621 facultate
753 1588 949 1633 theologie,
978 1588 1084 1621 modo
1110 1588 1290 1621 consimili
1318 1588 1531 1629 retulerunt,
1555 1595 1589 1621 et
1614 1588 1810 1633 predictam
1838 1589 2066 1628 sententiam,
2090 1588 2209 1621 minus
2229 1589 2329 1633 juste

469 1654 571 1687 latam
594 1666 657 1699 per
679 1654 860 1699 predictos
882 1654 1085 1699 deputatos,
1108 1654 1268 1687 unanimi
1289 1666 1471 1688 consensu
1493 1662 1766 1699 quassaverunt,
1791 1654 2035 1688 deliberantes
2056 1655 2154 1700 quod
2175 1654 2329 1700 predicti

439 1747 444 1753 .
471 1720 629 1765 deputati
655 1720 787 1753 nullam
813 1720 992 1753 habebant
1017 1727 1242 1765 potestatem,
1271 1721 1340 1753 nisi
1368 1721 1411 1753 ad
1441 1721 1683 1754 referendum.
1711 1722 1762 1754 De
1789 1721 1922 1766 quibus
1949 1721 2118 1754 omnibus
2143 1721 2329 1767 predictus

471 1787 640 1819 dominus
665 1793 783 1819 rector
803 1799 821 1819 a
843 1799 910 1827 me,
933 1787 1072 1820 notario
1097 1787 1254 1831 publico,
1282 1787 1561 1820 instrumentum
1583 1787 1766 1832 publicum
1790 1788 1893 1833 petiit
1917 1788 1995 1821 fieri
2021 1795 2056 1821 et
2075 1787 2217 1821 confici.
2244 1788 2332 1821 Acta

471 1859 556 1886 sunt
575 1852 640 1885 hec
662 1853 835 1893 Parisius,
857 1865 962 1893 anno,
988 1865 1127 1894 mense,
1155 1853 1225 1894 die,
1252 1853 1351 1894 hora,
1380 1853 1473 1893 loco,
1499 1853 1710 1892 indictione,
1738 1854 1947 1899 pontificatu
1973 1854 2159 1899 predictis,
2182 1866 2332 1900 presen-

470 1918 568 1952 tibus
598 1919 766 1952 discretis
794 1919 881 1952 viris
909 1919 1092 1964 magistris
1126 1919 1298 1952 Nicholao
1329 1919 1446 1960 Fabri,
1485 1919 1681 1953 Guillelmo
1718 1921 1884 1962 Comitis,
1915 1921 2112 1954 Guillelmo
2137 1920 2331 1963 Lamberti,
2376 1960 2378 1962 Ι

473 1985 648 2018 Gervasio
675 1985 869 2026 Blondelli,
892 1986 998 2018 Petro
1020 1985 1063 2018 de
1090 1985 1256 2026 Herchis,
1280 1985 1461 2030 Stephano
1488 1986 1650 2027 Postelli,
1673 1986 1815 2019 Matheo
1837 1987 1881 2020 (le
1903 1987 2224 2029 Raimbommara‘,
2250 1999 2331 2021 cum
2364 1970 2369 1973 s

474 2051 596 2084 multis
617 2051 697 2084 aliis
718 2051 761 2084 ad
782 2051 849 2084 hoc
871 2051 1093 2084 sufficienter
1113 2052 1249 2084 vocatis
1271 2058 1306 2084 et
1326 2053 1473 2097 rogatis.

560 2118 603 2149 Et
629 2129 710 2162 ego,
740 2117 959 2150 Guillelmus
989 2118 1178 2162 Poignant,
1206 2118 1361 2150 clericus
1383 2119 1675 2152 Constantiensis
1708 2119 1888 2164 dyocesis,
1917 2120 2090 2165 magister
2117 2120 2154 2153 in
2179 2120 2331 2162 artibus,

473 2183 555 2215 dum
578 2183 695 2215 omnia
723 2183 790 2215 ista
818 2183 947 2216 fierent
976 2190 1011 2216 et
1038 2184 1288 2228 proferrentur
1308 2196 1387 2216 cum
1416 2185 1676 2229 prenominatis
1707 2185 1862 2218 testibus
1892 2197 2045 2230 presens
2072 2186 2220 2219 interfui
2241 2193 2277 2220 et
2295 2187 2333 2220 in

472 2248 561 2281 hanc
578 2249 725 2281 formam
749 2248 928 2293 publicam
947 2249 1071 2294 redegi
1093 2256 1127 2282 et
1148 2262 1253 2282 manu
1270 2261 1347 2282 mea
1365 2251 1509 2295 propria
1527 2251 1671 2295 scripsi,
1689 2251 1869 2296 signoque
1886 2263 1967 2284 meo
1983 2259 2159 2285 consueto
2177 2253 2331 2298 signavi,

474 2315 511 2347 in
532 2314 777 2347 testimonium
800 2315 959 2347 omnium
981 2315 1241 2360 premissorum
1263 2316 1461 2360 requisitus
1483 2323 1517 2349 et
1537 2323 1698 2362 rogatus.

568 2425 702 2456 Originalc
717 2425 743 2448 in
761 2425 837 2449 Arch.
854 2425 976 2449 Univers.
992 2425 1086 2453 Paris.,
1102 2426 1178 2449 theca
1193 2426 1221 2453 V,
1241 2426 1269 2449 B.
1287 2427 1309 2450 1.
1325 2427 1343 2450 1.
1359 2440 1390 2444 -—
1403 2427 1541 2456 Jourdain,
1556 2431 1585 2450 n⁰
1599 2428 1653 2451 635.

568 2535 590 2557 1.
609 2534 729 2557 Julianus
746 2535 777 2557 de
793 2534 884 2558 Muris.
903 2549 934 2552 —
956 2535 976 2558 2.
992 2535 1087 2567 Utique
1103 2535 1171 2559 idem
1185 2536 1326 2566 (Bercheur
1338 2537 1379 2559 vel
1395 2537 1535 2566 Bersuire),
1555 2538 1598 2568 qui
1619 2538 1706 2561 Titum
1726 2538 1837 2567 Livium,
1853 2539 1962 2570 jubente
1976 2540 2103 2569 Johanne,
2120 2541 2246 2565 Franciae
2264 2550 2334 2573 roge,

475 2578 501 2601 in
521 2578 640 2609 linguam
659 2578 787 2602 Gallicum
803 2579 947 2607 transtulit,
963 2583 988 2602 et
1003 2580 1129 2602 nonnulla
1144 2580 1196 2602 alia
1216 2580 1322 2611 reliquit
1341 2581 1496 2604 eruditionis
1512 2585 1688 2605 monumenta.
1705 2582 1769 2606 Vide
1786 2583 1861 2607 Hist.
1878 2583 1931 2607 litt.
1950 2585 1982 2607 de
1999 2584 2028 2608 la
2042 2585 2161 2613 Franco,
2178 2586 2263 2614 xxw,
2281 2586 2336 2610 173.

475 2622 580 2652 Deflete,
598 2623 662 2647 Cab.
681 2624 727 2647 des
744 2629 818 2652 mss„
838 2623 857 2650 1,
877 2623 916 2646 16.
932 2623 1024 2646 Paulin
1039 2623 1122 2652 Paris,
1138 2625 1190 2648 Les
1209 2625 1381 2649 manuscrits
1394 2626 1522 2655 franpois
1537 2627 1569 2649 de
1584 2626 1612 2650 la
1630 2626 1822 2657 Bibliotheque
1837 2628 1878 2651 du
1892 2628 1943 2656 roi,
1962 2628 1980 2656 1,
1997 2636 2024 2659 p.
2041 2629 2070 2651 32
2087 2632 2112 2652 et
2131 2637 2166 2657 s.;
2188 2630 2221 2658 11,
2243 2638 2271 2661 p.
2291 2631 2337 2654 285

474 2669 500 2689 et
517 2674 553 2694 s.;
570 2667 599 2695 V,
617 2675 644 2697 p.
662 2667 707 2690 417
723 2670 748 2690 et
765 2675 785 2689 s.
804 2667 832 2690 L.
850 2667 970 2697 Pannier,
982 2668 1054 2692 Bibl.
1073 2669 1105 2692 de
1121 2663 1185 2692 l‘Ec.
1200 2670 1246 2693 des
1265 2669 1388 2698 Chartes,
1403 2672 1423 2693 t.
1441 2670 1552 2698 XXXIII,
1569 2671 1613 2693 325
1626 2673 1651 2693 et
1665 2678 1686 2694 s.
1703 2671 1766 2694 -3.
1785 2671 1923 2695 Translate
1941 2672 2075 2703 Audoyno.
2095 2673 2176 2704 episc.
2193 2674 2287 2703 Parin„
2303 2675 2337 2698 ad

475 2710 565 2734 sedem
579 2710 722 2734 Autissiod.
736 2712 770 2740 (ν.
788 2711 924 2740 Chartul„
940 2712 972 2739 11,
989 2712 1044 2741 602,
1058 2715 1111 2735 not.
1129 2712 1160 2742 1),
1177 2712 1269 2735 Petrus
1287 2713 1318 2736 de
1330 2713 1447 2744 Foresta,
1463 2714 1544 2744 episc.
1569 2714 1725 2738 Tornacens.
1741 2715 1783 2744 (ab
1799 2723 1841 2739 an.
1857 2716 1926 2743 1349,
1941 2716 1996 2739 Jul.
2012 2717 2061 2746 24),
2075 2725 2118 2741 an.
2134 2718 2204 2747 1350,
2215 2718 2337 2742 Decemb-

476 2756 513 2783 20,
526 2755 555 2778 fit
565 2754 645 2785 episc.
662 2754 746 2778 Paris.
763 2755 835 2786 (Reg.
852 2755 932 2778 Clem.
949 2756 991 2784 VI,
1007 2760 1036 2778 n⁰
1051 2756 1104 2785 199,
1122 2757 1165 2779 sol.
1179 2757 1202 2786 9,
1215 2764 1255 2787 ep.
1269 2757 1316 2786 17),
1332 2765 1374 2780 an.
1387 2757 1456 2786 1352,
1469 2757 1544 2781 Febr.
1557 2758 1579 2787 8,
1591 2759 1736 2782 translatus
1751 2759 1785 2782 ad
1800 2760 1887 2783 sedem
1901 2761 2037 2792 Rotomag.
2054 2761 2137 2791 (ihid.‚
2151 2768 2179 2784 n⁰
2189 2763 2244 2795 207,
2259 2763 2276 2787 f.
2287 2764 2336 2793 58),

476 2806 518 2822 nu.
532 2798 601 2827 1356,
620 2798 741 2822 Decemb.
756 2799 794 2828 23,
808 2799 879 2822 card.
893 2799 938 2822 XII
952 2800 1132 2830 apostolorum
1149 2800 1307 2830 (Contelori),
1320 2801 1436 2832 obiitque
1450 2802 1540 2825 eadem
1555 2802 1596 2825 die
1610 2811 1661 2834 qua
1678 2803 1834 2826 Guillelmus
1848 2804 1987 2834 Furinerii,
2004 2805 2060 2828 scil.
2079 2813 2120 2828 an.
2141 2805 2210 2835 1361,
2223 2807 2295 2830 ,lunii
2308 2808 2337 2831 27

477 2842 572 2872 (ibid.).
588 2843 647 2866 Fuit
659 2843 737 2866 etiam
751 2842 922 2866 cancellarius
939 2843 1073 2867 Franciae.
1090 2858 1117 2862 —
1131 2845 1154 2868 [ι.
1168 2844 1218 2872 Qui
1230 2844 1285 2875 jam
1300 2845 1326 2867 in
1344 2846 1484 2875 Chartul„
1500 2846 1532 2875 II,
1547 2854 1574 2877 p.
1588 2848 1634 2870 606
1646 2850 1672 2870 et
1685 2848 1740 2870 638.
