2488 3386
436 317 498 350 502
1011 323 1332 345 CHARTULARIUM
1365 322 1553 344 umvnns.
1592 322 1721 344 PARIS.
2198 309 2295 346 [1387

522 400 594 425 Item
610 399 736 425 Johanni
752 399 832 427 Rose,
847 399 913 424 cler.
929 399 1061 424 Remens.
1076 398 1150 423 dioc.

521 449 594 474 Item
610 447 735 473 Johanni
752 447 877 476 Martini,
894 447 960 473 cler.
978 447 1138 472 Turonens.
1155 446 1228 472 dioc.

521 498 594 523 Item
609 496 737 522 Johanni
750 496 874 525 Gonnel.
890 496 957 521 cler.
972 495 1140 521 Carnotens.
1157 495 1231 521 dioc.

520 546 593 571 Item
609 544 735 571 Johanni
755 545 790 570 de
808 545 907 572 Ponte.
925 544 991 570 cler.
1011 543 1218 572 Cameracensi.
1236 543 1348 569 bedello
1365 543 1544 569 nunciorum
1563 543 1761 569 Universitatis
1777 543 1862 569 Paris.
1878 550 1930 576 pro
1943 550 2026 568 causa
2044 542 2113 568 fidei
2131 543 2168 568 ad
2187 543 2296 569 Roma—

432 602 503 621 nam
518 594 630 620 curiam
645 593 869 620 destinatorum.
1926 590 1929 592 ’

521 643 594 669 Item
609 642 770 668 Bertrando
784 642 820 668 de
833 641 932 671 Dri³ic,
951 642 1017 668 cler.
1035 642 1199 667 Trecorens.
1216 641 1290 667 dioc.

521 692 595 717 Item
608 691 771 717 Guillermo
784 691 960 724 Copegorge.
977 691 1044 716 cler.
1061 690 1212 716 Nanetens.
1229 689 1302 716 dioc.

521 741 595 766 Item
608 740 735 766 Johanni
750 740 775 766 le
792 740 951 767 Guiehous.
966 739 1060 773 presb.
1078 739 1219 764 Briocens.
1236 739 1310 764 dioc.

521 790 595 816 Item
608 789 699 815 Yvoni
715 789 819 822 Magni,
837 788 903 814 cler.
922 788 1085 814 Trecorens.
1099 787 1173 813 dioc.

519 839 592 865 Item
607 838 734 864 Johanni
750 838 888 864 Lucdore.
901 837 967 863 cler.
983 837 1163 864 Tornacensi.
1181 844 1257 869 mag.
1271 836 1301 862 in
1314 838 1368 862 art.
1383 838 1412 863 et
1423 837 1499 862 stud.
1515 837 1545 862 in
1558 837 1625 870 jure
1635 845 1697 862 can.
1716 837 1745 862 in
1756 836 1842 862 tertio
1856 844 1903 862 an.
1918 836 2075 862 auditionis
2089 844 2139 863 sue
2151 836 2293 864 existenti.

520 888 593 913 Item
608 887 735 913 Johanni
750 886 876 915 Jolineti,
894 886 986 919 presb.
1005 885 1231 911 Autisiodorens.
1249 885 1323 911 dioc.
1343 885 1388 919 [de
1401 893 1463 911 can.
1479 885 1546 911 eccl.
1564 884 1750 920 Nivernens.].

2080 920 2134 955 [24]

522 1002 598 1034 Fiat
617 1013 681 1046 pro
703 1000 883 1033 omnihus,
912 1000 955 1032 G.
982 1020 1026 1024 »-
1052 1001 1095 1032 Et
1116 1000 1213 1044 quod
1240 1006 1398 1032 transeat
1418 999 1496 1032 sine
1517 999 1585 1032 alia
1605 999 1774 1032 lectione.
1800 1020 1843 1025 —
1871 1000 1957 1032 Fiat.
1981 1000 2024 1032 G.
2047 1020 2091 1023 —
2112 1001 2154 1034 Et
2174 1000 2295 1034 remit-

431 1075 526 1102 tatur
546 1079 693 1101 examen
714 1067 755 1099 ad
779 1073 911 1111 partes.
933 1087 977 1090 —
998 1067 1124 1099 Datum
1143 1066 1323 1099 Avinione
1344 1066 1470 1111 quinto
1492 1066 1540 1098 id.
1563 1066 1662 1107 Julii,
1685 1078 1778 1099 anno
1801 1067 1952 1100 decimo.

524 1165 586 1196 Reg.
603 1165 659 1187 Vnt.
677 1164 796 1195 Supplic.
813 1163 954 1187 Clementis
968 1164 1022 1193 Vll,
1039 1172 1080 1187 an.
1095 1164 1124 1186 10
1140 1165 1177 1193 (n⁰
1194 1165 1242 1193 69),
1260 1164 1304 1187 sol.
1318 1164 1372 1187 158.

524 1250 546 1272 1.
562 1250 630 1272 Haec
647 1248 767 1278 sor-muln,
783 1248 809 1271 in
823 1248 992 1279 sequentibus
1009 1256 1023 1271 a
1039 1248 1114 1272 nobis
1133 1249 1240 1277 omissa,
1255 1251 1314 1272 ante
1331 1249 1384 1272 sere
1400 1249 1544 1280 quemlibet
1555 1249 1692 1280 repetitur.
1711 1263 1738 1267 -
1757 1250 1779 1273 2.
1793 1249 1862 1273 Petri
1878 1249 1978 1277 Amelii,
1995 1249 2026 1275 de
2041 1257 2092 1281 quo
2108 1249 2223 1280 saepius.

434 1411 574 1448 1564.
597 1422 698 1447 Petrus
714 1421 749 1447 de
761 1421 886 1447 Ailliaco
904 1422 932 1447 in
948 1422 1029 1447 curia
1045 1422 1122 1447 Rom.
1141 1425 1267 1454 enarrat,
1286 1430 1344 1456 qua
1360 1430 1397 1447 ex
1410 1430 1501 1447 causa
1516 1425 1543 1447 et
1559 1421 1698 1457 quomodo
1719 1421 1893 1447 Universilas
1908 1421 2002 1448 Paris.
2021 1425 2120 1446 contra
2138 1421 2294 1447 Iohannem

518 1469 552 1495 de
569 1471 731 1496 Montesono
746 1471 928 1506 processerit7
949 1474 975 1496 et
992 1470 1062 1506 quid
1077 1470 1170 1495 dictus
1186 1472 1280 1504 frater
1295 1471 1392 1504 egerit.

1634 1507 1712 1535 1388.
1726 1506 1863 1535 Maii-dum,
1879 1506 2008 1533 Arenione.

518 1590 634 1622 Prima
650 1590 782 1622 veritas
804 1597 871 1631 est,
891 1590 987 1634 quod
1009 1602 1102 1622 anno
1125 1590 1269 1622 Domini
1291 1591 1341 1622 Μ’)
1353 1591 1458 1624 CCC⁰
1476 1590 1702 1635 octogesimo
1724 1590 1891 1635 septimo,
1914 1596 1995 1622 ante
2017 1602 2176 1623 mensem
2194 1589 2294 1632 Julii,

427 1656 549 1689 dictus
576 1656 618 1688 fr.
645 1656 828 1689 Johannes
849 1657 885 1689 in
907 1657 1018 1689 scolis
1039 1657 1118 1689 frat.
1141 1657 1410 1690 Predicatorum
1434 1657 1594 1690 Parisius
1615 1656 1760 1702 publice
1782 1657 2035 1702 dogmatisavit
2063 1658 2103 1690 14
2128 1657 2295 1703 proposi-

430 1723 549 1755 tiones
578 1722 697 1764 salsas,
728 1735 899 1756 erroneas
930 1730 964 1756 et
992 1723 1186 1768 plurimum
1213 1723 1464 1764 scandalosas;
1496 1735 1646 1768 quarum
1678 1723 1838 1768 quinque
1866 1724 1989 1768 posuit
2014 1724 2050 1756 in
2076 1724 2154 1757 suis
2181 1735 2295 1769 vespe-

431 1789 513 1830 riis,
532 1796 639 1834 prout
659 1790 771 1834 patuit
787 1801 829 1822 ex
851 1790 959 1823 certis
980 1790 1122 1822 cedulis
1144 1802 1208 1834 per
1225 1802 1305 1822 eum
1327 1790 1526 1831 confessis3
1545 1790 1632 1823 alias
1648 1802 1735 1823 vero
1757 1802 1885 1823 novem
1908 1791 2029 1835 posuit
2049 1790 2085 1823 in
2103 1791 2294 1835 questione

431 1856 475 1888 de
496 1862 686 1900 resumpta,
715 1857 808 1889 sicut
837 1857 949 1901 patuit
979 1869 1021 1889 ex
1053 1863 1229 1902 quaterno
1252 1869 1318 1889 suo
1340 1857 1486 1902 propria
1516 1869 1622 1889 manu
1651 1857 1801 1902 scripto.
1831 1859 1875 1890 Et
1904 1856 2039 1890 ibidem
2069 1857 2178 1890 multa
2210 1864 2294 1891 tunc

430 1929 641 1967 arroganter
657 1923 826 1964 asseruit,
845 1923 1025 1956 affirmans
1046 1924 1151 1956 etiam
1174 1923 1271 1968 quod
1288 1923 1348 1956 illa
1365 1923 1507 1956 dicebat
1529 1936 1571 1956 ex
1591 1924 1767 1968 injuncto,
1786 1935 1852 1956 nec
1873 1924 1952 1956 sine
1973 1936 2103 1969 magno
2124 1924 2294 1966 consilio,

427 1996 466 2022 et
485 1989 581 2034 quod
603 1990 633 2022 si
654 1989 776 2029 vellet,
800 1990 903 2023 etiam
926 1990 1036 2023 silere
1057 2002 1129 2023 non
1151 1991 1308 2035 posset¹.

518 2057 553 2088 2³
574 2062 641 2096 est,
664 2056 761 2100 quod
782 2056 962 2089 celebrata
993 2057 1223 2101 postmodum
1245 2057 1537 2102 congregacione
1569 2057 1748 2102 solempni
1781 2058 1940 2090 omnium
1972 2058 2226 2104 magistrorum
2257 2058 2294 2091 in

429 2121 613 2167 theologia
634 2123 807 2163 Parisius7
834 2124 928 2156 inter
956 2135 1048 2168 quos
1069 2113 1179 2156 frater
1199 2124 1267 2156 iste
1290 2135 1443 2168 presens
1464 2124 1576 2165 affuit,
1604 2136 1682 2157 cum
1706 2124 1910 2169 theologice
1935 2125 2114 2158 facultatis
2136 2124 2295 2158 decanus

429 2189 588 2233 cepisset
609 2189 779 2233 quasdam
803 2191 883 2234 ejus
914 2190 1205 2235 proposiciones,
1227 2190 1296 2223 sibi
1325 2190 1483 2223 fideliter
1503 2203 1567 2235 per
1588 2191 1800 2224 scolasticos
1824 2191 1895 2236 (qui
1922 2203 1964 2224 ex
1985 2192 2121 2224 eisdem
2145 2191 2295 2225 scanda-

430 2254 525 2287 lizati
555 2255 706 2299 fuerant)
735 2256 869 2300 scripto
892 2263 996 2289 tenus
1018 2256 1196 2289 exhibitas
1217 2257 1382 2297 recitare,
1409 2257 1467 2290 vix
1498 2269 1629 2302 paucas
1657 2264 1896 2302 expresserat,
1919 2270 1998 2290 cum
2028 2258 2146 2291 dictus
2171 2258 2294 2300 frater,

432 2322 491 2365 qui
516 2322 675 2354 nundum
698 2323 814 2355 suerat
835 2323 1054 2363 nominatus,
1077 2324 1133 2356 sui
1159 2324 1358 2368 impaciens
1380 2336 1445 2356 nec
1472 2323 1565 2357 bene
1587 2324 1656 2357 sibi
1678 2324 1872 2369 imperans,
1892 2336 1930 2357 se
1951 2324 1994 2357 ad
2016 2325 2293 2370 responsionem

432 2387 575 2428 obtulit7
603 2388 728 2421 dicens
750 2389 846 2433 quod
868 2401 940 2421 non
962 2389 1152 2434 oportebat
1173 2402 1252 2422 eum
1280 2390 1407 2431 silere3
1432 2397 1466 2423 et
1486 2391 1582 2435 quod
1604 2391 1672 2423 iste
1694 2390 1949 2423 conclusiones
1971 2390 2014 2423 ab
2036 2403 2078 2423 eo
2104 2403 2295 2436 processe-

433 2460 523 2494 rant.
546 2454 716 2498 ipsasque
738 2466 853 2499 usque
875 2455 918 2488 ad
944 2463 1094 2489 mortem
1120 2457 1329 2492 sustineret.
1353 2457 1483 2489 iterum
1506 2464 1687 2502 repetens,
1707 2469 1767 2490 eas
1793 2469 1865 2490 non
1887 2457 1965 2490 sine
1986 2469 2117 2503 magno
2138 2458 2294 2492 consilio

434 2520 615 2564 posuisse.

522 2587 557 2618 3³
578 2593 645 2627 est7
670 2587 767 2631 quod
788 2589 830 2620 ad
851 2589 1068 2621 visitandum
1092 2590 1292 2634 predictum
1320 2597 1533 2635 quaternum
1561 2592 1639 2635 ejus
1670 2591 1814 2635 propria
1840 2603 1946 2623 manu
1974 2591 2161 2636 scriptum.
2190 2598 2224 2624 et
2251 2603 2294 2625 ex

433 2652 667 2685 ordinacione
690 2653 783 2686 dicte
800 2655 977 2688 facultatis
994 2668 1058 2700 per
1075 2668 1154 2688 eum
1174 2656 1387 2697 exhibitum,
1406 2657 1565 2702 deputati
1585 2658 1732 2690 fuerunt
1753 2669 1815 2690 sex
1836 2658 2012 2703 magistri,
2035 2665 2108 2691 tres
2129 2658 2294 2703 religiosi

433 2725 469 2751 et
489 2726 561 2751 tres
579 2719 779 2759 seculares3
799 2721 873 2765 qui,
892 2721 973 2754 licet
995 2729 1076 2766 post
1096 2723 1245 2768 longum
1263 2735 1412 2756 examen
1429 2730 1554 2756 essent
1574 2724 1610 2756 in
1628 2724 1800 2768 opinione
1820 2725 2035 2765 concordes,
2052 2732 2171 2758 tamen
2192 2736 2292 2758 suam

434 2784 651 2817 relacionem
683 2798 792 2830 super
821 2786 888 2819 hoc
915 2788 1031 2820 facere
1062 2789 1269 2830 noluerunt,
1293 2790 1363 2822 nisi
1393 2790 1565 2822 darentur
1591 2790 1719 2822 iterum
1748 2790 1807 2823 alii
1839 2803 1902 2824 sex
1932 2803 1974 2824 ex
2003 2798 2101 2836 parte
2129 2791 2292 2836 ejusdem

433 2851 624 2893 facultatis,
653 2852 713 2897 qui
740 2853 869 2885 iterum
892 2866 972 2885 cum
994 2854 1073 2887 aliis
1095 2856 1226 2888 dictum
1251 2863 1464 2901 quaternum
1491 2863 1526 2889 et
1551 2857 1702 2901 quedam
1730 2857 1797 2890 alia
1825 2859 1904 2902 ejus
1930 2858 2061 2903 scripta
2090 2870 2154 2903 per
2174 2859 2292 2903 ipsum
