2488 3386
203 352 298 389 1385]
623 366 668 386 AB
703 365 810 387 ANNo
845 365 978 387 MCCCL
1011 365 1142 393 USQUE
1173 367 1221 387 An
1257 367 1519 388 nes-amorum
1557 368 1644 389 xin.
2002 359 2067 391 :375

287 440 357 474 xxij.
379 440 512 473 Magister
526 439 672 465 Jonxxxx-:s
692 439 863 467 S1Lvrzs‘r1us,
885 439 1022 472 magister
1041 440 1071 464 in
1087 440 1197 465 artibus
1212 442 1236 465 et
1257 441 1437 466 bachalarius
1454 441 1482 466 111
1501 442 1620 467 decretis
1639 442 1764 474 juratus.
1786 445 1852 471 etc..
1875 443 2070 476 interrogatus

199 497 285 522 super
301 489 363 522 xiijo
380 489 513 518 articulo,
527 488 670 522 deposuit,
688 496 790 514 verum
810 496 867 514 0550
881 488 959 521 quod
976 488 1005 513 111
1021 488 1174 514 audicione
1189 491 1324 514 contenta
1341 489 1370 514 in
1391 490 1468 514 dieto
1488 490 1610 515 articulo
1633 490 1753 516 fuerunt
1768 491 1858 516 vocati
1875 491 1922 524 xij,
1939 500 2067 524 quorum

199 537 258 571 ipse
273 538 325 570 qui
346 537 479 571 loquitur
494 537 549 562 fuit
564 545 652 566 unus,
667 537 718 570 qui
741 537 817 562 inter
840 545 867 562 se
889 537 1138 562 concordaverunt
1153 538 1232 570 quod
1254 538 1379 563 facerent
1395 538 1544 563 collectam
1560 546 1653 571 usque
1668 539 1703 564 ad
1717 539 1741 572 vj
1759 539 1879 568 francos,
1897 540 2001 565 scilicet
2016 548 2069 572 pro

199 586 330 619 quolibet
345 586 477 611 medium
494 586 628 611 francum
642 593 695 618 pro
710 586 817 615 labore,
836 593 910 618 pena
925 587 953 611 et
970 586 1118 618 speciebus
1139 586 1366 611 subcancellarii.
1384 586 1415 611 Et
1439 587 1475 611 ita
1493 587 1602 611 sactum
1619 587 1684 615 suit,
1702 595 1761 613 non
1778 589 1876 613 tamen
1892 589 2024 614 interfuit
2038 589 2068 614 in

199 635 354 661 traditione
366 635 441 660 dicte
456 634 594 667 peccunie
617 635 689 660 sacta
705 634 782 660 dicto
797 634 1035 663 subcancellario:
1053 634 1163 660 audivit
1185 636 1284 660 tamen
1300 635 1354 660 dici
1370 643 1385 660 a
1401 635 1482 660 sociis
1495 636 1546 668 qui
1563 635 1677 661 fuerant
1692 636 1818 661 ordinati
1834 637 1867 661 ad
1889 638 2068 669 portandum

198 683 288 709 dietas
303 683 466 716 peccunias.
478 683 558 716 quod
573 683 753 708 tradiderant
765 683 842 708 dicto
856 683 1081 708 subcancellario
1096 683 1119 715 vj
1135 683 1256 708 francos.
1271 684 1469 715 Interrogatus
1483 684 1533 716 qui
1550 684 1668 709 fuerunt
1684 684 1736 717 ipsi
1752 686 1908 717 portantes,
1921 686 2070 718 respondit

198 740 226 758 sc
243 740 302 758 non
318 731 470 758 recordari.
488 732 685 764 Interrogatus
700 732 721 757 si
737 732 795 764 ipsc
811 732 861 765 qui
876 732 1009 765 loquitur
1021 732 1137 757 induxit
1153 732 1222 757 alios
1236 732 1272 757 de
1289 732 1419 757 faciendo
1434 732 1542 757 dictam
1558 733 1719 761 collectam,
1737 734 1886 766 respondit
1901 735 1980 766 quod
1997 734 2069 760 bene

198 781 254 806 fuit
269 781 384 806 locutus
399 781 475 806 inter
490 780 581 806 dictos
593 780 682 806 socios
697 788 772 809 suos,
788 781 868 813 quod
884 781 966 806 fieret
980 781 1055 806 dieta
1071 781 1199 810 collecta,
1216 781 1284 814 quia
1299 781 1450 806 dicebatur
1466 781 1503 806 ita
1521 782 1580 806 fore
1595 783 1783 810 consuetum:
1799 782 1845 807 sed
1863 783 1951 807 nescit
1966 784 2068 808 utrum

198 830 286 855 suerit
301 830 414 863 primus
429 829 472 855 vel
488 829 570 857 alius,
586 837 638 854 nec
654 829 823 854 morabatur
839 831 910 855 tunc
930 837 998 855 curn
1014 829 1091 855 dicto
1108 829 1344 858 subcancellario,
1361 831 1395 855 ut
1417 830 1447 854 in
1469 830 1546 855 dicto
1561 830 1684 855 articulo
1699 831 1881 860 continetur;
1903 831 1950 856 sed
1973 833 2069 864 postca

197 880 371 904 manserunt
385 878 421 904 ad
436 878 570 903 invicem.
595 878 793 910 Interrogatus
817 878 838 903 si
864 878 919 903 fuit
938 878 1050 911 aliquid
1072 878 1176 903 datum
1192 878 1384 903 familiaribus
1398 878 1467 903 dicti
1490 878 1662 907 cancellarii,
1679 879 1827 912 respondit
1843 887 1870 905 se
1891 887 1949 904 non
1973 888 2068 905 recor-

197 927 304 952 dari...

284 975 366 1009 xxiij.
388 976 521 1009 Magister
537 976 701 1002 Summus
717 985 749 1002 Lx
765 976 879 1004 Curre,
897 975 1026 1005 clericus,
1044 975 1175 1001 notarius
1191 975 1325 1008 publicus
1338 976 1476 1008 curieque
1491 976 1653 1001 cancellarii
1673 976 1788 1002 ecclesie
1804 977 1966 1002 Pal-islensis
1979 978 2070 1003 scriba

193 1024 319 1057 juratus,
334 1025 416 1050 etatis
431 1033 485 1050 xxx
500 1033 649 1050 annorum
665 1025 707 1050 x‘el
723 1025 806 1054 circa,
824 1024 994 1057 productus,
1012 1026 1143 1057 receptus
1158 1026 1186 1049 et
1199 1024 1325 1056 juratus,
1342 1024 1525 1049 examinatus
1539 1025 1584 1050 die
1601 1025 1677 1058 xxvja
1688 1025 1757 1050 Julii
1771 1033 1857 1058 super
1872 1026 2069 1058 octuagesimo

197 1073 293 1106 primo
303 1073 437 1102 articulo,
452 1075 517 1103 etc„
529 1074 602 1099 dixit
617 1075 645 1099 et
659 1073 793 1107 deposuit
808 1081 859 1108 per
874 1081 961 1098 suurn
974 1073 1182 1106 juramentum
1198 1072 1353 1105 diligenter
1369 1073 1534 1106 requisitus
1549 1073 1629 1106 quod
1642 1082 1728 1106 super
1745 1074 1822 1099 dicto
1837 1074 1960 1099 articulo
1973 1074 2024 1099 scit
2037 1082 2069 1100 ea

197 1129 255 1155 que
272 1124 420 1151 secuntur,
438 1122 568 1148 videlicet
583 1123 663 1156 quod
678 1122 788 1147 audivit
803 1122 859 1147 dici
877 1122 957 1155 quod
972 1122 1155 1154 predecessor
1169 1129 1239 1147 suus
1254 1122 1284 1146 in
1299 1122 1405 1151 officio,
1420 1122 1551 1147 videlicet
1566 1122 1704 1147 dominus
1720 1122 1884 1155 Stephanus
1906 1123 2068 1153 Boussardi,

195 1171 248 1204 qui
262 1171 355 1196 suerat
370 1171 460 1196 scriba
476 1171 545 1197 dicti
561 1171 732 1200 cancellarii.
748 1171 842 1197 eidem
858 1170 980 1196 domino
993 1170 1163 1196 cancellario
1178 1171 1305 1196 solvebat
1323 1172 1431 1196 certam
1448 1171 1586 1203 peccunie
1601 1171 1808 1204 quantitatem,
1832 1172 1880 1197 sed
1903 1172 1991 1197 nescit
2010 1172 2069 1205 ipse

195 1220 247 1252 qui
263 1219 396 1252 loquitur
410 1227 569 1245 summam.
584 1220 662 1245 Dixit
682 1220 800 1253 insuper
820 1219 879 1252 ipse
898 1219 950 1252 qui
975 1219 1117 1252 loquitur,
1135 1219 1215 1252 quod
1231 1219 1368 1252 magister
1380 1219 1472 1245 Adam
1488 1220 1523 1245 de
1540 1220 1643 1245 Sancto
1659 1220 1792 1245 Amando
1807 1220 1895 1245 etiam
1912 1221 1967 1245 fuit
1983 1222 2067 1246 nota-

195 1268 255 1294 rius
269 1268 358 1301 ipsius
373 1269 544 1298 cancellarii,
559 1271 587 1294 et
607 1269 687 1301 quod
708 1269 815 1302 pluries
837 1268 948 1293 audivit
969 1268 1049 1301 quod
1070 1268 1129 1301 ipse
1143 1268 1282 1294 dominus
1297 1268 1483 1294 cancellarius
1498 1269 1611 1294 volebat
1632 1269 1736 1294 habere
1756 1269 1886 1302 aliquam
1902 1269 2068 1301 portionem

194 1317 231 1342 ab
245 1324 289 1345 eo.
308 1317 356 1343 sed
378 1325 535 1350 nunquam
551 1318 645 1343 dictus
661 1318 797 1350 magister
812 1318 905 1343 Adam
922 1325 985 1343 eam
1003 1317 1115 1343 tradere
1133 1317 1235 1346 voluit,
1253 1319 1281 1343 et
1303 1317 1340 1342 ob
1360 1318 1415 1342 1100
1429 1317 1524 1343 dictus
1539 1318 1725 1343 cancellarius
1740 1318 1836 1350 ipsum
1852 1326 1867 1343 a
1883 1318 1959 1343 dieto
1973 1318 2068 1344 officio

195 1365 364 1391 licenciavit.

283 1415 361 1440 Dixit
375 1415 494 1448 insuper
507 1415 587 1448 quod
603 1415 723 1448 quando
739 1415 797 1448 ipse
810 1415 861 1448 qui
877 1415 1010 1448 loquitur
1026 1415 1133 1448 incepit
1148 1423 1205 1441 esse
1219 1415 1310 1440 scriba
1326 1423 1405 1443 suus.
1421 1415 1493 1440 bene
1506 1415 1575 1440 dixit
1594 1415 1645 1440 sibi
1662 1415 1720 1448 ipse
1735 1415 1932 1445 cancellarius,
1946 1415 1967 1440 si
1984 1416 2067 1441 vellet

195 1463 300 1489 habere
315 1463 446 1489 officium
460 1463 503 1489 sui
519 1464 623 1489 notarii
640 1466 668 1489 et
682 1472 741 1489 esse
756 1464 846 1489 scriba
862 1472 940 1493 suus,
956 1464 1035 1497 quod
1051 1464 1224 1497 opportebat
1239 1464 1319 1497 quod
1335 1464 1393 1497 ipse
1409 1464 1596 1489 cancellarius
1617 1464 1734 1489 liaberet
1751 1466 1779 1489 et
1796 1464 1931 1497 reciperet
1947 1464 2067 1497 aliquod

194 1512 431 1538 emolumentum
447 1520 463 1537 a
475 1512 553 1538 dieto
568 1513 673 1542 officio,
689 1514 717 1538 et
732 1513 852 1538 tandem
865 1514 1066 1538 convenerunt
1082 1513 1161 1546 quod
1178 1520 1264 1546 super
1277 1513 1419 1545 scriptura
1432 1513 1501 1537 dicti
1518 1513 1594 1537 testis
1610 1513 1756 1545 loquentis
1771 1513 1829 1545 ipse
1842 1513 1980 1538 dominus
1995 1521 2065 1538 ean-

193 1561 324 1587 cellarius
339 1561 457 1587 haberet
473 1561 510 1594 xij
528 1562 639 1587 francos
655 1562 718 1587 auri
734 1562 865 1594 quolibet
888 1569 976 1590 anno,
998 1570 1050 1587 nec
1073 1562 1138 1594 plus
1154 1562 1221 1587 inde
1236 1562 1297 1587 scit.
1315 1562 1513 1594 Interrogatus
1528 1570 1588 1594 quo
1602 1563 1732 1594 tempore
1748 1562 1855 1594 incepit
1872 1562 1984 1587 dictum
1999 1562 2065 1587 ossi-

192 1609 272 1636 cium
287 1617 441 1639 excercere,
456 1610 528 1636 dixit
541 1610 621 1643 quod
636 1610 726 1636 credit
739 1611 820 1643 quod
833 1611 869 1635 sit
884 1611 965 1643 quasi
980 1618 1085 1635 annus.
1104 1611 1302 1643 Interrogatus
1315 1611 1350 1636 de
1366 1610 1548 1643 presentibus
1563 1611 1592 1635 in
1612 1611 1766 1643 premissis,
1783 1611 1855 1636 dixit
1871 1611 1950 1643 quod
1967 1611 2067 1636 nullus

193 1659 249 1684 fuit
264 1666 389 1692 presens.
406 1659 604 1692 Interrogatus
620 1659 640 1684 si
656 1659 767 1692 aliquid
783 1659 866 1685 solvit
887 1659 923 1684 de
937 1659 1013 1685 dicta
1030 1659 1231 1692 promissione,
1254 1660 1327 1685 (lixit
1349 1660 1429 1692 quod
1453 1659 1542 1684 nichil
1565 1659 1647 1685 solvit
1671 1667 1721 1685 nec
1737 1659 1848 1692 aliquid
1868 1659 1994 1692 petitum
2011 1660 2067 1685 suit

192 1707 228 1733 ab
243 1715 286 1733 eo.
303 1708 399 1733 Postea
415 1708 610 1740 interrogatus
624 1716 639 1733 a
655 1708 763 1741 quibus
776 1708 903 1741 predicta
917 1708 1028 1733 audivit
1041 1708 1107 1737 (1101,
1123 1717 1180 1741 que
1195 1709 1329 1741 deposuit
1344 1708 1494 1737 audivisse,
1508 1709 1581 1733 (lixit
1596 1717 1646 1741 per
1662 1717 1748 1733 suum
1763 1709 1969 1741 juramentum
1986 1709 2066 1741 quod

192 1764 208 1782 a
222 1756 300 1782 dicto
313 1757 452 1789 magistro
469 1757 626 1790 Stephano,
643 1758 672 1782 et
687 1765 702 1782 a
717 1757 795 1782 dicto
810 1757 949 1790 magistro
962 1757 1100 1782 Adanu..

280 1805 374 1839 xxiiij.
396 1806 529 1838 Magister
543 1806 688 1831 Jonxxxes
701 1806 850 1835 VALm'rls,
868 1806 1005 1838 magister
1018 1806 1048 1831 in
1062 1806 1173 1832 artibus
1185 1806 1254 1832 alias
1266 1806 1382 1839 juratus
1397 1808 1426 1832 et
1440 1806 1668 1831 examinatus...

280 1861 346 1880 xxv.
369 1854 501 1887 Magister
516 1855 659 1880 Rxmnnus
675 1856 839 1883 Rocssmix.
854 1855 922 1889 alias
932 1855 1058 1888 juratus,
1073 1855 1255 1880 examinatus
1270 1863 1357 1888 super
1371 1855 1560 1888 infrascriptis
1575 1855 1749 1880 articulis....

281 1903 359 1936 xxvj.
381 1903 513 1936 Magister
528 1904 673 1929 JouANMiS
689 1912 724 1929 m:
742 1904 884 1933 Moanu,
897 1903 1025 1937 juratus,
1041 1906 1108 1933 etc.‚
1126 1905 1309 1929 examinatus
1314 1924 1367 1929 .....

282 1952 355 1977 Item
370 1959 456 1984 super
471 1952 511 1976 lx⁰
524 1953 646 1978 articulo
661 1952 804 1985 deposuit,
820 1961 922 1978 xerum
943 1961 1000 1978 esse
1022 1953 1103 1986 quod
1125 1953 1155 1978 in
1180 1953 1343 1980 audicione,
1366 1953 1397 1978 in
1419 1960 1477 1986 qua
1502 1953 1561 1985 ipse
1586 1953 1641 1978 fuit
1666 1952 1841 1981 licenciatus,
1866 1953 1987 1978 fuerunt
2006 1952 2066 1977 (lati

193 2000 259 2033 iiijm·
273 2000 362 2026 franci
378 2001 603 2026 subcancellario
619 2009 634 2026 a
650 2001 818 2027 baehalariis
834 2002 911 2027 illius
925 2001 1085 2027 audicionis
1100 2010 1151 2035 per
1165 2010 1270 2027 manus
1285 2002 1374 2034 ipsius
1395 2002 1446 2035 qui
1470 2002 1602 2034 loquitur
1624 2002 1684 2027 aliis
1706 2002 1786 2027 sociis
1806 2002 1863 2026 suis
1884 2001 2066 2034 presentibus

192 2049 223 2074 111
245 2049 307 2075 vieo
322 2049 417 2074 Clausi
440 2050 569 2075 Brunelli
591 2050 622 2075 in
643 2050 741 2078 domo.
767 2050 817 2075 ubi
840 2052 910 2076 tunc
934 2050 1103 2076 morabatur
1118 2051 1212 2076 (lictus
1230 2051 1485 2076 vicecancellarius.
1503 2051 1538 2075 ad
1559 2059 1647 2083 quem
1669 2058 1771 2076 omnes
1794 2051 1974 2076 accesserunt
1997 2058 2064 2075 cum

192 2098 314 2131 capis...

280 2146 370 2181 xxvij.
392 2147 526 2179 Magister
538 2147 691 2173 Aaxxnncs
707 2156 743 2172 nr:
759 2147 937 2182 'siixsr:[c]⁷ro.
955 2148 1092 2180 magister
1110 2149 1141 2173 in
1156 2148 1276 2176 artibus.
1295 2149 1478 2174 examinatus
1502 2157 1588 2182 super
1610 2149 1679 2181 xxiij
1695 2148 1827 2176 articulo,
1844 2147 2065 2180 precedentibus

191 2196 303 2222 omissis
319 2196 355 2221 de
372 2196 521 2221 voluntate
538 2196 775 2229 producentium,
794 2205 845 2222 suo
857 2197 1028 2230 juramento
1043 2197 1187 2230 deposuit,
1206 2205 1307 2222 verum
1325 2206 1382 2223 esse
1398 2198 1478 2230 quod
1495 2198 1524 2223 in
1543 2198 1626 2223 tercia
1642 2197 1794 2222 audicione
1808 2197 1905 2229 quarti
1920 2196 1989 2221 anni
2006 2196 2065 2229 ipse

192 2245 245 2277 qui
267 2245 400 2278 loquitur
421 2246 449 2270 et
470 2245 517 2270 alii
540 2253 633 2278 usque
652 2245 687 2270 ad
711 2254 871 2271 numerum
897 2246 947 2271 xxsl
969 2246 1202 2271 bachalariorum
1220 2247 1341 2272 suerunt
1360 2247 1450 2272 vocati
1466 2247 1501 2272 ad
1524 2247 1684 2275 licenciam.
1702 2248 1729 2271 et
1748 2246 1807 2279 ipse
1822 2246 1873 2278 qui
1889 2245 2022 2278 loquitur
2037 2246 2065 2270 et

192 2293 313 2327 quidam
328 2294 386 2322 alii,
403 2294 438 2319 de
453 2294 561 2326 quibus
577 2302 637 2319 non
653 2294 832 2323 recordatur,
849 2295 987 2320 dixerunt
1000 2295 1099 2320 ceteris
1114 2303 1217 2320 eorum
1234 2296 1324 2323 sociis.
1341 2296 1422 2328 quod
1444 2296 1558 2321 bonum
1574 2298 1644 2321 esset
1666 2295 1746 2328 quod
1767 2296 1892 2320 facerent
1913 2294 2063 2319 collectam

192 2350 245 2375 pro
257 2342 354 2368 dando
369 2343 481 2375 aliquid
496 2343 676 2372 cancellario,
693 2343 767 2368 sicut
782 2344 907 2369 fecerant
922 2344 968 2368 alii
982 2344 1016 2369 de
1030 2344 1232 2369 audicionibus
1246 2345 1469 2376 precedentibus
1481 2345 1517 2370 ad
1531 2346 1621 2370 11110111
1638 2344 1774 2370 brevioris
1789 2343 1991 2376 expedicionis.
2007 2342 2063 2375 Qui

191 2391 221 2416 in
238 2391 292 2416 hoc
308 2391 578 2417 eomlescenderunt
593 2394 619 2418 et
636 2393 767 2417 fecerunt
783 2393 931 2417 collectam
947 2393 982 2418 de
999 2392 1051 2417 xxti
1067 2393 1180 2421 francis,
1195 2393 1230 2418 de
1246 2393 1353 2425 quibus
1366 2394 1487 2418 fuerunt
1503 2393 1562 2418 dati
1578 2394 1678 2418 decem
1695 2393 1853 2418 Guillelmo
1868 2392 1992 2417 Roollini
2003 2391 2063 2425 (sic)

191 2442 219 2466 et
233 2439 329 2473 Sigero
348 2441 538 2466 familiaribus
553 2441 621 2466 dicti
637 2441 809 2468 canceltarii,
825 2441 860 2466 de
876 2441 983 2474 quibus
1001 2443 1065 2467 octo
1081 2442 1225 2467 debebant
1242 2442 1304 2467 dari
1320 2442 1499 2470 cancellario,
1517 2444 1550 2467 ut
1565 2443 1618 2475 ipsi
1635 2442 1788 2467 familiares
1802 2441 1946 2468 dicebant.
1961 2442 1989 2466 et
2004 2441 2063 2465 duo

191 2497 244 2522 pro
259 2489 325 2522 ipsis
338 2489 539 2514 familiaribus.
556 2490 641 2514 Plura
656 2490 728 2514 dixit
744 2498 771 2515 se
787 2490 940 2515 nescire...

279 2537 381 2572 xxviij.
404 2538 535 2571 Magister
551 2539 674 2563 Buvm‘us
690 2547 725 2563 111⁴]
744 2539 892 2567 iloxxnim,
908 2539 1044 2571 magister
1057 2539 1087 2564 111
1101 2539 1220 2567 artibus.
1236 2539 1417 2565 examinatus
1430 2541 1458 2565 ct
1474 2539 1668 2572 interrogatus
1684 2547 1769 2571 super
1782 2538 1968 2570 infrascriptis
1984 2537 2061 2570 capi—

192 2587 260 2611 tulis
275 2588 302 2612 et
322 2587 418 2619 primo
440 2595 526 2620 super
541 2587 654 2612 decimo
671 2587 731 2620 ipso
747 2587 798 2612 sibi
816 2588 895 2620 prius
908 2588 991 2616 lecto.
1009 2589 1074 2616 etc.,
1091 2588 1223 2621 deposuit
1246 2596 1344 2613 verum
1361 2596 1419 2614 esse
1435 2588 1513 2621 quod
1531 2596 1608 2613 anno
1624 2588 1771 2621 preterito.
1788 2595 1856 2612 culn
1873 2587 1931 2619 ipse
1946 2586 2062 2611 liaberet

190 2643 286 2660 unum
298 2636 437 2661 scolarem
452 2637 585 2661 vocatum
598 2636 633 2661 ad
647 2636 807 2665 licenciam,
823 2637 919 2669 etipse
931 2637 1130 2666 scola1·i5,licct
1147 2637 1292 2662 sufficiens
1303 2639 1383 2665 esset,
1399 2637 1512 2662 timeret
1525 2645 1657 2664 examen.
1670 2637 1726 2669 ipse
1740 2636 1791 2669 qui
1803 2636 1934 2668 loquitur
1948 2642 2060 2659 recom—

192 2684 337 2710 mendavit
352 2693 421 2709 011111
438 2685 576 2716 magistro
592 2685 675 2710 Petro
688 2685 926 2714 vicecancellari‹›,
939 2685 989 2718 (1111
1006 2686 1059 2710 sibi
1075 2686 1220 2718 respondit
1237 2686 1316 2718 quod
1334 2686 1391 2718 ipse
1406 2687 1506 2711 faceret
1524 2694 1576 2719 pro
1589 2694 1622 2711 00
1638 2685 1778 2718 quicquid
1795 2686 1902 2717 posset:
1918 2685 1942 2708 01
1958 2683 2061 2708 (10111110

190 2733 248 2766 ipse
264 2734 314 2765 (1111
332 2733 463 2766 loquitur
479 2742 530 2766 pro
543 2733 620 2758 (licto
639 2742 690 2759 suo
707 2734 805 2759 scolari
826 2734 886 2759 sinc
902 2734 1036 2767 paccione
1053 2735 1181 2767 predicto
1198 2735 1427 2760 xicecancellario
1450 2735 1538 2760 voluit
1560 2735 1627 2760 dare
1650 2734 1831 2767 peccuniam.
1855 2734 1879 2757 et
1905 2732 1962 2764 ipse
1987 2731 2059 2756 1100-

190 2782 377 2807 cancellarius
392 2782 462 2807 dixit
479 2782 558 2815 qnod
576 2782 691 2807 nolebat
707 2783 888 2815 peccuniam,
905 2783 951 2808 scd
965 2783 1045 2816 quod
1061 2784 1111 2808 sibi
1126 2784 1207 2809 daret
1224 2784 1350 2809 mediam
1367 2785 1465 2809 alnam
1482 2784 1551 2809 boni
1567 2783 1667 2816 panni,
1683 2783 1762 2815 quod
1776 2784 1800 2806 01
1820 2781 1880 2806 fecit
1896 2781 1930 2805 (10
1946 2780 2060 2804 5011111110

191 2830 293 2855 valoris
310 2831 400 2855 trium
421 2831 600 2856 francorum.
626 2831 736 2857 Deinde
756 2831 786 2856 in
810 2832 894 2857 tercia
917 2832 1070 2857 audicione
1086 2832 1207 2857 habebat
1228 2841 1322 2857 111111111
1338 2833 1429 2858 111111111
1446 2833 1594 2860 scolarem,
1610 2831 1661 2864 qui
1679 2831 1728 2855 fuit
1750 2832 1862 2854 xocatus
1879 2829 2009 2853 similiter
2024 2828 2058 2852 ad

191 2879 351 2906 licenciam.
369 2887 457 2912 quem
484 2880 560 2905 idem
585 2880 636 2912 qui
661 2880 794 2913 loquitur
817 2881 1062 2906 recommendavit
1083 2881 1159 2906 dicto
1184 2881 1423 2909 xicecancellario,
1442 2882 1547 2906 timens
1567 2881 1602 2905 de
1622 2888 1665 2909 00,
1689 2879 1757 2911 qnia
1776 2880 1834 2903 crat
1854 2877 2011 2909 impeditus
2030 2876 2057 2900 in
