2488 3386
443 348 507 379 :368
1020 354 1335 377 CHARTULARIUM
1371 354 1561 376 UNIVERS.
1601 353 1729 375 Panis.
2210 340 2310 377 [1385

448 445 586 482 1513.
611 455 739 479 Examen
757 454 870 479 testium
887 453 923 479 ab
945 453 1133 479 Utziversilate
1145 452 1348 488 productorum
1369 461 1464 478 coram
1487 452 1696 478 commissariis
1716 461 1804 488 super·
1822 451 1962 478 contentis
1983 452 2011 477 in
2031 451 2164 477 articulis
2187 460 2309 477 accusa-

531 503 616 528 tionis
632 506 731 528 contra
746 502 950 528 cancellarium
967 502 1123 527 Jolzannem
1140 501 1306 527 ΒίαηεῘιαι-Ι,

535 578 660 605 Quamvis
683 578 707 600 in
728 579 788 600 1115ιο
804 578 852 600 hae
870 577 1046 608 depositiones
1063 577 1172 599 inferius
1192 577 1243 599 alio
1259 577 1315 599 loco
1334 579 1487 607 sequantur,
1502 576 1544 599 hic
1560 579 1645 599 tamen
1661 584 1676 598 a
1695 575 1770 598 nobis
1784 575 1979 598 commoditatis
1998 575 2084 606 gratia
2104 575 2218 599 insertae
2239 579 2308 601 sunt.

442 631 499 645 011111
515 631 542 645 se
558 623 590 645 ad
606 622 730 645 articulos
744 622 919 645 accusationis
936 622 957 644 ni
976 622 1032 644 1511
1049 623 1173 644 reserant.
1190 621 1303 644 Cuilibet
1318 621 1378 644 testi
1394 621 1559 643 solummodo
1575 620 1667 651 aliqui,
1681 628 1731 643 non
1745 628 1834 643 omnes
1853 619 1957 643 articuli
1976 620 2107 651 propositi
2129 621 2242 644 fuerunt.
2257 620 2309 643 Nos

441 675 454 689 e
469 666 677 697 depositionibus
695 675 738 689 eas
757 666 938 689 tantummodo
956 666 1055 696 publici
1069 665 1136 696 juris
1155 665 1274 693 snt-imus,
1290 673 1355 696 quae
1371 665 1431 688 novi
1450 665 1552 696 aliquid
1568 664 1682 688 afferunt.
1697 665 1737 687 vel
1755 664 1957 688 consuetudines
1975 667 2001 687 et
2017 664 2117 687 abusus
2134 664 2160 687 in
2179 664 2310 688 Uuiversi-

443 715 493 734 tate
511 711 626 742 vigentes
644 711 787 736 declarant,
804 710 862 733 aliis
879 710 995 741 omissis,
1011 718 1069 732 011111
1090 709 1210 740 magistri
1229 709 1254 732 in
1271 709 1326 732 suis
1342 709 1553 740 depositionibus
1570 717 1648 740 saepe
1663 709 1754 732 eadem
1770 709 1864 732 iterato
1882 709 1979 737 dicant,
1995 709 2128 740 quaejam
2144 717 2174 731 ex
2189 709 2308 732 articulis

442 756 507 786 ipsis
525 759 585 778 nota
603 759 672 778 sunt.
687 755 807 786 Plerique
822 763 872 777 non
890 763 901 777 (1
922 763 951 777 ex
971 762 1031 777 vera
1047 754 1155 777 scientia
1173 763 1194 782 »‚
1209 754 1253 777 sed
1272 754 1356 776 solum
1372 762 1401 776 ex
1418 754 1509 776 auditu
1523 753 1701 777 testimonium
1717 754 1788 777 dant.
1806 754 1887 776 Immo
1904 754 2051 776 accusando
2069 753 2235 785 profitentur,
2252 764 2262 775 ι
2281 761 2308 777 se

442 808 492 823 non
506 800 638 822 reeordari
655 809 676 822 n.
694 800 791 822 Desunt
807 798 982 830 depositiones
996 801 1107 829 quatuor
1118 798 1236 829 priorum
1250 798 1449 829 magistrorum.

1598 839 1674 869 1385,
1690 838 1889 868 dalis—Octobris,
1905 839 2020 864 Parisiis.

528 919 556 938 v.
579 912 710 944 Magister
725 912 906 937 (immisimus
922 919 957 936 Dr:
974 911 1104 936 Ginmxo
1126 910 1263 943 magister
1284 910 1314 935 in
1336 910 1447 935 artibus
1461 911 1490 935 et
1512 910 1692 936 bachalarius
1714 910 1857 935 formatus
1877 910 1908 936 in
1930 910 2075 943 theologia
2095 909 2163 936 alias
2179 910 2306 943 juratus.

441 960 634 993 interrogatus
652 962 679 985 et
694 960 848 992 diligenter
863 959 1045 985 examinatus
1067 967 1154 992 super
1174 958 1363 991 infrascriptis
1385 958 1560 984 articulis...
1586 959 1660 984 Item
1684 958 1795 984 audivit
1818 966 1833 984 a
1859 958 1997 991 magistro
2021 958 2135 984 Matheo
2158 958 2307 989 Silvestris‚

441 1009 509 1035 Ord.
527 1009 659 1041 August„
674 1009 753 1041 quod
775 1009 834 1041 ipse
854 1008 970 1034 dederat
991 1008 1111 1033 cutellos
1127 1008 1218 1033 trium
1234 1008 1403 1033 francorum
1422 1015 1492 1033 cum
1512 1007 1635 1033 dimidio
1657 1007 1786 1041 predicto
1801 1007 1981 1037 cancellario,
2004 1009 2033 1033 et
2048 1008 2202 1034 familiares
2219 1008 2310 1041 ipsius

440 1058 599 1084 cancellarii
615 1058 695 1082 duxit
712 1058 747 1082 ad
764 1057 864 1082 balnea
878 1065 910 1082 ac
925 1057 1008 1082 solvit
1023 1057 1061 1082 015
1076 1064 1221 1090 expensas,
1240 1058 1268 1082 et
1288 1058 1386 1082 totum
1402 1057 1457 1082 hoc
1472 1056 1507 1082 ad
1524 1058 1625 1085 finem,
1647 1058 1680 1082 ut
1699 1057 1799 1086 credit,
1816 1056 1897 1090 quod
1912 1056 2005 1089 magis
2023 1058 2094 1082 esset
2113 1057 2213 1089 gratus
2231 1057 2310 1083 dicto

440 1106 608 1132 cancellario
621 1106 655 1131 ad
671 1106 820 1131 licenciam
834 1106 1011 1134 habendam,
1024 1105 1092 1138 quia
1106 1105 1162 1130 suit
1176 1105 1365 1138 anticipatus'
1381 1105 1417 1130 ad
1433 1105 1583 1131 licenciam
1598 1105 1629 1131 in
1645 1105 1781 1131 facultate
1793 1105 1939 1138 theologie
1951 1113 2003 1138 per
2015 1105 2089 1131 duos
2102 1113 2195 1131 annos
2208 1107 2310 1132 contra

440 1156 545 1180 statuta
561 1163 582 1179 5.
600 1162 688 1180 mem.
707 1154 814 1179 L‘rbani
834 1162 907 1187 pape
923 1154 1030 1187 quinti,
1048 1154 1097 1187 qui
1123 1154 1224 1179 statuit
1239 1154 1318 1187 quod
1340 1156 1403 1187 post
1427 1154 1570 1180 lecturam
1593 1154 1813 1180 Sentenciarum
1829 1154 1985 1180 bachalarii
2001 1154 2160 1180 residerent
2175 1154 2308 1185 Parisius,

440 1204 610 1236 priusquam
627 1203 776 1229 licenciam
792 1203 967 1231 obtinerent.
985 1211 1036 1236 per
1051 1205 1107 1229 tres
1121 1203 1163 1228 vel
1179 1203 1248 1236 iiij01·
1259 1211 1361 1231 annos.
1379 1203 1459 1236 quod
1475 1205 1619 1228 statutum
1638 1205 1679 1229 est
1695 1203 1776 1229 valde
1792 1203 1864 1229 utile
1883 1204 2003 1236 propter
2024 1203 2237 1237 disputaciones
2251 1211 2310 1237 que

440 1252 584 1277 habebant
599 1252 659 1277 11011
675 1252 750 1277 111101
764 1252 950 1281 bachalarios,
966 1252 995 1277 in
1009 1253 1127 1277 tantuin
1141 1252 1221 1285 quod
1237 1253 1355 1285 propter
1366 1252 1605 1284 anticipationem
1619 1252 1724 1278 factam
1737 1253 1869 1284 tempore
1882 1252 1973 1285 hujus
1985 1252 2147 1278 cancellarii
2162 1252 2310 1278 hodiernis

439 1301 619 1334 temporibus
634 1301 832 1326 communiter
848 1308 907 1326 non
930 1302 999 1326 suut
1024 1301 1077 1326 nisi
1102 1301 1169 1334 1113Πιη
1184 1300 1227 1326 vel
1242 1301 1376 1334 quinque
1398 1301 1553 1326 bachalarii
1568 1302 1724 1334 arguentes
1743 1301 1773 1326 in
1789 1301 1945 1333 theologia.
1962 1301 2024 1334 lpse
2044 1308 2173 1334 namque
2194 1301 2308 1328 cancel-

440 1349 527 1375 larius
543 1349 707 1382 transponit
722 1349 855 1375 ordinem
872 1349 1116 1379 bachalariorum,
1131 1357 1205 1382 quos
1219 1349 1378 1382 aliquando
1397 1349 1457 1383 ipse
1471 1349 1598 1379 admisit,
1615 1349 1728 1383 aliquos
1743 1350 1794 1383 qui
1814 1357 1874 1375 non
1890 1350 2016 1375 fecerant
2031 1349 2231 1383 responsiones
2245 1357 2310 1376 suas

439 1406 496 1431 que
511 1400 720 1423 consueverant
736 1398 797 1424 lieri
816 1398 845 1423 in
862 1398 997 1424 facultate
1013 1398 1167 1430 theologie,
1185 1406 1242 1431 que
1258 1399 1434 1431 reputantur
1449 1398 1582 1424 examina
1599 1398 1832 1424 bachalariorum
1848 1398 2057 1431 predictorum.
2075 1399 2273 1432 Interrogatus
2286 1398 2309 1425 si

441 1447 519 1472 novit
534 1447 645 1480 aliquos
660 1447 695 1473 de
710 1447 747 1472 sic
763 1447 914 1480 prepositis
929 1449 957 1472 et
973 1447 1173 1480 transportatis
1188 1447 1223 1473 de
1242 1455 1346 1473 eorum
1365 1447 1478 1476 ordine,
1500 1447 1655 1481 respondet
1674 1447 1755 1481 quod
1777 1447 1898 1481 quidam
1918 1448 2012 1473 Minor
2027 1449 2144 1473 vocatus
2158 1447 2309 1481 [Nicolaus]

439 1496 474 1521 de
489 1496 581 1525 Costa,
598 1496 633 1521 de
646 1495 754 1521 Ordine
769 1496 927 1524 Minorum,
942 1498 1006 1529 post
1021 1496 1162 1521 lecturam
1179 1496 1396 1521 Sententiarum
1412 1496 1521 1529 absque
1542 1504 1575 1522 eo
1597 1496 1678 1530 quod
1702 1496 1837 1522 resideret
1857 1504 1908 1529 per
1929 1497 2047 1530 tempus
2068 1496 2138 1522 dicti
2158 1496 2260 1522 statuti
2280 1497 2309 1523 et

440 1545 542 1570 faceret
558 1544 755 1577 responsiones
770 1546 929 1570 consuetas.
947 1545 981 1570 Et
996 1545 1107 1570 audivit
1127 1545 1203 1570 fama
1224 1545 1339 1578 publica
1361 1545 1510 1571 laborante
1530 1545 1611 1578 quod
1635 1546 1690 1571 1100
1715 1545 1770 1571 11111
1793 1547 1912 1578 propter
1926 1545 2047 1571 donaria
2066 1545 2160 1578 plura.
2179 1545 2309 1572 Preterea

440 1593 504 1619 11001
519 1593 681 1619 secundum
696 1595 839 1618 statutum
856 1594 956 1626 papale
969 1595 997 1619 et
1012 1594 1255 1620 consuetudinem
1272 1594 1469 1620 Uuiversitatis
1485 1594 1648 1620 l'arisiensis
1663 1602 1723 1620 non
1738 1594 1863 1620 debeant
1878 1594 1969 1627 aliqui
1984 1594 2129 1620 licenciari
2145 1594 2177 1620 in
2192 1594 2307 1620 theolo-

441 1642 495 1674 gia,
512 1642 565 1667 nisi
579 1642 613 1667 (10
629 1642 746 1667 biennio
762 1642 791 1667 in
808 1642 971 1671 biennium,
989 1644 1087 1667 tamen
1104 1642 1196 1667 tribus
1218 1643 1301 1668 annis
1326 1643 1469 1675 preteritis
1491 1643 1585 1668 (1101115
1608 1643 1796 1669 cancellarius
1815 1643 1881 1669 fecit
1900 1642 2021 1676 singulis
2035 1643 2119 1668 annis
2133 1643 2307 1669 licenciatos.

441 1691 475 1715 Et.
490 1691 611 1716 ulterius
627 1691 692 1716 licet
708 1699 767 1716 non
781 1691 883 1716 debeat
898 1691 959 1716 fieri
976 1691 1097 1723 singulis
1112 1691 1235 1717 bienniis
1256 1691 1309 1717 nisi
1329 1700 1407 1717 unus
1422 1692 1458 1718 de
1473 1692 1605 1725 quolibet
1621 1692 1730 1718 Ordine
1747 1692 1977 1718 Mendicantium
1993 1693 2021 1718 et
2043 1692 2139 1718 Sancti
2159 1692 2308 1722 Bernardi,

441 1739 534 1764 dictus
549 1739 735 1764 cancellarius
749 1740 779 1764 in
796 1739 902 1765 ultimo
914 1740 1025 1772 jubileo
1041 1742 1141 1765 contra
1157 1742 1301 1765 statutum
1315 1742 1343 1766 et
1358 1741 1603 1766 consuetudinem
1617 1741 1788 1774 hujusmodi
1804 1742 1860 1766 tres
1875 1741 2016 1773 graciosos
2030 1740 2157 1770 admisit,
2171 1742 2199 1767 et
2211 1748 2309 1766 unum

442 1788 603 1820 rigorosum
619 1788 654 1813 de
669 1788 777 1814 Ordine
792 1788 953 1817 Minorum:
971 1790 999 1814 01
1013 1789 1048 1814 (10
1064 1789 1172 1814 Ordine
1189 1789 1406 1815 l‘redicatorum
1428 1790 1511 1819 duos,
1529 1790 1658 1815 videlicet
1674 1798 1770 1815 unum
1789 1790 1954 1823 rigorosum
1972 1791 2001 1815 01
2016 1797 2113 1815 unum
2128 1789 2307 1822 graciosum:

441 1838 468 1862 et
481 1836 515 1862 (10
529 1836 636 1862 Ordine
649 1837 913 1869 Augustinencium
930 1838 995 1867 1105,
1013 1845 1142 1870 quorum
1157 1837 1216 1862 duo
1232 1838 1353 1863 fuerunt
1368 1838 1498 1871 {gi-ociosi,
1513 1838 1548 1864 de
1563 1839 1652 1864 tercio
1665 1838 1794 1871 Ignorat;
1809 1840 1837 1864 et
1851 1838 1887 1864 de
1900 1838 2062 1864 Carmelitis
2077 1838 2133 1864 suit
2147 1845 2226 1864 unus
2240 1845 2308 1871 gra—

442 1885 532 1911 ciosus
547 1887 575 1910 et
590 1893 667 1910 unus
687 1885 841 1917 rigorosus.
859 1886 893 1911 Et
908 1886 1031 1912 ulterius
1053 1887 1188 1919 magister
1203 1887 1350 1913 lohannes
1365 1887 1424 1913 Ade
1439 1888 1475 1913 de
1494 1887 1603 1913 Ordine
1625 1887 1843 1913 Predicatorum
1861 1887 1917 1913 fuit
1937 1887 2079 1913 admissus
2100 1887 2137 1913 ad
2157 1887 2309 1913 licenciam

441 1941 518 1959 anno
532 1941 591 1967 quo
606 1934 675 1966 legit
690 1934 800 1959 librum
814 1934 1042 1964 Sententiarum,
1056 1935 1135 1968 quod
1151 1937 1192 1961 051
1208 1936 1280 1961 bene
1292 1936 1454 1961 absurdum
1470 1936 1500 1962 in
1516 1937 1594 1962 dicto
1609 1936 1705 1962 studio
1718 1938 1746 1962 et
1759 1938 1859 1962 contra
1872 1936 1985 1962 dictum
1999 1937 2154 1962 statutum.
2171 1936 2206 1962 Et
2218 1936 2310 1962 credit

441 1982 520 2015 quod
542 1983 662 2015 predicti
681 1983 788 2008 abusus
803 1983 1020 2016 anticipacionis
1043 1986 1071 2010 01
1096 1984 1351 2017 multiplicacionis
1373 1985 1592 2011 licenciatorum
1617 1986 1715 2019 potius
1738 1987 1857 2019 propter
1870 1993 1994 2011 munera
2009 1993 2101 2019 quam
2120 1986 2240 2019 propter
2253 1985 2309 2011 alia
2343 1996 2347 1999 ¹

441 2033 620 2057 evenerunt..
628 2051 644 2056 ..

529 2081 601 2106 Item
617 2088 702 2113 super
717 2081 774 2106 xlix
788 2081 860 2106 dixit
875 2089 903 2106 se
919 2081 1008 2106 nichil
1024 2082 1103 2107 alind
1126 2082 1205 2111 scire,
1222 2082 1276 2107 nisi
1293 2084 1379 2115 prout
1396 2083 1506 2108 audivit
1521 2091 1536 2109 a
1553 2083 1630 2109 dicto
1646 2083 1785 2116 magistro
1800 2083 1912 2116 Egidio,
1933 2083 1984 2116 qui
2000 2082 2150 2108 confidens
2171 2090 2199 2108 se
2220 2082 2256 2109 de
2274 2090 2308 2109 eo

441 2128 491 2161 qui
506 2130 567 2153 crat
582 2129 673 2154 socius
686 2136 764 2158 suus,
781 2129 853 2154 dixit
870 2129 922 2154 sibi
938 2131 1036 2155 totum
1052 2131 1207 2163 negocium
1223 2131 1296 2156 sicut
1310 2139 1338 2157 se
1352 2131 1466 2161 habuit,
1483 2132 1560 2157 salvo
1575 2132 1656 2165 quod
1671 2132 1730 2165 ipse
1745 2132 1797 2165 qui
1813 2132 1945 2165 loquitur
1960 2131 2087 2164 portavit
2101 2131 2179 2157 dicto
2193 2131 2307 2158 cancel-

440 2177 510 2201 lario
525 2185 578 2209 pro
594 2179 673 2209 purte
688 2177 757 2203 dicti
772 2178 901 2211 magistri
917 2178 1007 2210 Egidii
1026 2187 1158 2211 pannum
1173 2180 1291 2204 laneum
1306 2187 1358 2213 pro
1374 2188 1494 2213 persona
1507 2181 1577 2206 dicti
1592 2181 1764 2210 cancellarii,
1782 2181 1869 2214 precii
1885 2180 1966 2213 xxxvj
1984 2180 2152 2206 francorum
2166 2180 2210 2206 vel
2222 2179 2306 2209 circa,

441 2233 554 2250 necnon
577 2226 663 2257 pelles
683 2234 731 2251 5011
754 2226 964 2252 infoderaturas
986 2235 1039 2260 pro
1060 2227 1137 2253 dicto
1153 2229 1321 2254 cancellario
1337 2229 1367 2253 in
1389 2230 1483 2255 valore
1499 2229 1573 2262 xxxij
1591 2230 1770 2259 francorum,
1787 2237 1819 2255 ac
1840 2229 1928 2255 etiam
1953 2236 2006 2262 pro
2025 2228 2217 2254 familiaribus
2238 2228 2308 2254 dicti

441 2274 598 2299 cancellarii
615 2282 718 2300 norem
741 2275 824 2300 ulnas
847 2276 938 2308 panni
960 2278 988 2301 et
1012 2284 1056 2301 sex
1082 2277 1293 2303 infoderaturas
1307 2277 1342 2303 de
1364 2278 1506 2310 agniculis
1528 2278 1630 2311 parvis,
1654 2278 1773 2311 quando
1792 2278 1888 2304 dictus
1909 2277 2046 2310 magister
2067 2277 2185 2310 Egidius
2206 2277 2308 2303 debuit

442 2322 602 2354 magistrari
618 2323 671 2348 5111)
686 2324 746 2356 ipso
759 2324 937 2350 cancellario.
956 2325 1153 2357 Interrogatus
1168 2326 1189 2351 si
1205 2326 1295 2352 credit
1310 2327 1390 2359 quod
1405 2327 1464 2360 ipse
1480 2327 1616 2360 magister
1629 2327 1747 2360 Egidius
1760 2327 1847 2353 fuerit
1862 2327 2031 2359 compulsus
2045 2334 2097 2359 per
2109 2326 2222 2351 dictum
2235 2333 2306 2351 can-

441 2371 589 2396 cellarium
605 2372 639 2396 ad
656 2372 854 2405 recipiendum
870 2373 1070 2405 magisterium
1086 2375 1139 2399 sul)
1154 2374 1225 2407 ipso,
1243 2375 1392 2408 respondit
1408 2384 1435 2401 50
1450 2376 1564 2402 credere
1584 2376 1665 2409 quod
1687 2376 1735 2405 sic,
1758 2376 1881 2401 reddens
1903 2383 2019 2400 causam
2039 2374 2216 2400 credulitatis
2237 2374 2307 2407 quia

441 2419 607 2451 frequenter
622 2420 672 2445 ivit
687 2422 715 2445 et
731 2421 813 2446 rediit
828 2421 863 2446 ad
879 2422 991 2447 dictum
1008 2423 1213 2448 cancellarium
1229 2432 1298 2449 cum
1314 2424 1391 2449 dicto
1407 2425 1546 2457 magistro
1561 2425 1672 2457 Egidio,
1693 2426 1721 2450 et
1743 2424 1878 2450 audiebat
1894 2424 1930 2449 ab
1945 2423 2005 2457 ipso
2023 2423 2104 2456 quod
2125 2423 2220 2448 dictus
2234 2430 2306 2449 can-

441 2467 570 2492 cellarius
585 2468 764 2500 imponendo
777 2469 828 2494 sibi
844 2470 923 2503 quod
940 2472 1000 2496 erat
1016 2471 1250 2499 Bartholomista.
1265 2473 1458 2505 compellebat
1472 2481 1542 2499 eum
1555 2473 1590 2498 ad
1606 2473 1807 2506 recipiendum
1821 2472 2023 2506 magisterium
2038 2471 2092 2497 sub
2107 2471 2215 2504 ipso....

529 2517 600 2541 Item
617 2525 702 2549 super
716 2518 822 2543 ultimo
837 2519 958 2545 articulo
971 2520 1043 2545 dixit
1059 2528 1086 2545 se
1102 2520 1170 2546 50110
1186 2521 1266 2554 quod
1287 2529 1339 2554 pro
1355 2524 1435 2554 parte
1451 2522 1648 2547 [nivei-sitatis
1666 2522 1739 2548 facte
1754 2522 1875 2547 fuerunt
1892 2522 1967 2547 certe
1982 2520 2206 2546 informaciones
2220 2528 2307 2554 super

441 2563 577 2589 abusibus
590 2565 675 2590 0111011
691 2566 851 2591 cancellarii
867 2569 927 2592 tam
940 2570 1040 2593 contra
1053 2569 1166 2594 dictum
1180 2570 1385 2595 cancellarium
1403 2569 1512 2605 [quam]
1527 2571 1588 2604 ejus
1603 2570 1863 2596 subcancellarium
1877 2571 1905 2596 et
1918 2577 1984 2595 suos
1996 2569 2160 2598 familiares,
2174 2570 2203 2595 et
2215 2562 2306 2595 eredit

440 2612 518 2645 quod
535 2613 609 2638 dicta
625 2614 796 2639 l‘nivcrsitas
811 2617 906 2641 sancte
921 2618 949 2641 et
961 2616 1037 2648 juste
1054 2618 1187 2649 processit
1203 2626 1255 2650 pro
1271 2618 1348 2644 bono
1364 2619 1451 2644 studii
1468 2619 1640 2648 Parisiensis,
1657 2621 1686 2645 et
1701 2619 1781 2652 quod
1798 2620 1852 2644 hoc
1868 2619 2030 2652 potuerunt
2046 2618 2137 2644 facere
2151 2619 2180 2644 et
2193 2617 2305 2644 debue-

441 2662 521 2689 runt,
536 2663 563 2686 et
578 2662 658 2694 qnod
672 2670 746 2695 papa
761 2663 796 2688 ad
811 2671 901 2696 quem
916 2664 1010 2690 dictus
1025 2666 1211 2691 cancellarius
1227 2667 1333 2699 injuste
1348 2669 1382 2692 111
1397 2668 1488 2693 credit
1503 2668 1667 2701 appellavit,
1684 2668 1830 2694 debuisset
1844 2667 2053 2693 correctionem
2070 2666 2219 2692 remittere
2231 2666 2304 2692 Uni-

442 2709 565 2734 versitati
590 2710 748 2736 faciendam
774 2720 823 2744 per
846 2720 919 2737 cam.
939 2714 1021 2738 Plura
1037 2714 1109 2739 dixit
1129 2722 1156 2740 se
1178 2716 1285 2741 nescire
1303 2716 1338 2741 de
1353 2717 1496 2742 contentis
1511 2717 1541 2742 in
1557 2717 1680 2743 articulo
1695 2717 1766 2750 ipso,
1790 2717 1856 2742 licet
1879 2723 1965 2749 super
1980 2716 2035 2741 hoc
2050 2715 2137 2741 suerit
2151 2715 2306 2748 diligenter

440 2758 643 2790 interrogatus,
661 2762 777 2792 excepto
793 2761 872 2792 quod
892 2763 933 2786 est
952 2764 1064 2787 certum
1080 2763 1159 2795 quod
1184 2764 1303 2796 predicti
1325 2765 1432 2790 abusus
1447 2768 1573 2798 vergunt
1595 2766 1625 2791 in
1648 2773 1792 2798 magnum
1807 2765 2031 2793 detrimentum,
2049 2765 2141 2790 immo
2156 2763 2304 2797 quodam-

441 2806 528 2831 modo
543 2807 578 2831 ad
595 2807 815 2834 nichilacionem
830 2809 1024 2836 Uuiversitatis
1041 2811 1202 2837 Parisiensis
1217 2813 1304 2838 studii
1319 2815 1347 2838 01
1360 2814 1626 2847 suppositorum....

527 2854 566 2888 vj.
588 2856 705 2881 Ecmius
721 2857 848 2882 bodellus
862 2858 1004 2891 theologie
1016 2860 1131 2892 juratus
1145 2861 1223 2889 alias,
1239 2861 1435 2895 interrogatus
1448 2863 1602 2895 diligenter
1617 2871 1703 2896 super
1718 2862 1846 2888 articulis
1864 2862 2041 2895 subscriptis,
2059 2863 2087 2888 et
2106 2861 2203 2894 primo
2218 2868 2305 2894 super

443 2903 527 2935 xxvj0,
544 2903 610 2936 ipsis
626 2904 677 2929 sibi
693 2905 772 2937 prius
783 2906 861 2931 lectis
876 2908 904 2932 et
920 2915 970 2939 per
982 2916 1051 2933 011111
1068 2910 1100 2934 111
1115 2909 1186 2934 dixit
1200 2910 1361 2939 intellectis,
1374 2911 1445 2936 dixit
1458 2912 1493 2937 (10
1505 2912 1648 2937 contentis
1664 2912 1693 2937 in
1705 2912 1782 2937 dicto
1798 2911 1920 2937 articulo
1934 2911 2022 2944 xxvj⁰‚
2038 2918 2066 2937 se
2079 2910 2168 2935 nichil
2184 2909 2253 2935 seire
2268 2909 2304 2935 de
