2488 3386
220 326 315 362 1391]
640 340 686 374 1111
721 339 827 361 Anno
861 339 991 361 1116661,
1021 339 1154 366 USQUE
1190 339 1237 360 AD
1273 339 1536 360 inmemorem
1573 340 1663 361 xui.
2020 331 2084 362 515

308 414 384 458 Ego
407 425 500 458 mag.
525 412 708 445 Johannes
734 412 871 445 Thome
892 413 1002 445 frater
1025 412 1113 445 Ord.
1137 412 1405 444 Predicatorum
1431 412 1611 456 predicavi
1638 420 1719 445 ante
1743 413 1815 456 xiiij
1839 425 1967 451 annos„
1989 415 2081 447 etc.‘·’.

308 481 399 512 Ecce
422 479 503 512 talia
524 479 593 512 iste
615 479 787 524 magister
808 478 865 511 hic
886 480 958 523 jam
982 485 1035 511 ter
1057 479 1250 515 revocavit,
1276 485 1309 510 et
1335 478 1450 511 adhuc
1476 479 1580 511 debet
1604 479 1716 511 semel
1736 492 1852 512 60111111
1879 479 2027 524 populo,
2050 487 2083 512 et

218 546 332 579 semel
360 558 478 579 coram
506 546 603 579 clero
625 558 807 578 revocare.
833 545 1005 578 Similiter
1027 545 1253 578 Universitas
1281 545 1496 577 Parisiensis
1526 552 1713 589 persecuta
1741 546 1805 578 suit
1834 547 2080 579 consessorem

220 613 317 658 regis
339 613 509 645 Franeie³
531 624 642 657 super
663 612 799 645 eisdem
829 611 991 644 articulis
1014 618 1047 644 et
1079 611 1399 656 proposit-ionibus
1421 618 1453 644 et
1483 611 1671 656 oportebat
1702 612 1818 656 ipsum
1849 624 1966 645 coram
1997 625 2083 657 rege

218 691 297 712 cum
321 691 447 724 magna
469 679 684 711 confusione
707 691 888 712 revocare.

309 745 366 778 Sic
388 757 476 790 ergo
504 745 633 778 fratres
663 744 916 777 Predicatores
943 744 1001 777 hic
1030 745 1190 777 Parisius
1212 757 1277 777 nee
1305 744 1430 789 legunt
1458 757 1523 777 1166
1545 745 1743 789 predicant7
1774 757 1962 777 sermones
1988 746 2081 777 enim

219 823 311 857 quos
332 811 462 844 diebus
491 811 684 844 dominicis
711 812 747 843 in
776 818 957 844 conventu
979 824 1103 844 eorum
1126 811 1305 844 faciebant
1335 812 1369 843 in
1400 811 1654 851 Universitate,
1679 818 1745 843 tam
1774 811 1957 844 seculares
1979 823 2082 856 quam

219 877 384 922 religiosi
411 877 542 911 diebus
569 878 761 910 dominicis
784 878 970 923 predicant
998 878 1197 910 secundum
1226 878 1389 910 ordinem
1418 878 1640 922 antiquitatis
1668 890 1806 917 eorum⁷
1834 885 1866 910 et
1895 877 2083 910 baccalarii

218 945 353 977 faciunt
381 944 613 984 collatione53
637 951 671 977 et
693 945 743 977 sic
770 944 901 977 habent
918 946 989 989 jam
1013 944 1201 977 baccalarii
1226 945 1434 977 exercitium
1463 956 1686 982 sermonum,
1711 945 1807 988 quod
1830 944 1930 989 prius
1952 944 2084 977 habere

219 1023 292 1044 non
314 1011 480 1044 solebant
498 1011 602 1056 ipsi't

308 1079 460 1123 Propter
487 1078 770 1111 controversiam
807 1078 1000 1123 predictam
1036 1085 1205 1111 statutum
1238 1085 1291 1110 est
1330 1078 1364 1110 in
1397 1078 1652 1118 l'niversitate,
1685 1078 1794 1122 quod,
1831 1078 1861 1110 si
1892 1078 2084 1123 aliquando

219 1145 348 1177 fratres
378 1145 629 1177 Predicatores
656 1145 699 1177 ad
729 1145 884 1189 graciam
917 1152 951 1177 61
980 1145 1157 1190 gremium
1193 1145 1445 1177 Universitatis
1479 1145 1652 1177 redierint
1687 1151 1721 1177 et
1754 1145 1987 1189 recipiantur,
2015 1145 2085 1190 ipsi

218 1212 347 1244 fratres
374 1211 410 1243 in
437 1211 606 1244 omnibus
633 1211 774 1244 actibus
805 1211 1020 1252 scolasticis,
1045 1211 1345 1256 processionibus
1371 1218 1403 1243 et
1432 1211 1512 1243 aliis
1540 1211 1742 1243 honoribus
1771 1218 1851 1244 eant
1873 1211 2002 1252 ultimi,
2024 1212 2085 1256 qui

219 1277 310 1310 alios
332 1278 367 1309 in
389 1277 527 1310 honore
550 1277 827 1322 precedebant-³.
851 1280 892 1311 Et
914 1278 965 1311 sic
983 1278 1081 1311 Ordo
1100 1290 1224 1310 eorum
1247 1277 1304 1309 1116
1326 1278 1362 1310 111
1385 1278 1531 1310 Francia
1547 1278 1691 1311 videtur
1708 1289 1789 1310 esse
1807 1278 1908 1322 quasi
1928 1278 2086 1311 destruc-

221 1351 290 1385 tus,
316 1351 351 1376 et
375 1344 484 1376 timeo
511 1344 607 1388 quod
634 1344 860 1389 temporibus
891 1345 1026 1377 nostris
1055 1345 1098 1377 ad
1131 1356 1234 1376 suum
1265 1344 1438 1376 honorem
1463 1357 1643 1389 nunquam
1668 1345 1800 1389 poterit
1821 1344 1985 1377 relevari.
2014 1347 2086 1378 Hec

220 1417 305 1444 sunt
325 1422 394 1455 que
416 1422 480 1455 pro
502 1423 598 1443 nunc
621 1411 813 1444 scribenda
831 1418 1038 1444 occurrunt.
1059 1412 1093 1444 Si
1109 1411 1226 1456 aliqua
1249 1417 1331 1443 sunt
1350 1423 1452 1451 nova7
1473 1411 1579 1443 michi
1602 1411 1824 1452 rescribatis,
1843 1412 2086 1456 precipientes

221 1477 327 1510 michi
348 1477 453 1510 vobis
474 1478 511 1509 in
532 1477 702 1510 omnibus
723 1477 873 1510 obedire
896 1485 1030 1523 parate.

313 1575 381 1599 Bibl.
395 1584 462 1599 caes.
480 1575 592 1599 Vindob.
609 1584 657 1599 niS.
674 1576 719 1599 lat.
734 1577 804 1606 4384,
821 1577 864 1599 sol,
882 1578 935 1599 269.
954 1590 980 1594 —
995 1576 1081 1606 Denis,
1096 1576 1114 1599 1.
1129 1585 1161 1602 c.v
1178 1585 1204 1607 p.
1219 1577 1288 1599 1777.

312 1660 334 1682 1.
351 1660 485 1683 1110111125.
497 1660 532 1683 De
547 1660 596 1683 hac
612 1660 776 1683 revocatione
793 1661 846 1684 vid.
863 1660 931 1683 infra
946 1664 973 1683 11ο
989 1661 1057 1683 1572.
1073 1674 1102 1678 —
1117 1661 1138 1683 2.
1153 1661 1276 1692 Sequitur
1294 1660 1397 1691 integra
1412 1660 1552 1687 revocatio,
1570 1660 1600 1683 de
1618 1669 1669 1691 qua
1687 1660 1704 1683 1.
1720 1668 1742 1682 e.
1758 1674 1787 1676 —-
1804 1662 1826 1683 3.
1841 1660 1902 1683 Scil.
1919 1660 2087 1684 Guillelmum

220 1704 310 1733 volun,
326 1704 407 1735 episc,
425 1704 576 1728 Ebroicens.
595 1705 653 1728 Vid.
670 1705 738 1727 insi-n
756 1710 783 1727 11¹¹
800 1706 868 1728 1571,
883 1719 914 1722 -
928 1706 950 1728 [1.
967 1705 1137 1728 Sei-monibus
1154 1708 1179 1728 et
1199 1705 1385 1727 collationibus
1402 1705 1494 1727 diebus
1510 1705 1649 1727 dominicis
1668 1705 1692 1727 in
1709 1705 1772 1727 eccl.
1789 1705 1815 1728 S.
1835 1705 1926 1727 ι11160111
1949 1705 2088 1728 Praedica-

218 1751 288 1771 tores
309 1757 356 1779 per
379 1749 512 1772 decretum
532 1749 718 1772 Universitatis
741 1751 845 1772 suerunt
864 1749 1104 1780 1)1·11’1111,61,111111)0
1124 1749 1246 1772 exercitia
1263 1750 1295 1772 ad
1315 1751 1408 1772 fruti-es
1429 1749 1542 1772 Minores
1565 1750 1694 1772 translata
1715 1752 1784 1774 sunt,
1802 1753 1829 1772 ut
1851 1749 1917 1772 infra
1936 1750 2047 1777 1101578,
2064 1753 2089 1772 61,

219 1792 285 1816 ibid.
301 1796 353 1816 not.
370 1794 393 1819 3,
408 1793 513 1824 legitur,
529 1797 553 1816 61
568 1793 665 1824 partim
681 1795 760 1817 refert
778 1795 880 1818 Chron.
897 1795 936 1817 du
952 1795 1004 1818 rel.
1023 1796 1055 1818 de
1072 1794 1271 1824 Sainl-Denys.
1288 1794 1328 1816 cd.
1343 1794 1488 1824 Bellaguet.
1507 1794 1524 1821 1,
1543 1795 1597 1819 578.
1612 1794 1643 1816 ad
1662 1802 1703 1817 an.
1721 1795 1789 1816 1388.
1807 1794 1911 1816 Minime
1930 1797 2015 1816 tamen
2034 1803 2089 1817 cre-

220 1837 332 1860 dendum
345 1837 511 1860 sermonibus
527 1838 613 1867 dictis,
628 1838 858 1861 praedicatoribus
870 1839 974 1867 amotis,
987 1843 1039 1862 tam
1058 1839 1133 1861 facile
1147 1838 1283 1869 provisum
1299 1838 1379 1861 fuisse
1397 1847 1475 1869 quam
1491 1838 1620 1869 Georgius
1634 1839 1665 1861 de
1681 1838 1745 1861 Rain
1762 1847 1842 1869 supra
1859 1838 1958 1865 scribit,
1971 1839 2088 1861 Jobanne

220 1881 319 1905 Gerson
337 1885 459 1904 narrante
474 1882 499 1904 in
513 1882 600 1912 Epist.
614 1890 665 1906 sec.
686 1884 724 1906 αιῖ
741 1885 885 1908 studentes
904 1883 1018 1913 Colleyii
1033 1883 1102 1907 Nclv.
1115 1893 1122 1907 :
1138 1892 1148 1905 «
1167 1883 1257 1906 deesse
1273 1885 1420 1914 frequenter
1435 1891 1568 1905 sermones
1583 1883 1607 1905 in
1625 1883 1810 1910 Universitate,
1827 1883 1903 1905 etiam
1919 1883 2088 1906 dominicales

220 1926 253 1949 nd
271 1927 374 1949 Clerum
393 1936 405 1947 1)
422 1926 510 1956 (Opp.y
529 1927 570 1950 ed.
586 1927 683 1958 anin.
700 1928 718 1956 Ι,
735 1928 798 1956 111).
815 1942 842 1945 -
859 1930 882 1952 5.
899 1928 957 1951 Vid.
974 1936 1053 1959 supru
1070 1932 1098 1950 n⁰
1115 1929 1184 1951 1568.

994 2102 1306 2122 REVOCATIONES

1049 2168 1082 2197 (ni
1099 2168 1254 2197 1571-1579).

225 2252 364 2289 1571.
381 2270 395 2287 «
416 2263 566 2288 [sevocatio
584 2262 727 2288 Guillelmi
742 2263 790 2297 (de
812 2263 920 2296 Volan),
939 2263 1122 2289 Ebroicensis
1140 2265 1276 2299 episcopi,
1300 2264 1529 2298 consessor-isque
1548 2263 1623 2297 regis
1646 2262 1740 2288 Caroli
1760 2263 1800 2296 VJ,
1818 2271 1904 2298 super
1920 2263 2003 2287 certis
2018 2271 2085 2297 pro-

306 2311 497 2346 positionibus
513 2311 591 2336 alias
604 2320 657 2347 per·
673 2320 734 2337 eum
749 2312 882 2347 prolatis,
899 2313 926 2338 in
941 2313 1088 2348 presentia
1105 2313 1180 2347 regis
1196 2317 1222 2338 et
1235 2313 1360 2348 plurium
1377 2312 1552 2337 dominor-um
1568 2311 1608 2336 ad
1623 2311 1791 2336 instantiam
1812 2312 2009 2337 Universitatis
2023 2321 2046 2336 ›>.

1393 2398 1470 2426 1389,
1487 2397 1617 2422 Februarii
1633 2398 1670 2425 17,
1687 2397 1800 2422 Parisiis.

311 2479 351 2510 In
374 2480 518 2512 nomine
542 2481 698 2520 Domini,
726 2494 842 2513 amen.
870 2482 1043 2514 Nox-erint
1066 2482 1226 2514 universi
1258 2493 1410 2526 presens
1441 2481 1718 2513 instrumentum
1750 2479 1932 2525 publicum
1966 2481 2086 2524 inspe-

221 2545 326 2585 cturi,
352 2545 449 2589 quod
476 2558 569 2578 anno
599 2547 760 2591 ejusdem
793 2548 935 2580 Domini
963 2548 1154 2581 millesimo
1177 2548 1431 2581 trecentesimo
1454 2547 1678 2590 octogesimo
1700 2553 1825 2578 octavo
1851 2559 1949 2578 more
1972 2546 2084 2578 (lalli-

222 2622 324 2651 cano,
348 2611 546 2644 indictione
569 2613 794 2654 duodecima7
821 2614 956 2646 mensis
980 2614 1164 2647 Februarii
1188 2615 1245 2647 (116
1269 2615 1404 2646 decima
1429 2613 1591 2657 septima.
1616 2613 1844 2657 pontificatus
1866 2613 2083 2645 sanctissimi

221 2676 258 2708 in
279 2676 425 2710 Christo
447 2679 558 2722 patris
579 2692 617 2711 ac
639 2679 776 2712 domini
798 2681 912 2713 nostri
935 2681 1071 2713 domini
1093 2681 1292 2714 Clementis
1315 2681 1432 2712 divina
1456 2679 1681 2724 providentia
1708 2692 1796 2724 pape
1824 2679 1966 2723 septimi
1991 2691 2083 2710 anno

222 2743 427 2784 undecimo,
446 2756 564 2777 coram
583 2745 831 2779 illustrissimo
850 2755 882 2779 et
904 2748 1211 2780 excellentissimo
1230 2747 1391 2792 principe
1414 2758 1452 2778 ac
1474 2746 1620 2778 domino
1639 2752 1764 2778 nostro
1786 2746 1932 2778 domino
1950 2745 2082 2777 Kar-olo

221 2810 286 2841 Dei
305 2810 418 2854 gratia
437 2811 653 2844 Francorum
674 2824 770 2857 rege7
791 2814 824 2845 in
849 2813 1022 2846 nobilium
1042 2826 1080 2846 116
1098 2814 1297 2859 potentium
1316 2813 1544 2845 dominorum
1564 2812 1736 2845 Ludovici
1759 2812 1868 2844 Ducis
1886 2811 2081 2852 Borbonie,

222 2876 316 2908 Petri
339 2876 382 2908 de
404 2878 570 2919 Navarra,
595 2879 834 2923 lnguerranni
857 2881 900 2912 de
922 2881 1114 2922 Couciaco,
1143 2881 1286 2913 [lenrici
1310 2880 1353 2912 de
1375 2881 1498 2919 Bai-ro⁷
1518 2879 1668 2912 Oliverii
1691 2879 1733 2910 de
1755 2878 1901 2911 Clisson
1923 2884 2082 2910 conesta-
