<?xml version="1.0" encoding="UTF-8"?>
<!DOCTYPE html PUBLIC "-//W3C//DTD XHTML 1.0 Transitional//EN"
    "http://www.w3.org/TR/xhtml1/DTD/xhtml1-transitional.dtd">
<html xmlns="http://www.w3.org/1999/xhtml" xml:lang="en" lang="en">
 <head>
  <title>
</title>
<meta http-equiv="Content-Type" content="text/html;charset=utf-8" />
  <meta name='ocr-system' content='tesseract 3.04.00' />
  <meta name='ocr-capabilities' content='ocr_page ocr_carea ocr_par ocr_line ocrx_word'/>
</head>
<body>
  <div class='ocr_page' id='page_1' title='image "auctariumchartul03univuoft_0110.png"; bbox 0 0 2488 3386; ppageno 0'>
   <div class='ocr_carea' id='block_1_1' title="bbox 430 304 2298 341">
    <p class='ocr_par' dir='ltr' id='par_1_1' title="bbox 430 304 2298 341">
     <span class='ocr_line' id='line_1_1' title="bbox 430 304 2298 341; baseline -0.001 -1"><span class='ocrx_word' id='word_1_1' title='bbox 430 309 472 341; x_wconf 86' lang='lat'>62</span> <span class='ocrx_word' id='word_1_2' title='bbox 1002 318 1321 340; x_wconf 68' lang='lat' dir='ltr'>CHARTULARIUM</span> <span class='ocrx_word' id='word_1_3' title='bbox 1357 317 1547 339; x_wconf 72' lang='lat' dir='ltr'>Uvassns.</span> <span class='ocrx_word' id='word_1_4' title='bbox 1585 317 1714 339; x_wconf 73' lang='lat' dir='ltr'>PAats.</span> <span class='ocrx_word' id='word_1_5' title='bbox 2199 304 2298 340; x_wconf 86' lang='lat'>[1359</span> 
     </span>
    </p>
   </div>
   <div class='ocr_carea' id='block_1_2' title="bbox 423 390 2300 2822">
    <p class='ocr_par' dir='ltr' id='par_1_2' title="bbox 429 390 2300 891">
     <span class='ocr_line' id='line_1_2' title="bbox 430 390 2298 437; baseline -0.002 -12"><span class='ocrx_word' id='word_1_6' title='bbox 430 404 501 437; x_wconf 93' lang='lat' dir='ltr'>quo</span> <span class='ocrx_word' id='word_1_7' title='bbox 523 404 595 425; x_wconf 89' lang='lat' dir='ltr'>non</span> <span class='ocrx_word' id='word_1_8' title='bbox 616 398 709 425; x_wconf 89' lang='lat' dir='ltr'>extat</span> <span class='ocrx_word' id='word_1_9' title='bbox 730 393 903 425; x_wconf 88' lang='lat' dir='ltr'>memoria</span> <span class='ocrx_word' id='word_1_10' title='bbox 923 391 1077 433; x_wconf 78' lang='lat' dir='ltr'>[soleant</span> <span class='ocrx_word' id='word_1_11' title='bbox 1096 404 1159 425; x_wconf 89' lang='lat' dir='ltr'>sua</span> <span class='ocrx_word' id='word_1_12' title='bbox 1181 398 1310 424; x_wconf 88' lang='lat' dir='ltr'>statuta</span> <span class='ocrx_word' id='word_1_13' title='bbox 1332 390 1512 436; x_wconf 91' lang='lat' dir='ltr'>reg]ulare</span> <span class='ocrx_word' id='word_1_14' title='bbox 1534 403 1598 436; x_wconf 90' lang='lat' dir='ltr'>per</span> <span class='ocrx_word' id='word_1_15' title='bbox 1620 402 1671 431; x_wconf 87' lang='lat' dir='ltr'>se,</span> <span class='ocrx_word' id='word_1_16' title='bbox 1695 390 1872 423; x_wconf 87' lang='lat' dir='ltr'>habentes</span> <span class='ocrx_word' id='word_1_17' title='bbox 1900 402 1964 435; x_wconf 87' lang='lat' dir='ltr'>per</span> <span class='ocrx_word' id='word_1_18' title='bbox 1990 402 2028 422; x_wconf 92' lang='lat' dir='ltr'>se</span> <span class='ocrx_word' id='word_1_19' title='bbox 2055 402 2166 422; x_wconf 92' lang='lat' dir='ltr'>unum</span> <span class='ocrx_word' id='word_1_20' title='bbox 2193 390 2298 423; x_wconf 93' lang='lat' dir='ltr'>deca-</span> 
     </span>
     <span class='ocr_line' id='line_1_3' title="bbox 429 456 2299 503; baseline -0.001 -12"><span class='ocrx_word' id='word_1_21' title='bbox 429 471 514 491; x_wconf 90' lang='lat' dir='ltr'>num</span> <span class='ocrx_word' id='word_1_22' title='bbox 541 471 584 491; x_wconf 88' lang='lat' dir='ltr'>ex</span> <span class='ocrx_word' id='word_1_23' title='bbox 611 470 650 491; x_wconf 90' lang='lat' dir='ltr'>se</span> <span class='ocrx_word' id='word_1_24' title='bbox 678 459 768 503; x_wconf 90' lang='lat' dir='ltr'>ipsis</span> <span class='ocrx_word' id='word_1_25' title='bbox 794 471 859 503; x_wconf 91' lang='lat' dir='ltr'>pro</span> <span class='ocrx_word' id='word_1_26' title='bbox 885 459 1000 503; x_wconf 87' lang='lat' dir='ltr'>capite</span> <span class='ocrx_word' id='word_1_27' title='bbox 1027 458 1113 491; x_wconf 89' lang='lat' dir='ltr'>dicti</span> <span class='ocrx_word' id='word_1_28' title='bbox 1138 458 1317 503; x_wconf 88' lang='lat' dir='ltr'>corporis,</span> <span class='ocrx_word' id='word_1_29' title='bbox 1340 457 1501 502; x_wconf 87' lang='lat' dir='ltr'>sigillum</span> <span class='ocrx_word' id='word_1_30' title='bbox 1525 464 1560 490; x_wconf 92' lang='lat' dir='ltr'>et</span> <span class='ocrx_word' id='word_1_31' title='bbox 1584 457 1725 490; x_wconf 84' lang='lat' dir='ltr'>archam</span> <span class='ocrx_word' id='word_1_32' title='bbox 1749 461 1758 498; x_wconf 94' lang='lat'>[</span> <span class='ocrx_word' id='word_1_33' title='bbox 1764 484 1827 489; x_wconf 90' lang='grc'><strong><em>.....</em></strong></span> <span class='ocrx_word' id='word_1_34' title='bbox 1852 457 2008 501; x_wconf 89' lang='lat' dir='ltr'>quando]</span> <span class='ocrx_word' id='word_1_35' title='bbox 2030 457 2082 490; x_wconf 89' lang='lat' dir='ltr'>sic</span> <span class='ocrx_word' id='word_1_36' title='bbox 2104 456 2233 501; x_wconf 87' lang='lat' dir='ltr'>placet.</span> <span class='ocrx_word' id='word_1_37' title='bbox 2256 458 2299 490; x_wconf 90' lang='lat' dir='ltr'>Et</span> 
     </span>
     <span class='ocr_line' id='line_1_4' title="bbox 430 522 2298 569; baseline -0.001 -12"><span class='ocrx_word' id='word_1_38' title='bbox 430 525 688 558; x_wconf 85' lang='lat' dir='ltr'>nichilominus</span> <span class='ocrx_word' id='word_1_39' title='bbox 709 525 856 557; x_wconf 88' lang='lat' dir='ltr'>suerunt</span> <span class='ocrx_word' id='word_1_40' title='bbox 876 531 911 558; x_wconf 88' lang='lat' dir='ltr'>et</span> <span class='ocrx_word' id='word_1_41' title='bbox 932 531 1017 557; x_wconf 89' lang='lat' dir='ltr'>sunt</span> <span class='ocrx_word' id='word_1_42' title='bbox 1036 525 1080 557; x_wconf 76' lang='lat' dir='ltr'>de</span> <span class='ocrx_word' id='word_1_43' title='bbox 1101 536 1254 569; x_wconf 87' lang='lat' dir='ltr'>corpore</span> <span class='ocrx_word' id='word_1_44' title='bbox 1278 524 1534 557; x_wconf 88' lang='lat' dir='ltr'>Universitatis</span> <span class='ocrx_word' id='word_1_45' title='bbox 1555 523 1774 556; x_wconf 89' lang='lat' dir='ltr'>Parisiensis</span> <span class='ocrx_word' id='word_1_46' title='bbox 1796 523 1908 556; x_wconf 88' lang='lat' dir='ltr'>studii</span> <span class='ocrx_word' id='word_1_47' title='bbox 1929 530 1964 556; x_wconf 87' lang='lat' dir='ltr'>et</span> <span class='ocrx_word' id='word_1_48' title='bbox 1984 535 2063 555; x_wconf 90' lang='lat' dir='ltr'>cum</span> <span class='ocrx_word' id='word_1_49' title='bbox 2086 522 2166 556; x_wconf 88' lang='lat' dir='ltr'>aliis</span> <span class='ocrx_word' id='word_1_50' title='bbox 2187 523 2298 556; x_wconf 84' lang='lat' dir='ltr'>facul-</span> 
     </span>
     <span class='ocr_line' id='line_1_5' title="bbox 430 589 2298 636; baseline -0.001 -12"><span class='ocrx_word' id='word_1_51' title='bbox 430 591 563 624; x_wconf 91' lang='lat' dir='ltr'>tatibus</span> <span class='ocrx_word' id='word_1_52' title='bbox 591 596 641 632; x_wconf 84' lang='lat'>[...</span> <span class='ocrx_word' id='word_1_53' title='bbox 670 591 816 632; x_wconf 84' lang='lat' dir='ltr'>faciunt]</span> <span class='ocrx_word' id='word_1_54' title='bbox 842 592 955 636; x_wconf 90' lang='lat' dir='ltr'>ipsam</span> <span class='ocrx_word' id='word_1_55' title='bbox 981 591 1274 631; x_wconf 87' lang='lat' dir='ltr'>Universitatem,</span> <span class='ocrx_word' id='word_1_56' title='bbox 1299 590 1408 623; x_wconf 86' lang='lat' dir='ltr'>rebus</span> <span class='ocrx_word' id='word_1_57' title='bbox 1430 591 1547 635; x_wconf 90' lang='lat' dir='ltr'>ipsius</span> <span class='ocrx_word' id='word_1_58' title='bbox 1570 590 1840 630; x_wconf 86' lang='lat' dir='ltr'>Universitatis,</span> <span class='ocrx_word' id='word_1_59' title='bbox 1863 589 2107 634; x_wconf 73' lang='lat' dir='ltr'>prerogativis</span> <span class='ocrx_word' id='word_1_60' title='bbox 2129 596 2164 622; x_wconf 92' lang='lat' dir='ltr'>et</span> <span class='ocrx_word' id='word_1_61' title='bbox 2183 589 2298 623; x_wconf 91' lang='lat' dir='ltr'>hono-</span> 
     </span>
     <span class='ocr_line' id='line_1_6' title="bbox 430 656 2299 703; baseline -0.002 -12"><span class='ocrx_word' id='word_1_62' title='bbox 430 658 532 691; x_wconf 92' lang='lat' dir='ltr'>ribus</span> <span class='ocrx_word' id='word_1_63' title='bbox 553 671 631 691; x_wconf 91' lang='lat' dir='ltr'>cum</span> <span class='ocrx_word' id='word_1_64' title='bbox 660 658 849 703; x_wconf 80' lang='lat' dir='ltr'>premissis</span> <span class='ocrx_word' id='word_1_65' title='bbox 871 657 1102 690; x_wconf 87' lang='lat' dir='ltr'>facultatibus</span> <span class='ocrx_word' id='word_1_66' title='bbox 1124 658 1352 702; x_wconf 86' lang='lat' dir='ltr'>[gaudentes,</span> <span class='ocrx_word' id='word_1_67' title='bbox 1375 664 1407 689; x_wconf 86' lang='lat' dir='ltr'>ct</span> <span class='ocrx_word' id='word_1_68' title='bbox 1430 657 1473 689; x_wconf 86' lang='lat' dir='ltr'>de</span> <span class='ocrx_word' id='word_1_69' title='bbox 1494 656 1565 689; x_wconf 89' lang='lat' dir='ltr'>hiis</span> <span class='ocrx_word' id='word_1_70' title='bbox 1593 663 1678 689; x_wconf 90' lang='lat' dir='ltr'>sunt</span> <span class='ocrx_word' id='word_1_71' title='bbox 1705 656 1881 701; x_wconf 85' lang='lat' dir='ltr'>magistri]</span> <span class='ocrx_word' id='word_1_72' title='bbox 1909 656 2088 689; x_wconf 75' lang='lat' dir='ltr'>facultatis</span> <span class='ocrx_word' id='word_1_73' title='bbox 2114 656 2299 701; x_wconf 84' lang='lat' dir='ltr'>theologie</span> 
     </span>
     <span class='ocr_line' id='line_1_7' title="bbox 429 722 2299 770; baseline -0.001 -13"><span class='ocrx_word' id='word_1_74' title='bbox 429 725 467 757; x_wconf 94' lang='lat' dir='ltr'>in</span> <span class='ocrx_word' id='word_1_75' title='bbox 493 725 727 770; x_wconf 87' lang='lat' dir='ltr'>possessione</span> <span class='ocrx_word' id='word_1_76' title='bbox 754 730 788 756; x_wconf 89' lang='lat' dir='ltr'>et</span> <span class='ocrx_word' id='word_1_77' title='bbox 813 724 916 768; x_wconf 85' lang='lat' dir='ltr'>quasi</span> <span class='ocrx_word' id='word_1_78' title='bbox 937 724 1188 768; x_wconf 76' lang='lat' dir='ltr'>possessione,</span> <span class='ocrx_word' id='word_1_79' title='bbox 1215 730 1250 756; x_wconf 86' lang='lat' dir='ltr'>et</span> <span class='ocrx_word' id='word_1_80' title='bbox 1275 724 1423 755; x_wconf 88' lang='lat' dir='ltr'>suerunt</span> <span class='ocrx_word' id='word_1_81' title='bbox 1450 735 1468 755; x_wconf 87' lang='lat' dir='ltr'>a</span> <span class='ocrx_word' id='word_1_82' title='bbox 1497 723 1603 755; x_wconf 87' lang='lat' dir='ltr'>dictis</span> <span class='ocrx_word' id='word_1_83' title='bbox 1634 722 1861 766; x_wconf 76' lang='lat' dir='ltr'>temporibus</span> <span class='ocrx_word' id='word_1_84' title='bbox 1890 722 1991 763; x_wconf 88' lang='lat' dir='ltr'>citra,</span> <span class='ocrx_word' id='word_1_85' title='bbox 2014 729 2049 755; x_wconf 88' lang='lat' dir='ltr'>et</span> <span class='ocrx_word' id='word_1_86' title='bbox 2078 722 2123 755; x_wconf 92' lang='lat' dir='ltr'>de</span> <span class='ocrx_word' id='word_1_87' title='bbox 2152 722 2223 756; x_wconf 90' lang='lat' dir='ltr'>hiis</span> <span class='ocrx_word' id='word_1_88' title='bbox 2245 729 2299 756; x_wconf 86' lang='lat' dir='ltr'>est</span> 
     </span>
     <span class='ocr_line' id='line_1_8' title="bbox 430 788 2300 835; baseline -0.002 -11"><span class='ocrx_word' id='word_1_89' title='bbox 430 791 590 824; x_wconf 91' lang='lat' dir='ltr'>Parisius</span> <span class='ocrx_word' id='word_1_90' title='bbox 617 797 651 823; x_wconf 89' lang='lat' dir='ltr'>et</span> <span class='ocrx_word' id='word_1_91' title='bbox 678 791 726 831; x_wconf 91' lang='lat' dir='ltr'>[in</span> <span class='ocrx_word' id='word_1_92' title='bbox 748 790 992 823; x_wconf 87' lang='lat' dir='ltr'>Universitate</span> <span class='ocrx_word' id='word_1_93' title='bbox 1013 789 1157 835; x_wconf 86' lang='lat' dir='ltr'>publica</span> <span class='ocrx_word' id='word_1_94' title='bbox 1178 802 1247 822; x_wconf 84' lang='lat' dir='ltr'>vox</span> <span class='ocrx_word' id='word_1_95' title='bbox 1268 794 1312 830; x_wconf 92' lang='lat' dir='ltr'>et]</span> <span class='ocrx_word' id='word_1_96' title='bbox 1334 790 1438 829; x_wconf 87' lang='lat' dir='ltr'>fama,</span> <span class='ocrx_word' id='word_1_97' title='bbox 1461 796 1496 822; x_wconf 90' lang='lat' dir='ltr'>et</span> <span class='ocrx_word' id='word_1_98' title='bbox 1516 789 1582 822; x_wconf 86' lang='lat' dir='ltr'>hec</span> <span class='ocrx_word' id='word_1_99' title='bbox 1604 801 1669 834; x_wconf 84' lang='lat' dir='ltr'>pro</span> <span class='ocrx_word' id='word_1_100' title='bbox 1691 789 1845 821; x_wconf 85' lang='lat' dir='ltr'>notoriis</span> <span class='ocrx_word' id='word_1_101' title='bbox 1867 788 1929 821; x_wconf 92' lang='lat' dir='ltr'>ubi</span> <span class='ocrx_word' id='word_1_102' title='bbox 1958 801 2066 834; x_wconf 91' lang='lat' dir='ltr'>supra</span> <span class='ocrx_word' id='word_1_103' title='bbox 2087 796 2300 834; x_wconf 88' lang='lat' dir='ltr'>reputantur</span> 
     </span>
     <span class='ocr_line' id='line_1_9' title="bbox 429 857 675 891; baseline -0.008 0"><span class='ocrx_word' id='word_1_104' title='bbox 429 865 465 891; x_wconf 90' lang='lat' dir='ltr'>et</span> <span class='ocrx_word' id='word_1_105' title='bbox 485 857 675 890; x_wconf 85' lang='lat' dir='ltr'>habentur.</span> 
     </span>
    </p>

    <p class='ocr_par' dir='ltr' id='par_1_3' title="bbox 428 922 2300 1488">
     <span class='ocr_line' id='line_1_10' title="bbox 519 922 2298 968; baseline 0 -12"><span class='ocrx_word' id='word_1_106' title='bbox 519 925 564 956; x_wconf 86' lang='grc' dir='ltr'>ΙΙ.</span> <span class='ocrx_word' id='word_1_107' title='bbox 588 925 675 957; x_wconf 92' lang='lat' dir='ltr'>Item</span> <span class='ocrx_word' id='word_1_108' title='bbox 706 930 741 956; x_wconf 87' lang='lat' dir='ltr'>et</span> <span class='ocrx_word' id='word_1_109' title='bbox 770 923 880 968; x_wconf 90' lang='lat' dir='ltr'>quod,</span> <span class='ocrx_word' id='word_1_110' title='bbox 910 923 1054 968; x_wconf 90' lang='lat' dir='ltr'>quando</span> <span class='ocrx_word' id='word_1_111' title='bbox 1085 922 1261 967; x_wconf 89' lang='lat' dir='ltr'>contingit</span> <span class='ocrx_word' id='word_1_112' title='bbox 1289 922 1615 967; x_wconf 80' lang='lat' dir='ltr'>congregacionem</span> <span class='ocrx_word' id='word_1_113' title='bbox 1645 922 1681 954; x_wconf 92' lang='lat' dir='ltr'>in</span> <span class='ocrx_word' id='word_1_114' title='bbox 1710 922 1804 954; x_wconf 87' lang='lat' dir='ltr'>dicta</span> <span class='ocrx_word' id='word_1_115' title='bbox 1831 922 2075 955; x_wconf 88' lang='lat' dir='ltr'>Universitate</span> <span class='ocrx_word' id='word_1_116' title='bbox 2100 922 2298 956; x_wconf 85' lang='lat' dir='ltr'>Parisiensi</span> 
     </span>
     <span class='ocr_line' id='line_1_11' title="bbox 430 988 2300 1034; baseline -0.001 -11"><span class='ocrx_word' id='word_1_117' title='bbox 430 990 522 1031; x_wconf 88' lang='lat' dir='ltr'>fieri,</span> <span class='ocrx_word' id='word_1_118' title='bbox 546 996 665 1023; x_wconf 89' lang='lat' dir='ltr'>rector</span> <span class='ocrx_word' id='word_1_119' title='bbox 689 1002 758 1022; x_wconf 90' lang='lat' dir='ltr'>una</span> <span class='ocrx_word' id='word_1_120' title='bbox 785 1002 864 1022; x_wconf 88' lang='lat' dir='ltr'>cum</span> <span class='ocrx_word' id='word_1_121' title='bbox 898 989 1052 1022; x_wconf 86' lang='lat' dir='ltr'>bedellis</span> <span class='ocrx_word' id='word_1_122' title='bbox 1080 989 1117 1021; x_wconf 93' lang='lat' dir='ltr'>in</span> <span class='ocrx_word' id='word_1_123' title='bbox 1147 989 1293 1034; x_wconf 88' lang='lat' dir='ltr'>propria</span> <span class='ocrx_word' id='word_1_124' title='bbox 1324 1000 1478 1033; x_wconf 85' lang='lat' dir='ltr'>persona</span> <span class='ocrx_word' id='word_1_125' title='bbox 1507 989 1621 1033; x_wconf 85' lang='lat' dir='ltr'>ipsam</span> <span class='ocrx_word' id='word_1_126' title='bbox 1652 992 1852 1029; x_wconf 83' lang='lat' dir='ltr'>con[vocat,</span> <span class='ocrx_word' id='word_1_127' title='bbox 1884 992 1929 1029; x_wconf 84' lang='lat' dir='ltr'>et]</span> <span class='ocrx_word' id='word_1_128' title='bbox 1957 988 2072 1033; x_wconf 86' lang='lat' dir='ltr'>pridie</span> <span class='ocrx_word' id='word_1_129' title='bbox 2104 1000 2207 1033; x_wconf 89' lang='lat' dir='ltr'>quam</span> <span class='ocrx_word' id='word_1_130' title='bbox 2240 988 2300 1022; x_wconf 85' lang='lat' dir='ltr'>fiat</span> 
     </span>
     <span class='ocr_line' id='line_1_12' title="bbox 429 1055 2298 1103; baseline 0 -14"><span class='ocrx_word' id='word_1_131' title='bbox 429 1057 590 1090; x_wconf 85' lang='lat' dir='ltr'>insinuat</span> <span class='ocrx_word' id='word_1_132' title='bbox 613 1063 647 1089; x_wconf 89' lang='lat' dir='ltr'>et</span> <span class='ocrx_word' id='word_1_133' title='bbox 667 1056 835 1101; x_wconf 89' lang='lat' dir='ltr'>designat</span> <span class='ocrx_word' id='word_1_134' title='bbox 855 1056 991 1088; x_wconf 91' lang='lat' dir='ltr'>decano</span> <span class='ocrx_word' id='word_1_135' title='bbox 1014 1056 1108 1088; x_wconf 87' lang='lat' dir='ltr'>dicte</span> <span class='ocrx_word' id='word_1_136' title='bbox 1128 1055 1307 1088; x_wconf 71' lang='lat' dir='ltr'>facultatis</span> <span class='ocrx_word' id='word_1_137' title='bbox 1329 1055 1527 1099; x_wconf 70' lang='lat' dir='ltr'>theologie,</span> <span class='ocrx_word' id='word_1_138' title='bbox 1550 1055 1610 1099; x_wconf 88' lang='lat' dir='ltr'>qui</span> <span class='ocrx_word' id='word_1_139' title='bbox 1633 1061 1718 1087; x_wconf 89' lang='lat' dir='ltr'>tunc</span> <span class='ocrx_word' id='word_1_140' title='bbox 1740 1066 1804 1099; x_wconf 81' lang='lat' dir='ltr'>pro</span> <span class='ocrx_word' id='word_1_141' title='bbox 1832 1061 1994 1103; x_wconf 84' lang='lat' dir='ltr'>tempore</span> <span class='ocrx_word' id='word_1_142' title='bbox 2016 1055 2149 1095; x_wconf 76' lang='lat' dir='ltr'>existit,</span> <span class='ocrx_word' id='word_1_143' title='bbox 2173 1061 2208 1088; x_wconf 88' lang='lat' dir='ltr'>et</span> <span class='ocrx_word' id='word_1_144' title='bbox 2227 1055 2298 1089; x_wconf 81' lang='lat' dir='ltr'>nisi</span> 
     </span>
     <span class='ocr_line' id='line_1_13' title="bbox 430 1120 2298 1167; baseline -0.001 -12"><span class='ocrx_word' id='word_1_145' title='bbox 430 1123 526 1156; x_wconf 92' lang='lat' dir='ltr'>idem</span> <span class='ocrx_word' id='word_1_146' title='bbox 548 1129 666 1155; x_wconf 88' lang='lat' dir='ltr'>rector</span> <span class='ocrx_word' id='word_1_147' title='bbox 686 1122 754 1155; x_wconf 86' lang='lat' dir='ltr'>hoc</span> <span class='ocrx_word' id='word_1_148' title='bbox 775 1128 923 1166; x_wconf 91' lang='lat' dir='ltr'>propter</span> <span class='ocrx_word' id='word_1_149' title='bbox 943 1121 1060 1166; x_wconf 90' lang='lat' dir='ltr'>aliqua</span> <span class='ocrx_word' id='word_1_150' title='bbox 1081 1122 1361 1166; x_wconf 89' lang='lat' dir='ltr'>[impedimenta]</span> <span class='ocrx_word' id='word_1_151' title='bbox 1383 1121 1498 1166; x_wconf 88' lang='lat' dir='ltr'>possit</span> <span class='ocrx_word' id='word_1_152' title='bbox 1517 1121 1759 1166; x_wconf 88' lang='lat' dir='ltr'>personaliter</span> <span class='ocrx_word' id='word_1_153' title='bbox 1775 1121 1906 1161; x_wconf 89' lang='lat' dir='ltr'>facere,</span> <span class='ocrx_word' id='word_1_154' title='bbox 1924 1121 2002 1165; x_wconf 87' lang='lat' dir='ltr'>ipse</span> <span class='ocrx_word' id='word_1_155' title='bbox 2019 1121 2125 1153; x_wconf 89' lang='lat' dir='ltr'>mittit</span> <span class='ocrx_word' id='word_1_156' title='bbox 2142 1120 2298 1167; x_wconf 89' lang='lat' dir='ltr'>aliquem</span> 
     </span>
     <span class='ocr_line' id='line_1_14' title="bbox 430 1187 2298 1234; baseline -0.001 -12"><span class='ocrx_word' id='word_1_157' title='bbox 430 1190 475 1222; x_wconf 91' lang='lat' dir='ltr'>de</span> <span class='ocrx_word' id='word_1_158' title='bbox 497 1189 681 1234; x_wconf 85' lang='lat' dir='ltr'>magistris</span> <span class='ocrx_word' id='word_1_159' title='bbox 707 1189 801 1221; x_wconf 92' lang='lat' dir='ltr'>dicte</span> <span class='ocrx_word' id='word_1_160' title='bbox 827 1188 955 1220; x_wconf 90' lang='lat' dir='ltr'>artium</span> <span class='ocrx_word' id='word_1_161' title='bbox 981 1188 1159 1221; x_wconf 84' lang='lat' dir='ltr'>facultatis</span> <span class='ocrx_word' id='word_1_162' title='bbox 1191 1194 1376 1233; x_wconf 86' lang='lat' dir='ltr'>regentem</span> <span class='ocrx_word' id='word_1_163' title='bbox 1410 1187 1453 1220; x_wconf 89' lang='lat' dir='ltr'>ad</span> <span class='ocrx_word' id='word_1_164' title='bbox 1483 1188 1601 1232; x_wconf 91' lang='lat' dir='ltr'>ipsum</span> <span class='ocrx_word' id='word_1_165' title='bbox 1635 1187 1810 1220; x_wconf 89' lang='lat' dir='ltr'>decanum</span> <span class='ocrx_word' id='word_1_166' title='bbox 1840 1198 1905 1232; x_wconf 88' lang='lat' dir='ltr'>pro</span> <span class='ocrx_word' id='word_1_167' title='bbox 1933 1187 2027 1220; x_wconf 82' lang='lat' dir='ltr'>dicta</span> <span class='ocrx_word' id='word_1_168' title='bbox 2052 1187 2298 1221; x_wconf 86' lang='lat' dir='ltr'>insinuatione</span> 
     </span>
     <span class='ocr_line' id='line_1_15' title="bbox 429 1253 2299 1299; baseline -0.001 -11"><span class='ocrx_word' id='word_1_169' title='bbox 429 1255 604 1293; x_wconf 76' lang='lat' dir='ltr'>facienda.</span> <span class='ocrx_word' id='word_1_170' title='bbox 628 1254 857 1295; x_wconf 86' lang='lat' dir='ltr'>excu[sando]</span> <span class='ocrx_word' id='word_1_171' title='bbox 879 1266 918 1287; x_wconf 90' lang='lat' dir='ltr'>se</span> <span class='ocrx_word' id='word_1_172' title='bbox 940 1266 1050 1299; x_wconf 89' lang='lat' dir='ltr'>quare</span> <span class='ocrx_word' id='word_1_173' title='bbox 1072 1254 1116 1287; x_wconf 92' lang='lat' dir='ltr'>ad</span> <span class='ocrx_word' id='word_1_174' title='bbox 1141 1254 1259 1299; x_wconf 90' lang='lat' dir='ltr'>ipsum</span> <span class='ocrx_word' id='word_1_175' title='bbox 1281 1254 1454 1286; x_wconf 89' lang='lat' dir='ltr'>decanum</span> <span class='ocrx_word' id='word_1_176' title='bbox 1479 1253 1721 1298; x_wconf 86' lang='lat' dir='ltr'>personaliter</span> <span class='ocrx_word' id='word_1_177' title='bbox 1742 1265 1814 1286; x_wconf 89' lang='lat' dir='ltr'>non</span> <span class='ocrx_word' id='word_1_178' title='bbox 1835 1253 1986 1294; x_wconf 85' lang='lat' dir='ltr'>accedit,</span> <span class='ocrx_word' id='word_1_179' title='bbox 2013 1253 2096 1287; x_wconf 89' lang='lat' dir='ltr'>licet</span> <span class='ocrx_word' id='word_1_180' title='bbox 2123 1254 2160 1286; x_wconf 91' lang='lat' dir='ltr'>in</span> <span class='ocrx_word' id='word_1_181' title='bbox 2187 1253 2299 1287; x_wconf 85' lang='lat' dir='ltr'>facul·-</span> 
     </span>
     <span class='ocr_line' id='line_1_16' title="bbox 430 1320 2298 1365; baseline -0.001 -10"><span class='ocrx_word' id='word_1_182' title='bbox 430 1322 563 1355; x_wconf 88' lang='lat' dir='ltr'>tatibus</span> <span class='ocrx_word' id='word_1_183' title='bbox 594 1322 821 1354; x_wconf 90' lang='lat' dir='ltr'>decretorum</span> <span class='ocrx_word' id='word_1_184' title='bbox 848 1327 883 1353; x_wconf 91' lang='lat' dir='ltr'>et</span> <span class='ocrx_word' id='word_1_185' title='bbox 913 1321 1091 1353; x_wconf 86' lang='lat' dir='ltr'>medicine</span> <span class='ocrx_word' id='word_1_186' title='bbox 1119 1320 1271 1353; x_wconf 83' lang='lat' dir='ltr'>sufficiat</span> <span class='ocrx_word' id='word_1_187' title='bbox 1302 1332 1365 1365; x_wconf 91' lang='lat' dir='ltr'>per</span> <span class='ocrx_word' id='word_1_188' title='bbox 1395 1320 1548 1353; x_wconf 86' lang='lat' dir='ltr'>litteram</span> <span class='ocrx_word' id='word_1_189' title='bbox 1580 1320 1733 1353; x_wconf 90' lang='lat' dir='ltr'>rectoris</span> <span class='ocrx_word' id='word_1_190' title='bbox 1763 1332 1843 1352; x_wconf 92' lang='lat' dir='ltr'>cum</span> <span class='ocrx_word' id='word_1_191' title='bbox 1871 1320 2028 1364; x_wconf 85' lang='lat' dir='ltr'>sig[neto</span> <span class='ocrx_word' id='word_1_192' title='bbox 2057 1324 2137 1361; x_wconf 91' lang='lat' dir='ltr'>suo]</span> <span class='ocrx_word' id='word_1_193' title='bbox 2167 1320 2298 1354; x_wconf 86' lang='lat' dir='ltr'>dictam</span> 
     </span>
     <span class='ocr_line' id='line_1_17' title="bbox 428 1386 2298 1433; baseline -0.001 -12"><span class='ocrx_word' id='word_1_194' title='bbox 428 1388 756 1433; x_wconf 83' lang='lat' dir='ltr'>congregacionem</span> <span class='ocrx_word' id='word_1_195' title='bbox 778 1387 925 1419; x_wconf 88' lang='lat' dir='ltr'>decanis</span> <span class='ocrx_word' id='word_1_196' title='bbox 946 1387 1105 1431; x_wconf 90' lang='lat' dir='ltr'>ipsarum</span> <span class='ocrx_word' id='word_1_197' title='bbox 1127 1387 1333 1419; x_wconf 85' lang='lat' dir='ltr'>facultatum</span> <span class='ocrx_word' id='word_1_198' title='bbox 1355 1387 1540 1431; x_wconf 90' lang='lat' dir='ltr'>designari</span> <span class='ocrx_word' id='word_1_199' title='bbox 1562 1399 1627 1431; x_wconf 89' lang='lat' dir='ltr'>pro</span> <span class='ocrx_word' id='word_1_200' title='bbox 1648 1387 1833 1431; x_wconf 83' lang='lat' dir='ltr'>magistris</span> <span class='ocrx_word' id='word_1_201' title='bbox 1855 1398 1976 1419; x_wconf 86' lang='lat' dir='ltr'>earum</span> <span class='ocrx_word' id='word_1_202' title='bbox 1999 1386 2043 1419; x_wconf 83' lang='lat' dir='ltr'>ad</span> <span class='ocrx_word' id='word_1_203' title='bbox 2064 1398 2139 1419; x_wconf 90' lang='lat' dir='ltr'>eam</span> <span class='ocrx_word' id='word_1_204' title='bbox 2163 1399 2298 1420; x_wconf 89' lang='lat' dir='ltr'>convo-</span> 
     </span>
     <span class='ocr_line' id='line_1_18' title="bbox 429 1455 567 1488; baseline -0.007 0"><span class='ocrx_word' id='word_1_205' title='bbox 429 1455 567 1488; x_wconf 89' lang='lat' dir='ltr'>candis.</span> 
     </span>
    </p>

    <p class='ocr_par' dir='ltr' id='par_1_4' title="bbox 427 1519 2298 1831">
     <span class='ocr_line' id='line_1_19' title="bbox 521 1519 2298 1565; baseline 0 -12"><span class='ocrx_word' id='word_1_206' title='bbox 521 1522 582 1553; x_wconf 81' lang='grc' dir='ltr'><strong>ΙΙΙ.</strong></span> <span class='ocrx_word' id='word_1_207' title='bbox 614 1522 701 1553; x_wconf 89' lang='lat' dir='ltr'>Item</span> <span class='ocrx_word' id='word_1_208' title='bbox 730 1527 763 1552; x_wconf 89' lang='lat' dir='ltr'>et</span> <span class='ocrx_word' id='word_1_209' title='bbox 791 1520 901 1564; x_wconf 91' lang='lat' dir='ltr'>quod,</span> <span class='ocrx_word' id='word_1_210' title='bbox 933 1532 1012 1552; x_wconf 91' lang='lat' dir='ltr'>cum</span> <span class='ocrx_word' id='word_1_211' title='bbox 1039 1519 1156 1565; x_wconf 84' lang='lat' dir='ltr'>ipsius</span> <span class='ocrx_word' id='word_1_212' title='bbox 1187 1519 1456 1560; x_wconf 85' lang='lat' dir='ltr'>Universitatis,</span> <span class='ocrx_word' id='word_1_213' title='bbox 1486 1519 1656 1552; x_wconf 78' lang='lat' dir='ltr'>videlicet</span> <span class='ocrx_word' id='word_1_214' title='bbox 1686 1519 1894 1552; x_wconf 82' lang='lat' dir='ltr'>facultatum</span> <span class='ocrx_word' id='word_1_215' title='bbox 1921 1519 2119 1564; x_wconf 80' lang='lat' dir='ltr'>theologie,</span> <span class='ocrx_word' id='word_1_216' title='bbox 2143 1519 2298 1553; x_wconf 89' lang='lat' dir='ltr'>decreti-</span> 
     </span>
     <span class='ocr_line' id='line_1_20' title="bbox 430 1585 2297 1631; baseline -0.001 -10"><span class='ocrx_word' id='word_1_217' title='bbox 430 1595 579 1628; x_wconf 87' lang='lat' dir='ltr'>starum,</span> <span class='ocrx_word' id='word_1_218' title='bbox 602 1587 824 1619; x_wconf 88' lang='lat' dir='ltr'>medicorum</span> <span class='ocrx_word' id='word_1_219' title='bbox 847 1593 882 1618; x_wconf 91' lang='lat' dir='ltr'>et</span> <span class='ocrx_word' id='word_1_220' title='bbox 901 1586 1118 1620; x_wconf 79' lang='lat' dir='ltr'>artistarum,</span> <span class='ocrx_word' id='word_1_221' title='bbox 1140 1585 1177 1618; x_wconf 89' lang='lat' dir='ltr'>fit</span> <span class='ocrx_word' id='word_1_222' title='bbox 1198 1586 1454 1631; x_wconf 81' lang='lat' dir='ltr'>congregacio.</span> <span class='ocrx_word' id='word_1_223' title='bbox 1478 1589 1718 1630; x_wconf 86' lang='lat' dir='ltr'>uua[queque]</span> <span class='ocrx_word' id='word_1_224' title='bbox 1740 1585 1904 1626; x_wconf 80' lang='lat' dir='ltr'>facultas,</span> <span class='ocrx_word' id='word_1_225' title='bbox 1928 1592 2035 1630; x_wconf 92' lang='lat' dir='ltr'>prout</span> <span class='ocrx_word' id='word_1_226' title='bbox 2055 1586 2091 1618; x_wconf 90' lang='lat' dir='ltr'>in</span> <span class='ocrx_word' id='word_1_227' title='bbox 2109 1586 2297 1620; x_wconf 83' lang='lat' dir='ltr'>Universi-</span> 
     </span>
     <span class='ocr_line' id='line_1_21' title="bbox 430 1651 2296 1699; baseline -0.001 -12"><span class='ocrx_word' id='word_1_228' title='bbox 430 1661 500 1688; x_wconf 89' lang='lat' dir='ltr'>tate</span> <span class='ocrx_word' id='word_1_229' title='bbox 522 1654 641 1699; x_wconf 88' lang='lat' dir='ltr'>potior</span> <span class='ocrx_word' id='word_1_230' title='bbox 668 1652 833 1685; x_wconf 86' lang='lat' dir='ltr'>facultate</span> <span class='ocrx_word' id='word_1_231' title='bbox 855 1652 921 1684; x_wconf 91' lang='lat' dir='ltr'>alia</span> <span class='ocrx_word' id='word_1_232' title='bbox 952 1658 1151 1696; x_wconf 87' lang='lat' dir='ltr'>reputatur,</span> <span class='ocrx_word' id='word_1_233' title='bbox 1172 1652 1323 1696; x_wconf 83' lang='lat' dir='ltr'>gradum</span> <span class='ocrx_word' id='word_1_234' title='bbox 1353 1652 1507 1684; x_wconf 89' lang='lat' dir='ltr'>sedendi</span> <span class='ocrx_word' id='word_1_235' title='bbox 1536 1653 1713 1697; x_wconf 87' lang='lat' dir='ltr'>potiorem</span> <span class='ocrx_word' id='word_1_236' title='bbox 1741 1651 1904 1685; x_wconf 87' lang='lat' dir='ltr'>habetet</span> <span class='ocrx_word' id='word_1_237' title='bbox 1931 1651 2064 1684; x_wconf 89' lang='lat' dir='ltr'>habere</span> <span class='ocrx_word' id='word_1_238' title='bbox 2093 1653 2296 1694; x_wconf 89' lang='lat' dir='ltr'>consuevit,</span> 
     </span>
     <span class='ocr_line' id='line_1_22' title="bbox 427 1718 2297 1764; baseline -0.001 -10"><span class='ocrx_word' id='word_1_239' title='bbox 427 1720 611 1762; x_wconf 87' lang='lat' dir='ltr'>v[idelicet</span> <span class='ocrx_word' id='word_1_240' title='bbox 639 1731 702 1764; x_wconf 91' lang='lat' dir='ltr'>pre</span> <span class='ocrx_word' id='word_1_241' title='bbox 733 1718 928 1763; x_wconf 85' lang='lat' dir='ltr'>magistris]</span> <span class='ocrx_word' id='word_1_242' title='bbox 954 1718 1133 1750; x_wconf 90' lang='lat' dir='ltr'>facultatis</span> <span class='ocrx_word' id='word_1_243' title='bbox 1161 1718 1289 1750; x_wconf 89' lang='lat' dir='ltr'>artium</span> <span class='ocrx_word' id='word_1_244' title='bbox 1318 1718 1463 1759; x_wconf 89' lang='lat' dir='ltr'>medici,</span> <span class='ocrx_word' id='word_1_245' title='bbox 1495 1730 1558 1763; x_wconf 91' lang='lat' dir='ltr'>pre</span> <span class='ocrx_word' id='word_1_246' title='bbox 1586 1718 1738 1751; x_wconf 85' lang='lat' dir='ltr'>medicis</span> <span class='ocrx_word' id='word_1_247' title='bbox 1767 1718 1976 1760; x_wconf 88' lang='lat' dir='ltr'>decretiste,</span> <span class='ocrx_word' id='word_1_248' title='bbox 2004 1730 2067 1764; x_wconf 93' lang='lat' dir='ltr'>pre</span> <span class='ocrx_word' id='word_1_249' title='bbox 2089 1719 2297 1753; x_wconf 81' lang='lat' dir='ltr'>decretistis</span> 
     </span>
     <span class='ocr_line' id='line_1_23' title="bbox 429 1781 2129 1831; baseline -0.001 -11"><span class='ocrx_word' id='word_1_250' title='bbox 429 1787 591 1831; x_wconf 88' lang='lat' dir='ltr'>theologi</span> <span class='ocrx_word' id='word_1_251' title='bbox 612 1785 870 1819; x_wconf 89' lang='lat' dir='ltr'>consueverint</span> <span class='ocrx_word' id='word_1_252' title='bbox 890 1785 927 1816; x_wconf 90' lang='lat' dir='ltr'>in</span> <span class='ocrx_word' id='word_1_253' title='bbox 948 1784 1099 1817; x_wconf 88' lang='lat' dir='ltr'>sedibus</span> <span class='ocrx_word' id='word_1_254' title='bbox 1120 1784 1317 1828; x_wconf 89' lang='lat' dir='ltr'>[prioribus</span> <span class='ocrx_word' id='word_1_255' title='bbox 1337 1788 1382 1825; x_wconf 88' lang='lat' dir='ltr'>et]</span> <span class='ocrx_word' id='word_1_256' title='bbox 1404 1784 1740 1818; x_wconf 88' lang='lat' dir='ltr'>honorabilioribus</span> <span class='ocrx_word' id='word_1_257' title='bbox 1757 1789 1873 1829; x_wconf 88' lang='lat' dir='ltr'>[quam</span> <span class='ocrx_word' id='word_1_258' title='bbox 1895 1781 1967 1826; x_wconf 90' lang='lat' dir='ltr'>alii]</span> <span class='ocrx_word' id='word_1_259' title='bbox 1989 1785 2129 1818; x_wconf 86' lang='lat' dir='ltr'>sedere.</span> 
     </span>
    </p>

    <p class='ocr_par' dir='ltr' id='par_1_5' title="bbox 428 1850 2298 2161">
     <span class='ocr_line' id='line_1_24' title="bbox 519 1850 2298 1898; baseline -0.001 -12"><span class='ocrx_word' id='word_1_260' title='bbox 519 1854 579 1886; x_wconf 90' lang='lat' dir='ltr'>IV.</span> <span class='ocrx_word' id='word_1_261' title='bbox 602 1853 690 1885; x_wconf 89' lang='lat' dir='ltr'>Item</span> <span class='ocrx_word' id='word_1_262' title='bbox 711 1858 746 1884; x_wconf 87' lang='lat' dir='ltr'>et</span> <span class='ocrx_word' id='word_1_263' title='bbox 766 1857 954 1895; x_wconf 88' lang='lat' dir='ltr'>postquam</span> <span class='ocrx_word' id='word_1_264' title='bbox 978 1857 1108 1891; x_wconf 76' lang='lat' dir='ltr'>rector,</span> <span class='ocrx_word' id='word_1_265' title='bbox 1136 1850 1197 1895; x_wconf 92' lang='lat' dir='ltr'>qui</span> <span class='ocrx_word' id='word_1_266' title='bbox 1218 1851 1346 1883; x_wconf 89' lang='lat' dir='ltr'>stando</span> <span class='ocrx_word' id='word_1_267' title='bbox 1373 1851 1409 1883; x_wconf 91' lang='lat' dir='ltr'>in</span> <span class='ocrx_word' id='word_1_268' title='bbox 1441 1850 1596 1896; x_wconf 86' lang='lat' dir='ltr'>pedibus</span> <span class='ocrx_word' id='word_1_269' title='bbox 1622 1851 1658 1883; x_wconf 91' lang='lat' dir='ltr'>in</span> <span class='ocrx_word' id='word_1_270' title='bbox 1680 1851 1860 1896; x_wconf 87' lang='lat' dir='ltr'>principio</span> <span class='ocrx_word' id='word_1_271' title='bbox 1882 1851 2080 1896; x_wconf 82' lang='lat' dir='ltr'>cujuslibet</span> <span class='ocrx_word' id='word_1_272' title='bbox 2099 1863 2298 1898; x_wconf 86' lang='lat' dir='ltr'>congrega-</span> 
     </span>
     <span class='ocr_line' id='line_1_25' title="bbox 429 1917 2297 1964; baseline -0.001 -12"><span class='ocrx_word' id='word_1_273' title='bbox 429 1920 539 1953; x_wconf 90' lang='lat' dir='ltr'>tionis</span> <span class='ocrx_word' id='word_1_274' title='bbox 635 1918 672 1950; x_wconf 89' lang='lat' dir='ltr'>in</span> <span class='ocrx_word' id='word_1_275' title='bbox 693 1917 881 1962; x_wconf 86' lang='lat' dir='ltr'>presencia</span> <span class='ocrx_word' id='word_1_276' title='bbox 903 1917 1106 1949; x_wconf 89' lang='lat' dir='ltr'>sedentium</span> <span class='ocrx_word' id='word_1_277' title='bbox 1129 1917 1397 1962; x_wconf 86' lang='lat' dir='ltr'>[magistrorum</span> <span class='ocrx_word' id='word_1_278' title='bbox 1424 1917 1572 1950; x_wconf 90' lang='lat' dir='ltr'>aliarum</span> <span class='ocrx_word' id='word_1_279' title='bbox 1594 1917 1800 1950; x_wconf 89' lang='lat' dir='ltr'>facultatum</span> <span class='ocrx_word' id='word_1_280' title='bbox 1831 1922 1894 1958; x_wconf 76' lang='lat'>..,.]</span> <span class='ocrx_word' id='word_1_281' title='bbox 1921 1924 1955 1951; x_wconf 94' lang='lat' dir='ltr'>et</span> <span class='ocrx_word' id='word_1_282' title='bbox 1981 1918 2126 1963; x_wconf 90' lang='lat' dir='ltr'>negotia</span> <span class='ocrx_word' id='word_1_283' title='bbox 2147 1925 2297 1964; x_wconf 89' lang='lat' dir='ltr'>propter</span> 
     </span>
     <span class='ocr_line' id='line_1_26' title="bbox 428 1983 2294 2031; baseline 0 -13"><span class='ocrx_word' id='word_1_284' title='bbox 428 1998 499 2031; x_wconf 90' lang='lat' dir='ltr'>que</span> <span class='ocrx_word' id='word_1_285' title='bbox 530 1992 615 2018; x_wconf 90' lang='lat' dir='ltr'>sunt</span> <span class='ocrx_word' id='word_1_286' title='bbox 644 1984 781 2017; x_wconf 89' lang='lat' dir='ltr'>evocati</span> <span class='ocrx_word' id='word_1_287' title='bbox 813 1990 847 2015; x_wconf 90' lang='lat' dir='ltr'>et</span> <span class='ocrx_word' id='word_1_288' title='bbox 877 1983 1089 2028; x_wconf 85' lang='lat' dir='ltr'>congregati</span> <span class='ocrx_word' id='word_1_289' title='bbox 1115 1987 1124 2024; x_wconf 96' lang='lat'>[</span> <span class='ocrx_word' id='word_1_290' title='bbox 1130 2009 1207 2015; x_wconf 89' lang='grc'>......</span> <span class='ocrx_word' id='word_1_291' title='bbox 1212 1987 1222 2023; x_wconf 84' lang='lat'>]</span> <span class='ocrx_word' id='word_1_292' title='bbox 1252 1983 1472 2016; x_wconf 85' lang='lat' dir='ltr'>facultatum.</span> <span class='ocrx_word' id='word_1_293' title='bbox 1502 1984 1735 2017; x_wconf 87' lang='lat' dir='ltr'>Postmodum</span> <span class='ocrx_word' id='word_1_294' title='bbox 1773 1984 1869 2029; x_wconf 90' lang='lat' dir='ltr'>quod</span> <span class='ocrx_word' id='word_1_295' title='bbox 1897 1985 2056 2029; x_wconf 87' lang='lat' dir='ltr'>ipsarum</span> <span class='ocrx_word' id='word_1_296' title='bbox 2088 1984 2294 2018; x_wconf 89' lang='lat' dir='ltr'>facultatum</span> 
     </span>
     <span class='ocr_line' id='line_1_27' title="bbox 428 2049 2296 2096; baseline -0.001 -11"><span class='ocrx_word' id='word_1_297' title='bbox 428 2057 438 2093; x_wconf 87' lang='lat'>[</span> <span class='ocrx_word' id='word_1_298' title='bbox 445 2079 536 2085; x_wconf 90' lang='lat'>.......</span> <span class='ocrx_word' id='word_1_299' title='bbox 542 2056 551 2092; x_wconf 96' lang='lat'>]</span> <span class='ocrx_word' id='word_1_300' title='bbox 575 2057 681 2096; x_wconf 89' lang='lat' dir='ltr'>prout</span> <span class='ocrx_word' id='word_1_301' title='bbox 706 2050 743 2082; x_wconf 90' lang='lat' dir='ltr'>in</span> <span class='ocrx_word' id='word_1_302' title='bbox 770 2050 847 2094; x_wconf 90' lang='lat' dir='ltr'>ipsa</span> <span class='ocrx_word' id='word_1_303' title='bbox 875 2049 1119 2082; x_wconf 84' lang='lat' dir='ltr'>Universitate</span> <span class='ocrx_word' id='word_1_304' title='bbox 1142 2050 1323 2094; x_wconf 84' lang='lat' dir='ltr'>reperitur</span> <span class='ocrx_word' id='word_1_305' title='bbox 1350 2054 1359 2090; x_wconf 95' lang='lat'>[</span> <span class='ocrx_word' id='word_1_306' title='bbox 1365 2076 1458 2082; x_wconf 89' lang='grc'><em>.......</em></span> <span class='ocrx_word' id='word_1_307' title='bbox 1463 2054 1472 2090; x_wconf 86' lang='grc'>]</span> <span class='ocrx_word' id='word_1_308' title='bbox 1500 2050 1615 2095; x_wconf 87' lang='lat' dir='ltr'>gradu</span> <span class='ocrx_word' id='word_1_309' title='bbox 1642 2057 1677 2083; x_wconf 89' lang='lat' dir='ltr'>et</span> <span class='ocrx_word' id='word_1_310' title='bbox 1697 2051 1825 2083; x_wconf 91' lang='lat' dir='ltr'>ordine</span> <span class='ocrx_word' id='word_1_311' title='bbox 1852 2051 1998 2095; x_wconf 89' lang='lat' dir='ltr'>potiori.</span> <span class='ocrx_word' id='word_1_312' title='bbox 2026 2052 2150 2096; x_wconf 87' lang='lat' dir='ltr'>ltaque</span> <span class='ocrx_word' id='word_1_313' title='bbox 2177 2058 2296 2085; x_wconf 88' lang='lat' dir='ltr'>rector</span> 
     </span>
     <span class='ocr_line' id='line_1_28' title="bbox 428 2116 1981 2161; baseline -0.001 -10"><span class='ocrx_word' id='word_1_314' title='bbox 428 2124 438 2160; x_wconf 91' lang='lat'>[</span> <span class='ocrx_word' id='word_1_315' title='bbox 444 2145 536 2151; x_wconf 88' lang='grc'><strong><em>.......</em></strong></span> <span class='ocrx_word' id='word_1_316' title='bbox 542 2122 550 2158; x_wconf 87' lang='lat'>]</span> <span class='ocrx_word' id='word_1_317' title='bbox 571 2124 688 2150; x_wconf 90' lang='lat' dir='ltr'>autem</span> <span class='ocrx_word' id='word_1_318' title='bbox 710 2116 860 2149; x_wconf 89' lang='lat' dir='ltr'>facultas</span> <span class='ocrx_word' id='word_1_319' title='bbox 881 2116 988 2156; x_wconf 86' lang='lat' dir='ltr'>med[.</span> <span class='ocrx_word' id='word_1_320' title='bbox 1010 2142 1103 2147; x_wconf 85' lang='lat'>.......</span> <span class='ocrx_word' id='word_1_321' title='bbox 1109 2118 1119 2158; x_wconf 68' lang='lat' dir='ltr'>j</span> <span class='ocrx_word' id='word_1_322' title='bbox 1141 2116 1291 2148; x_wconf 87' lang='lat' dir='ltr'>facultas</span> <span class='ocrx_word' id='word_1_323' title='bbox 1313 2116 1497 2161; x_wconf 91' lang='lat' dir='ltr'>theologie</span> <span class='ocrx_word' id='word_1_324' title='bbox 1519 2117 1683 2150; x_wconf 88' lang='lat' dir='ltr'>sedendo</span> <span class='ocrx_word' id='word_1_325' title='bbox 1704 2128 1788 2150; x_wconf 88' lang='lat' dir='ltr'>suas</span> <span class='ocrx_word' id='word_1_326' title='bbox 1811 2117 1981 2150; x_wconf 87' lang='lat' dir='ltr'>reddunt.</span> 
     </span>
    </p>

    <p class='ocr_par' dir='ltr' id='par_1_6' title="bbox 518 2181 2294 2228">
     <span class='ocr_line' id='line_1_29' title="bbox 518 2181 2294 2228; baseline 0 -11"><span class='ocrx_word' id='word_1_327' title='bbox 518 2186 560 2218; x_wconf 89' lang='lat' dir='ltr'>V.</span> <span class='ocrx_word' id='word_1_328' title='bbox 584 2186 672 2216; x_wconf 91' lang='lat' dir='ltr'>Item</span> <span class='ocrx_word' id='word_1_329' title='bbox 688 2189 723 2215; x_wconf 89' lang='lat' dir='ltr'>et</span> <span class='ocrx_word' id='word_1_330' title='bbox 739 2182 835 2226; x_wconf 92' lang='lat' dir='ltr'>quod</span> <span class='ocrx_word' id='word_1_331' title='bbox 852 2181 911 2213; x_wconf 85' lang='lat' dir='ltr'>illa</span> <span class='ocrx_word' id='word_1_332' title='bbox 928 2181 1077 2214; x_wconf 87' lang='lat' dir='ltr'>facultas</span> <span class='ocrx_word' id='word_1_333' title='bbox 1093 2186 1183 2226; x_wconf 89' lang='lat' dir='ltr'>que[</span> <span class='ocrx_word' id='word_1_334' title='bbox 1189 2209 1252 2215; x_wconf 76' lang='grc'>.....</span> <span class='ocrx_word' id='word_1_335' title='bbox 1259 2186 1267 2222; x_wconf 90' lang='grc'>]</span> <span class='ocrx_word' id='word_1_336' title='bbox 1281 2183 1474 2227; x_wconf 85' lang='lat' dir='ltr'>precipuor</span> <span class='ocrx_word' id='word_1_337' title='bbox 1486 2189 1520 2215; x_wconf 92' lang='lat' dir='ltr'>et</span> <span class='ocrx_word' id='word_1_338' title='bbox 1532 2182 1783 2216; x_wconf 87' lang='lat' dir='ltr'>honorabilior</span> <span class='ocrx_word' id='word_1_339' title='bbox 1796 2183 1832 2216; x_wconf 91' lang='lat' dir='ltr'>in</span> <span class='ocrx_word' id='word_1_340' title='bbox 1845 2184 2090 2217; x_wconf 87' lang='lat' dir='ltr'>Universitate</span> <span class='ocrx_word' id='word_1_341' title='bbox 2103 2184 2199 2228; x_wconf 90' lang='lat' dir='ltr'>quod</span> <span class='ocrx_word' id='word_1_342' title='bbox 2217 2188 2294 2225; x_wconf 83' lang='lat'>[...].</span> 
     </span>
    </p>

    <p class='ocr_par' dir='ltr' id='par_1_7' title="bbox 427 2248 2295 2358">
     <span class='ocr_line' id='line_1_30' title="bbox 515 2248 2295 2294; baseline -0.001 -10"><span class='ocrx_word' id='word_1_343' title='bbox 515 2252 577 2284; x_wconf 89' lang='lat' dir='ltr'>VI.</span> <span class='ocrx_word' id='word_1_344' title='bbox 601 2251 689 2282; x_wconf 88' lang='lat' dir='ltr'>Item</span> <span class='ocrx_word' id='word_1_345' title='bbox 720 2255 754 2281; x_wconf 91' lang='lat' dir='ltr'>et</span> <span class='ocrx_word' id='word_1_346' title='bbox 784 2248 881 2292; x_wconf 90' lang='lat' dir='ltr'>quod</span> <span class='ocrx_word' id='word_1_347' title='bbox 908 2248 945 2280; x_wconf 93' lang='lat' dir='ltr'>id</span> <span class='ocrx_word' id='word_1_348' title='bbox 973 2248 1089 2280; x_wconf 89' lang='lat' dir='ltr'>solum</span> <span class='ocrx_word' id='word_1_349' title='bbox 1115 2275 1222 2280; x_wconf 90' lang='grc'><strong><em>........</em></strong></span> <span class='ocrx_word' id='word_1_350' title='bbox 1246 2249 1361 2282; x_wconf 87' lang='lat' dir='ltr'>extitit</span> <span class='ocrx_word' id='word_1_351' title='bbox 1387 2261 1497 2294; x_wconf 89' lang='lat' dir='ltr'>super</span> <span class='ocrx_word' id='word_1_352' title='bbox 1527 2276 1620 2282; x_wconf 83' lang='grc'>.......</span> <span class='ocrx_word' id='word_1_353' title='bbox 1648 2256 1682 2282; x_wconf 91' lang='lat' dir='ltr'>et</span> <span class='ocrx_word' id='word_1_354' title='bbox 1703 2249 1891 2283; x_wconf 90' lang='lat' dir='ltr'>observari</span> <span class='ocrx_word' id='word_1_355' title='bbox 1912 2257 2125 2283; x_wconf 90' lang='lat' dir='ltr'>consuetum</span> <span class='ocrx_word' id='word_1_356' title='bbox 2149 2251 2185 2283; x_wconf 92' lang='lat' dir='ltr'>in</span> <span class='ocrx_word' id='word_1_357' title='bbox 2208 2250 2295 2284; x_wconf 90' lang='lat' dir='ltr'>Uni-</span> 
     </span>
     <span class='ocr_line' id='line_1_31' title="bbox 427 2314 1234 2358; baseline -0.006 -7"><span class='ocrx_word' id='word_1_358' title='bbox 427 2317 597 2351; x_wconf 88' lang='lat' dir='ltr'>versitate</span> <span class='ocrx_word' id='word_1_359' title='bbox 619 2315 757 2355; x_wconf 90' lang='lat' dir='ltr'>eadem,</span> <span class='ocrx_word' id='word_1_360' title='bbox 781 2326 845 2346; x_wconf 89' lang='lat' dir='ltr'>nec</span> <span class='ocrx_word' id='word_1_361' title='bbox 867 2321 984 2358; x_wconf 90' lang='lat' dir='ltr'>potest</span> <span class='ocrx_word' id='word_1_362' title='bbox 1006 2314 1101 2347; x_wconf 91' lang='lat' dir='ltr'>idem</span> <span class='ocrx_word' id='word_1_363' title='bbox 1126 2341 1234 2346; x_wconf 72' lang='grc'>........</span> 
     </span>
    </p>

    <p class='ocr_par' dir='ltr' id='par_1_8' title="bbox 425 2380 2293 2558">
     <span class='ocr_line' id='line_1_32' title="bbox 516 2380 2293 2427; baseline 0.001 -12"><span class='ocrx_word' id='word_1_364' title='bbox 516 2384 595 2416; x_wconf 92' lang='lat' dir='ltr'>VII.</span> <span class='ocrx_word' id='word_1_365' title='bbox 619 2383 705 2414; x_wconf 84' lang='lat' dir='ltr'>Item</span> <span class='ocrx_word' id='word_1_366' title='bbox 729 2387 763 2413; x_wconf 90' lang='lat' dir='ltr'>et</span> <span class='ocrx_word' id='word_1_367' title='bbox 788 2380 884 2424; x_wconf 93' lang='lat' dir='ltr'>quod</span> <span class='ocrx_word' id='word_1_368' title='bbox 907 2380 950 2412; x_wconf 93' lang='lat' dir='ltr'>de</span> <span class='ocrx_word' id='word_1_369' title='bbox 973 2381 1162 2425; x_wconf 89' lang='lat' dir='ltr'>premissis</span> <span class='ocrx_word' id='word_1_370' title='bbox 1191 2388 1223 2413; x_wconf 87' lang='lat' dir='ltr'>et</span> <span class='ocrx_word' id='word_1_371' title='bbox 1246 2393 1369 2413; x_wconf 86' lang='lat' dir='ltr'>eorum</span> <span class='ocrx_word' id='word_1_372' title='bbox 1397 2381 1554 2427; x_wconf 89' lang='lat' dir='ltr'>singulis</span> <span class='ocrx_word' id='word_1_373' title='bbox 1576 2388 1632 2414; x_wconf 90' lang='lat' dir='ltr'>est</span> <span class='ocrx_word' id='word_1_374' title='bbox 1652 2382 1688 2414; x_wconf 91' lang='lat' dir='ltr'>in</span> <span class='ocrx_word' id='word_1_375' title='bbox 1710 2382 1787 2427; x_wconf 89' lang='lat' dir='ltr'>ipsa</span> <span class='ocrx_word' id='word_1_376' title='bbox 1812 2383 2056 2415; x_wconf 87' lang='lat' dir='ltr'>Universitate</span> <span class='ocrx_word' id='word_1_377' title='bbox 2078 2389 2113 2416; x_wconf 88' lang='lat' dir='ltr'>et</span> <span class='ocrx_word' id='word_1_378' title='bbox 2133 2383 2293 2416; x_wconf 86' lang='lat' dir='ltr'>Parisius</span> 
     </span>
     <span class='ocr_line' id='line_1_33' title="bbox 428 2446 2291 2495; baseline 0 -13"><span class='ocrx_word' id='word_1_379' title='bbox 428 2449 570 2495; x_wconf 90' lang='lat' dir='ltr'>publica</span> <span class='ocrx_word' id='word_1_380' title='bbox 600 2459 667 2481; x_wconf 85' lang='lat' dir='ltr'>vox</span> <span class='ocrx_word' id='word_1_381' title='bbox 694 2454 726 2479; x_wconf 89' lang='lat' dir='ltr'>et</span> <span class='ocrx_word' id='word_1_382' title='bbox 752 2447 856 2487; x_wconf 79' lang='lat' dir='ltr'>fania,</span> <span class='ocrx_word' id='word_1_383' title='bbox 886 2453 921 2478; x_wconf 90' lang='lat' dir='ltr'>et</span> <span class='ocrx_word' id='word_1_384' title='bbox 952 2446 996 2478; x_wconf 87' lang='lat' dir='ltr'>de</span> <span class='ocrx_word' id='word_1_385' title='bbox 1030 2446 1100 2478; x_wconf 91' lang='lat' dir='ltr'>hiis</span> <span class='ocrx_word' id='word_1_386' title='bbox 1136 2453 1191 2479; x_wconf 89' lang='lat' dir='ltr'>est</span> <span class='ocrx_word' id='word_1_387' title='bbox 1220 2451 1448 2492; x_wconf 89' lang='lat' dir='ltr'>[unaqueque</span> <span class='ocrx_word' id='word_1_388' title='bbox 1478 2448 1697 2488; x_wconf 88' lang='lat' dir='ltr'>facultatum]</span> <span class='ocrx_word' id='word_1_389' title='bbox 1728 2449 1999 2492; x_wconf 87' lang='lat' dir='ltr'>premissarum,</span> <span class='ocrx_word' id='word_1_390' title='bbox 2036 2455 2071 2481; x_wconf 91' lang='lat' dir='ltr'>et</span> <span class='ocrx_word' id='word_1_391' title='bbox 2100 2450 2291 2494; x_wconf 87' lang='lat' dir='ltr'>presertim</span> 
     </span>
     <span class='ocr_line' id='line_1_34' title="bbox 425 2512 1880 2558; baseline -0.001 -10"><span class='ocrx_word' id='word_1_392' title='bbox 425 2515 575 2548; x_wconf 87' lang='lat' dir='ltr'>facultas</span> <span class='ocrx_word' id='word_1_393' title='bbox 597 2513 781 2557; x_wconf 89' lang='lat' dir='ltr'>theologie</span> <span class='ocrx_word' id='word_1_394' title='bbox 801 2512 838 2544; x_wconf 90' lang='lat' dir='ltr'>in</span> <span class='ocrx_word' id='word_1_395' title='bbox 859 2513 1109 2556; x_wconf 87' lang='lat' dir='ltr'>possessione,</span> <span class='ocrx_word' id='word_1_396' title='bbox 1133 2519 1166 2545; x_wconf 86' lang='lat' dir='ltr'>et</span> <span class='ocrx_word' id='word_1_397' title='bbox 1188 2513 1289 2557; x_wconf 92' lang='lat' dir='ltr'>quasi</span> <span class='ocrx_word' id='word_1_398' title='bbox 1311 2525 1328 2545; x_wconf 93' lang='lat' dir='ltr'>a</span> <span class='ocrx_word' id='word_1_399' title='bbox 1350 2514 1457 2546; x_wconf 88' lang='lat' dir='ltr'>dictis</span> <span class='ocrx_word' id='word_1_400' title='bbox 1478 2514 1704 2558; x_wconf 89' lang='lat' dir='ltr'>temporibus</span> <span class='ocrx_word' id='word_1_401' title='bbox 1726 2521 1760 2546; x_wconf 90' lang='lat' dir='ltr'>et</span> <span class='ocrx_word' id='word_1_402' title='bbox 1780 2515 1880 2547; x_wconf 89' lang='lat' dir='ltr'>citra.</span> 
     </span>
    </p>

    <p class='ocr_par' dir='ltr' id='par_1_9' title="bbox 423 2578 2293 2822">
     <span class='ocr_line' id='line_1_35' title="bbox 515 2578 2293 2626; baseline 0.001 -13"><span class='ocrx_word' id='word_1_403' title='bbox 515 2582 611 2614; x_wconf 84' lang='lat' dir='ltr'>VIII..</span> <span class='ocrx_word' id='word_1_404' title='bbox 635 2581 723 2612; x_wconf 87' lang='lat' dir='ltr'>Item</span> <span class='ocrx_word' id='word_1_405' title='bbox 746 2578 1046 2623; x_wconf 86' lang='lat' dir='ltr'>quandocumque</span> <span class='ocrx_word' id='word_1_406' title='bbox 1068 2579 1188 2622; x_wconf 86' lang='lat' dir='ltr'>agitur</span> <span class='ocrx_word' id='word_1_407' title='bbox 1209 2579 1252 2611; x_wconf 93' lang='lat' dir='ltr'>de</span> <span class='ocrx_word' id='word_1_408' title='bbox 1270 2586 1411 2612; x_wconf 86' lang='lat' dir='ltr'>rectore</span> <span class='ocrx_word' id='word_1_409' title='bbox 1432 2580 1602 2620; x_wconf 89' lang='lat' dir='ltr'>creando,</span> <span class='ocrx_word' id='word_1_410' title='bbox 1627 2580 1688 2624; x_wconf 89' lang='lat' dir='ltr'>qui</span> <span class='ocrx_word' id='word_1_411' title='bbox 1711 2580 1921 2625; x_wconf 87' lang='lat' dir='ltr'>temporalis</span> <span class='ocrx_word' id='word_1_412' title='bbox 1943 2587 2009 2622; x_wconf 90' lang='lat' dir='ltr'>est,</span> <span class='ocrx_word' id='word_1_413' title='bbox 2033 2587 2067 2613; x_wconf 89' lang='lat' dir='ltr'>et</span> <span class='ocrx_word' id='word_1_414' title='bbox 2090 2582 2194 2626; x_wconf 91' lang='lat' dir='ltr'>cujus</span> <span class='ocrx_word' id='word_1_415' title='bbox 2216 2581 2293 2614; x_wconf 88' lang='lat' dir='ltr'>offi-</span> 
     </span>
     <span class='ocr_line' id='line_1_36' title="bbox 425 2644 2291 2692; baseline -0.001 -11"><span class='ocrx_word' id='word_1_416' title='bbox 425 2649 519 2681; x_wconf 91' lang='lat' dir='ltr'>cium</span> <span class='ocrx_word' id='word_1_417' title='bbox 551 2647 656 2679; x_wconf 91' lang='lat' dir='ltr'>durat</span> <span class='ocrx_word' id='word_1_418' title='bbox 682 2645 725 2677; x_wconf 93' lang='lat' dir='ltr'>ad</span> <span class='ocrx_word' id='word_1_419' title='bbox 757 2651 898 2688; x_wconf 87' lang='lat' dir='ltr'>tempus</span> <span class='ocrx_word' id='word_1_420' title='bbox 926 2644 1120 2685; x_wconf 89' lang='lat' dir='ltr'>modicum,</span> <span class='ocrx_word' id='word_1_421' title='bbox 1152 2649 1299 2689; x_wconf 90' lang='lat' dir='ltr'>ut[pote]</span> <span class='ocrx_word' id='word_1_422' title='bbox 1327 2652 1402 2678; x_wconf 89' lang='lat' dir='ltr'>tres</span> <span class='ocrx_word' id='word_1_423' title='bbox 1432 2658 1578 2678; x_wconf 89' lang='lat' dir='ltr'>menses</span> <span class='ocrx_word' id='word_1_424' title='bbox 1605 2653 1665 2678; x_wconf 91' lang='lat' dir='ltr'>aut</span> <span class='ocrx_word' id='word_1_425' title='bbox 1694 2647 1802 2687; x_wconf 90' lang='lat' dir='ltr'>circa,</span> <span class='ocrx_word' id='word_1_426' title='bbox 1834 2658 1928 2679; x_wconf 91' lang='lat' dir='ltr'>unus</span> <span class='ocrx_word' id='word_1_427' title='bbox 1958 2647 2133 2692; x_wconf 89' lang='lat' dir='ltr'>magister</span> <span class='ocrx_word' id='word_1_428' title='bbox 2160 2647 2291 2680; x_wconf 84' lang='lat' dir='ltr'>artium</span> 
     </span>
     <span class='ocr_line' id='line_1_37' title="bbox 425 2710 2291 2759; baseline -0.001 -12"><span class='ocrx_word' id='word_1_429' title='bbox 425 2725 558 2758; x_wconf 82' lang='lat' dir='ltr'>regens</span> <span class='ocrx_word' id='word_1_430' title='bbox 580 2724 644 2757; x_wconf 90' lang='lat' dir='ltr'>per</span> <span class='ocrx_word' id='word_1_431' title='bbox 664 2712 776 2756; x_wconf 91' lang='lat' dir='ltr'>ipsam</span> <span class='ocrx_word' id='word_1_432' title='bbox 800 2710 1002 2743; x_wconf 89' lang='lat' dir='ltr'>facultatem</span> <span class='ocrx_word' id='word_1_433' title='bbox 1025 2717 1179 2751; x_wconf 88' lang='lat' dir='ltr'>creatur,</span> <span class='ocrx_word' id='word_1_434' title='bbox 1201 2710 1372 2744; x_wconf 86' lang='lat' dir='ltr'>videlicet</span> <span class='ocrx_word' id='word_1_435' title='bbox 1398 2724 1462 2756; x_wconf 85' lang='lat' dir='ltr'>per</span> <span class='ocrx_word' id='word_1_436' title='bbox 1484 2719 1639 2756; x_wconf 86' lang='lat' dir='ltr'>quatuor</span> <span class='ocrx_word' id='word_1_437' title='bbox 1659 2719 1719 2745; x_wconf 92' lang='lat' dir='ltr'>aut</span> <span class='ocrx_word' id='word_1_438' title='bbox 1740 2713 1902 2757; x_wconf 89' lang='lat' dir='ltr'>quinque</span> <span class='ocrx_word' id='word_1_439' title='bbox 1923 2712 2115 2754; x_wconf 87' lang='lat' dir='ltr'>elect[ores</span> <span class='ocrx_word' id='word_1_440' title='bbox 2137 2714 2193 2754; x_wconf 92' lang='lat' dir='ltr'>de]</span> <span class='ocrx_word' id='word_1_441' title='bbox 2214 2714 2291 2759; x_wconf 88' lang='lat' dir='ltr'>ipsa</span> 
     </span>
     <span class='ocr_line' id='line_1_38' title="bbox 423 2777 2291 2822; baseline -0.001 -9"><span class='ocrx_word' id='word_1_442' title='bbox 423 2779 590 2813; x_wconf 86' lang='lat' dir='ltr'>facultate</span> <span class='ocrx_word' id='word_1_443' title='bbox 611 2777 739 2810; x_wconf 89' lang='lat' dir='ltr'>artium</span> <span class='ocrx_word' id='word_1_444' title='bbox 761 2783 796 2809; x_wconf 89' lang='lat' dir='ltr'>et</span> <span class='ocrx_word' id='word_1_445' title='bbox 819 2788 883 2820; x_wconf 88' lang='lat' dir='ltr'>per</span> <span class='ocrx_word' id='word_1_446' title='bbox 903 2788 978 2808; x_wconf 87' lang='lat' dir='ltr'>eam</span> <span class='ocrx_word' id='word_1_447' title='bbox 1001 2783 1220 2821; x_wconf 80' lang='lat' dir='ltr'>assumptos,</span> <span class='ocrx_word' id='word_1_448' title='bbox 1248 2777 1285 2808; x_wconf 90' lang='lat' dir='ltr'>in</span> <span class='ocrx_word' id='word_1_449' title='bbox 1310 2778 1567 2822; x_wconf 87' lang='lat' dir='ltr'>creationeque</span> <span class='ocrx_word' id='word_1_450' title='bbox 1593 2778 1702 2822; x_wconf 88' lang='lat' dir='ltr'>hujus</span> <span class='ocrx_word' id='word_1_451' title='bbox 1729 2778 1882 2811; x_wconf 85' lang='lat' dir='ltr'>rectoris</span> <span class='ocrx_word' id='word_1_452' title='bbox 1907 2778 1975 2811; x_wconf 91' lang='lat' dir='ltr'>soli</span> <span class='ocrx_word' id='word_1_453' title='bbox 2002 2786 2087 2812; x_wconf 89' lang='lat' dir='ltr'>sunt</span> <span class='ocrx_word' id='word_1_454' title='bbox 2112 2778 2291 2812; x_wconf 90' lang='lat' dir='ltr'>electores</span> 
     </span>
    </p>
   </div>
   <div class='ocr_carea' id='block_1_3' title="bbox 425 2841 1230 2891">
    <p class='ocr_par' dir='ltr' id='par_1_10' title="bbox 425 2841 1230 2891">
     <span class='ocr_line' id='line_1_39' title="bbox 425 2841 1230 2891; baseline -0.004 -13"><span class='ocrx_word' id='word_1_455' title='bbox 425 2845 577 2891; x_wconf 88' lang='lat' dir='ltr'>predicti</span> <span class='ocrx_word' id='word_1_456' title='bbox 598 2850 633 2876; x_wconf 90' lang='lat' dir='ltr'>et</span> <span class='ocrx_word' id='word_1_457' title='bbox 653 2843 697 2876; x_wconf 92' lang='lat' dir='ltr'>de</span> <span class='ocrx_word' id='word_1_458' title='bbox 719 2842 846 2875; x_wconf 87' lang='lat' dir='ltr'>artium</span> <span class='ocrx_word' id='word_1_459' title='bbox 868 2841 1035 2874; x_wconf 87' lang='lat' dir='ltr'>facultate</span> <span class='ocrx_word' id='word_1_460' title='bbox 1057 2842 1230 2886; x_wconf 87' lang='lat' dir='ltr'>predicta.</span> 
     </span>
    </p>
   </div>
  </div>
 </body>
</html>
