<?xml version="1.0" encoding="UTF-8"?>
<!DOCTYPE html PUBLIC "-//W3C//DTD XHTML 1.0 Transitional//EN"
    "http://www.w3.org/TR/xhtml1/DTD/xhtml1-transitional.dtd">
<html xmlns="http://www.w3.org/1999/xhtml" xml:lang="en" lang="en">
 <head>
  <title>
</title>
<meta http-equiv="Content-Type" content="text/html;charset=utf-8" />
  <meta name='ocr-system' content='tesseract 3.04.00' />
  <meta name='ocr-capabilities' content='ocr_page ocr_carea ocr_par ocr_line ocrx_word'/>
</head>
<body>
  <div class='ocr_page' id='page_1' title='image "auctariumchartul03univuoft_0244.png"; bbox 0 0 2488 3386; ppageno 0'>
   <div class='ocr_carea' id='block_1_1' title="bbox 425 332 2280 371">
    <p class='ocr_par' dir='ltr' id='par_1_1' title="bbox 425 332 2280 371">
     <span class='ocr_line' id='line_1_1' title="bbox 425 332 2280 371; baseline -0.002 0"><span class='ocrx_word' id='word_1_1' title='bbox 425 340 487 371; x_wconf 90' lang='grc'>196</span> <span class='ocrx_word' id='word_1_2' title='bbox 994 348 1313 370; x_wconf 68' lang='lat' dir='ltr'>annTULAmUM</span> <span class='ocrx_word' id='word_1_3' title='bbox 1350 347 1539 370; x_wconf 72' lang='lat' dir='ltr'>umvsas.</span> <span class='ocrx_word' id='word_1_4' title='bbox 1577 347 1707 369; x_wconf 81' lang='lat' dir='ltr'>PARlS.</span> <span class='ocrx_word' id='word_1_5' title='bbox 2097 357 2099 359; x_wconf 97' lang='lat'>-</span> <span class='ocrx_word' id='word_1_6' title='bbox 2183 332 2280 369; x_wconf 87' lang='lat'>[1371</span> 
     </span>
    </p>
   </div>
   <div class='ocr_carea' id='block_1_2' title="bbox 420 419 2282 498">
    <p class='ocr_par' dir='ltr' id='par_1_2' title="bbox 420 419 2282 498">
     <span class='ocr_line' id='line_1_2' title="bbox 420 419 2282 453; baseline -0.001 -8"><span class='ocrx_word' id='word_1_7' title='bbox 420 422 628 445; x_wconf 82' lang='lat' dir='ltr'>bachalariatum</span> <span class='ocrx_word' id='word_1_8' title='bbox 647 431 668 450; x_wconf 83' lang='lat'>»,</span> <span class='ocrx_word' id='word_1_9' title='bbox 687 422 742 446; x_wconf 80' lang='lat' dir='ltr'>sine</span> <span class='ocrx_word' id='word_1_10' title='bbox 756 423 882 453; x_wconf 82' lang='lat' dir='ltr'>temporis</span> <span class='ocrx_word' id='word_1_11' title='bbox 899 426 967 451; x_wconf 79' lang='lat' dir='ltr'>nota,</span> <span class='ocrx_word' id='word_1_12' title='bbox 985 423 1030 445; x_wconf 84' lang='lat' dir='ltr'>sed</span> <span class='ocrx_word' id='word_1_13' title='bbox 1048 430 1107 445; x_wconf 91' lang='lat' dir='ltr'>cum</span> <span class='ocrx_word' id='word_1_14' title='bbox 1122 425 1192 445; x_wconf 84' lang='lat' dir='ltr'>textu</span> <span class='ocrx_word' id='word_1_15' title='bbox 1207 422 1318 453; x_wconf 87' lang='lat' dir='ltr'>puriori.</span> <span class='ocrx_word' id='word_1_16' title='bbox 1336 421 1403 444; x_wconf 89' lang='lat' dir='ltr'>Bibl.</span> <span class='ocrx_word' id='word_1_17' title='bbox 1422 424 1476 444; x_wconf 88' lang='lat' dir='ltr'>nat.</span> <span class='ocrx_word' id='word_1_18' title='bbox 1492 420 1576 443; x_wconf 85' lang='lat' dir='ltr'>Paris.</span> <span class='ocrx_word' id='word_1_19' title='bbox 1590 428 1637 444; x_wconf 88' lang='lat' dir='ltr'>ms.</span> <span class='ocrx_word' id='word_1_20' title='bbox 1653 420 1699 443; x_wconf 84' lang='lat' dir='ltr'>lat.</span> <span class='ocrx_word' id='word_1_21' title='bbox 1717 419 1789 443; x_wconf 72' lang='lat'>12461</span> <span class='ocrx_word' id='word_1_22' title='bbox 1808 421 1884 448; x_wconf 88' lang='lat' dir='ltr'>(saec.</span> <span class='ocrx_word' id='word_1_23' title='bbox 1902 427 1947 442; x_wconf 82' lang='lat' dir='ltr'>xiv</span> <span class='ocrx_word' id='word_1_24' title='bbox 1962 421 2086 449; x_wconf 58' lang='lat' dir='ltr'>exeunt),</span> <span class='ocrx_word' id='word_1_25' title='bbox 2103 419 2148 443; x_wconf 78' lang='lat' dir='ltr'>fol.</span> <span class='ocrx_word' id='word_1_26' title='bbox 2161 420 2176 442; x_wconf 85' lang='lat'>9</span> <span class='ocrx_word' id='word_1_27' title='bbox 2193 421 2216 448; x_wconf 86' lang='lat' dir='ltr'>(e</span> <span class='ocrx_word' id='word_1_28' title='bbox 2231 428 2282 451; x_wconf 83' lang='lat' dir='ltr'>quo</span> 
     </span>
     <span class='ocr_line' id='line_1_3' title="bbox 420 466 1564 498; baseline -0.002 -8"><span class='ocrx_word' id='word_1_29' title='bbox 420 467 559 498; x_wconf 74' lang='lat' dir='ltr'>D&#39;Achery,</span> <span class='ocrx_word' id='word_1_30' title='bbox 576 467 682 497; x_wconf 68' lang='lat' dir='ltr'>spicil„</span> <span class='ocrx_word' id='word_1_31' title='bbox 697 468 711 490; x_wconf 87' lang='lat'><strong>2</strong></span> <span class='ocrx_word' id='word_1_32' title='bbox 726 467 777 495; x_wconf 67' lang='lat' dir='ltr'>ed„</span> <span class='ocrx_word' id='word_1_33' title='bbox 794 468 838 494; x_wconf 76' lang='lat'>111,</span> <span class='ocrx_word' id='word_1_34' title='bbox 858 468 911 492; x_wconf 81' lang='lat'>736.</span> <span class='ocrx_word' id='word_1_35' title='bbox 926 470 951 490; x_wconf 83' lang='lat' dir='ltr'>et</span> <span class='ocrx_word' id='word_1_36' title='bbox 965 467 1088 495; x_wconf 81' lang='lat' dir='ltr'><strong>Bulaeus,</strong></span> <span class='ocrx_word' id='word_1_37' title='bbox 1105 467 1146 493; x_wconf 88' lang='lat' dir='ltr'>lV,</span> <span class='ocrx_word' id='word_1_38' title='bbox 1159 467 1222 495; x_wconf 73' lang='lat'><strong>428),</strong></span> <span class='ocrx_word' id='word_1_39' title='bbox 1241 466 1290 489; x_wconf 87' lang='lat' dir='ltr'>sub</span> <span class='ocrx_word' id='word_1_40' title='bbox 1308 466 1414 489; x_wconf 79' lang='lat' dir='ltr'><strong>rubrica</strong></span> <span class='ocrx_word' id='word_1_41' title='bbox 1429 469 1458 489; x_wconf 89' lang='lat' dir='ltr'>ut</span> <span class='ocrx_word' id='word_1_42' title='bbox 1473 473 1564 496; x_wconf 84' lang='lat' dir='ltr'>supra.</span> 
     </span>
    </p>
   </div>
   <div class='ocr_carea' id='block_1_3' title="bbox 415 547 2281 936">
    <p class='ocr_par' dir='ltr' id='par_1_3' title="bbox 415 547 2281 936">
     <span class='ocr_line' id='line_1_4' title="bbox 513 547 2280 582; baseline -0.002 -9"><span class='ocrx_word' id='word_1_43' title='bbox 513 551 535 573; x_wconf 85' lang='lat'>1.</span> <span class='ocrx_word' id='word_1_44' title='bbox 549 551 608 573; x_wconf 81' lang='lat' dir='ltr'>Ars.</span> <span class='ocrx_word' id='word_1_45' title='bbox 626 550 667 573; x_wconf 88' lang='lat' dir='ltr'>hic</span> <span class='ocrx_word' id='word_1_46' title='bbox 685 550 777 582; x_wconf 77' lang='lat' dir='ltr'>incipit</span> <span class='ocrx_word' id='word_1_47' title='bbox 793 558 797 573; x_wconf 82' lang='lat'>2</span> <span class='ocrx_word' id='word_1_48' title='bbox 816 559 827 572; x_wconf 75' lang='lat' dir='ltr'>a</span> <span class='ocrx_word' id='word_1_49' title='bbox 843 550 930 574; x_wconf 88' lang='lat' dir='ltr'>Primo</span> <span class='ocrx_word' id='word_1_50' title='bbox 946 550 1086 573; x_wconf 79' lang='lat' dir='ltr'>statuimus</span> <span class='ocrx_word' id='word_1_51' title='bbox 1102 553 1127 573; x_wconf 85' lang='lat' dir='ltr'>et</span> <span class='ocrx_word' id='word_1_52' title='bbox 1141 550 1303 577; x_wconf 76' lang='lat' dir='ltr'>ordinamus5</span> <span class='ocrx_word' id='word_1_53' title='bbox 1320 550 1389 581; x_wconf 86' lang='lat' dir='ltr'>quod</span> <span class='ocrx_word' id='word_1_54' title='bbox 1409 550 1527 573; x_wconf 84' lang='lat' dir='ltr'>decetero</span> <span class='ocrx_word' id='word_1_55' title='bbox 1548 559 1569 576; x_wconf 75' lang='lat'>»‚</span> <span class='ocrx_word' id='word_1_56' title='bbox 1591 552 1639 573; x_wconf 82' lang='lat' dir='ltr'>etc.</span> <span class='ocrx_word' id='word_1_57' title='bbox 1657 562 1687 566; x_wconf 96' lang='lat'>—</span> <span class='ocrx_word' id='word_1_58' title='bbox 1704 549 1726 571; x_wconf 80' lang='lat'>2.</span> <span class='ocrx_word' id='word_1_59' title='bbox 1743 548 1801 571; x_wconf 90' lang='lat' dir='ltr'>Om.</span> <span class='ocrx_word' id='word_1_60' title='bbox 1818 547 1887 571; x_wconf 81' lang='lat' dir='ltr'>Bibl.</span> <span class='ocrx_word' id='word_1_61' title='bbox 1903 550 1956 570; x_wconf 82' lang='lat' dir='ltr'>nat.</span> <span class='ocrx_word' id='word_1_62' title='bbox 1974 561 1999 565; x_wconf 90' lang='lat'><strong>—</strong></span> <span class='ocrx_word' id='word_1_63' title='bbox 2017 548 2040 570; x_wconf 89' lang='lat'>3.</span> <span class='ocrx_word' id='word_1_64' title='bbox 2053 547 2111 571; x_wconf 89' lang='lat' dir='ltr'>Om.</span> <span class='ocrx_word' id='word_1_65' title='bbox 2132 547 2202 571; x_wconf 89' lang='lat' dir='ltr'>Bibl.</span> <span class='ocrx_word' id='word_1_66' title='bbox 2216 550 2280 574; x_wconf 69' lang='lat' dir='ltr'>nat..</span> 
     </span>
     <span class='ocr_line' id='line_1_5' title="bbox 419 592 2280 626; baseline -0.001 -9"><span class='ocrx_word' id='word_1_67' title='bbox 419 595 538 626; x_wconf 86' lang='lat' dir='ltr'>quamvis</span> <span class='ocrx_word' id='word_1_68' title='bbox 555 594 610 617; x_wconf 89' lang='lat' dir='ltr'>sine</span> <span class='ocrx_word' id='word_1_69' title='bbox 625 595 712 618; x_wconf 86' lang='lat' dir='ltr'>verbis</span> <span class='ocrx_word' id='word_1_70' title='bbox 728 595 837 618; x_wconf 86' lang='lat' dir='ltr'>inclusis</span> <span class='ocrx_word' id='word_1_71' title='bbox 853 595 981 618; x_wconf 83' lang='lat' dir='ltr'>sententia</span> <span class='ocrx_word' id='word_1_72' title='bbox 997 598 1130 618; x_wconf 81' lang='lat' dir='ltr'>remaneat</span> <span class='ocrx_word' id='word_1_73' title='bbox 1147 595 1252 617; x_wconf 90' lang='lat' dir='ltr'>omnino</span> <span class='ocrx_word' id='word_1_74' title='bbox 1267 602 1368 617; x_wconf 82' lang='lat' dir='ltr'>manca.</span> <span class='ocrx_word' id='word_1_75' title='bbox 1387 608 1412 611; x_wconf 94' lang='lat'><strong>—</strong></span> <span class='ocrx_word' id='word_1_76' title='bbox 1428 595 1451 617; x_wconf 73' lang='grc' dir='ltr'>Ιι,</span> <span class='ocrx_word' id='word_1_77' title='bbox 1467 594 1535 617; x_wconf 51' lang='lat' dir='ltr'>Bibl.</span> <span class='ocrx_word' id='word_1_78' title='bbox 1552 596 1605 616; x_wconf 85' lang='lat' dir='ltr'>nat.</span> <span class='ocrx_word' id='word_1_79' title='bbox 1621 601 1626 616; x_wconf 87' lang='lat'><strong>:</strong></span> <span class='ocrx_word' id='word_1_80' title='bbox 1641 603 1651 615; x_wconf 75' lang='grc' dir='ltr'>α</span> <span class='ocrx_word' id='word_1_81' title='bbox 1664 595 1688 615; x_wconf 83' lang='lat' dir='ltr'>ct</span> <span class='ocrx_word' id='word_1_82' title='bbox 1706 601 1726 615; x_wconf 85' lang='grc'>)).</span> <span class='ocrx_word' id='word_1_83' title='bbox 1748 606 1772 610; x_wconf 91' lang='lat'>—</span> <span class='ocrx_word' id='word_1_84' title='bbox 1786 595 1808 615; x_wconf 86' lang='lat'>5.</span> <span class='ocrx_word' id='word_1_85' title='bbox 1820 592 1877 615; x_wconf 88' lang='lat' dir='ltr'>Om.</span> <span class='ocrx_word' id='word_1_86' title='bbox 1895 592 1964 615; x_wconf 87' lang='lat' dir='ltr'>Bibl.</span> <span class='ocrx_word' id='word_1_87' title='bbox 1980 595 2034 615; x_wconf 72' lang='lat' dir='ltr'>nat.</span> <span class='ocrx_word' id='word_1_88' title='bbox 2049 605 2078 609; x_wconf 90' lang='lat'>—</span> <span class='ocrx_word' id='word_1_89' title='bbox 2090 594 2113 615; x_wconf 80' lang='lat'>6.</span> <span class='ocrx_word' id='word_1_90' title='bbox 2132 592 2189 615; x_wconf 75' lang='lat' dir='ltr'>Om.</span> <span class='ocrx_word' id='word_1_91' title='bbox 2211 592 2280 615; x_wconf 86' lang='lat' dir='ltr'>Bibl.</span> 
     </span>
     <span class='ocr_line' id='line_1_6' title="bbox 419 636 2280 670; baseline -0.001 -9"><span class='ocrx_word' id='word_1_92' title='bbox 419 642 472 662; x_wconf 89' lang='lat' dir='ltr'>nat.</span> <span class='ocrx_word' id='word_1_93' title='bbox 491 653 519 656; x_wconf 97' lang='lat'><strong>—</strong></span> <span class='ocrx_word' id='word_1_94' title='bbox 536 640 557 662; x_wconf 90' lang='lat'>7.</span> <span class='ocrx_word' id='word_1_95' title='bbox 574 639 632 663; x_wconf 89' lang='lat' dir='ltr'>Om.</span> <span class='ocrx_word' id='word_1_96' title='bbox 648 639 716 662; x_wconf 90' lang='lat' dir='ltr'>Bibl.</span> <span class='ocrx_word' id='word_1_97' title='bbox 734 642 786 662; x_wconf 86' lang='lat' dir='ltr'>nat.</span> <span class='ocrx_word' id='word_1_98' title='bbox 804 653 832 656; x_wconf 98' lang='lat'><strong>—</strong></span> <span class='ocrx_word' id='word_1_99' title='bbox 851 640 873 662; x_wconf 83' lang='lat'>8.</span> <span class='ocrx_word' id='word_1_100' title='bbox 889 647 899 662; x_wconf 80' lang='grc'><strong>«</strong></span> <span class='ocrx_word' id='word_1_101' title='bbox 916 640 1036 663; x_wconf 80' lang='lat' dir='ltr'>Ceterum</span> <span class='ocrx_word' id='word_1_102' title='bbox 1094 640 1271 670; x_wconf 85' lang='lat' dir='ltr'>juramentum</span> <span class='ocrx_word' id='word_1_103' title='bbox 1291 647 1302 661; x_wconf 90' lang='lat'>»</span> <span class='ocrx_word' id='word_1_104' title='bbox 1319 647 1370 662; x_wconf 93' lang='lat' dir='ltr'>om.</span> <span class='ocrx_word' id='word_1_105' title='bbox 1387 638 1455 662; x_wconf 89' lang='lat' dir='ltr'>Bibl.</span> <span class='ocrx_word' id='word_1_106' title='bbox 1474 641 1526 662; x_wconf 80' lang='lat' dir='ltr'>nat.</span> <span class='ocrx_word' id='word_1_107' title='bbox 1544 638 1597 660; x_wconf 84' lang='lat' dir='ltr'>Hoc</span> <span class='ocrx_word' id='word_1_108' title='bbox 1615 640 1741 660; x_wconf 83' lang='lat' dir='ltr'>statutum</span> <span class='ocrx_word' id='word_1_109' title='bbox 1758 645 1840 668; x_wconf 88' lang='lat' dir='ltr'>usque</span> <span class='ocrx_word' id='word_1_110' title='bbox 1856 646 1866 659; x_wconf 82' lang='lat'>«</span> <span class='ocrx_word' id='word_1_111' title='bbox 1884 637 2020 659; x_wconf 78' lang='lat' dir='ltr'><strong>dumtaxat</strong></span> <span class='ocrx_word' id='word_1_112' title='bbox 2036 636 2112 668; x_wconf 80' lang='lat' dir='ltr'>»jum</span> <span class='ocrx_word' id='word_1_113' title='bbox 2130 636 2156 659; x_wconf 92' lang='lat' dir='ltr'>in</span> <span class='ocrx_word' id='word_1_114' title='bbox 2174 637 2280 665; x_wconf 66' lang='lat' dir='ltr'>Chart„</span> 
     </span>
     <span class='ocr_line' id='line_1_7' title="bbox 419 681 2281 714; baseline -0.001 -8"><span class='ocrx_word' id='word_1_115' title='bbox 419 684 452 711; x_wconf 90' lang='lat'>11,</span> <span class='ocrx_word' id='word_1_116' title='bbox 470 692 496 714; x_wconf 88' lang='lat' dir='ltr'>p.</span> <span class='ocrx_word' id='word_1_117' title='bbox 514 684 566 706; x_wconf 73' lang='lat'>504.</span> <span class='ocrx_word' id='word_1_118' title='bbox 583 697 612 700; x_wconf 93' lang='lat'>—</span> <span class='ocrx_word' id='word_1_119' title='bbox 628 685 651 707; x_wconf 88' lang='lat'>9.</span> <span class='ocrx_word' id='word_1_120' title='bbox 671 693 681 706; x_wconf 74' lang='grc' dir='ltr'>(ι</span> <span class='ocrx_word' id='word_1_121' title='bbox 701 684 781 707; x_wconf 88' lang='lat' dir='ltr'>vel....</span> <span class='ocrx_word' id='word_1_122' title='bbox 800 684 886 714; x_wconf 83' lang='lat' dir='ltr'>legere</span> <span class='ocrx_word' id='word_1_123' title='bbox 907 692 917 705; x_wconf 77' lang='lat' dir='ltr'>n</span> <span class='ocrx_word' id='word_1_124' title='bbox 939 692 990 706; x_wconf 89' lang='lat' dir='ltr'>om.</span> <span class='ocrx_word' id='word_1_125' title='bbox 1013 685 1069 706; x_wconf 77' lang='lat' dir='ltr'>Ars.</span> <span class='ocrx_word' id='word_1_126' title='bbox 1092 698 1122 701; x_wconf 88' lang='lat'><strong>—</strong></span> <span class='ocrx_word' id='word_1_127' title='bbox 1142 684 1178 706; x_wconf 93' lang='grc'>10.</span> <span class='ocrx_word' id='word_1_128' title='bbox 1201 687 1226 706; x_wconf 85' lang='lat' dir='ltr'>et</span> <span class='ocrx_word' id='word_1_129' title='bbox 1243 683 1280 706; x_wconf 90' lang='lat'>11.</span> <span class='ocrx_word' id='word_1_130' title='bbox 1297 683 1355 706; x_wconf 91' lang='lat' dir='ltr'>Om.</span> <span class='ocrx_word' id='word_1_131' title='bbox 1377 683 1445 706; x_wconf 88' lang='lat' dir='ltr'>Bibl.</span> <span class='ocrx_word' id='word_1_132' title='bbox 1462 686 1514 705; x_wconf 84' lang='lat' dir='ltr'>nat.</span> <span class='ocrx_word' id='word_1_133' title='bbox 1532 696 1561 699; x_wconf 91' lang='lat'>—</span> <span class='ocrx_word' id='word_1_134' title='bbox 1577 682 1615 705; x_wconf 81' lang='lat'>12.</span> <span class='ocrx_word' id='word_1_135' title='bbox 1632 682 1690 706; x_wconf 90' lang='lat' dir='ltr'>Om.</span> <span class='ocrx_word' id='word_1_136' title='bbox 1711 682 1768 704; x_wconf 78' lang='lat' dir='ltr'>Ars.</span> <span class='ocrx_word' id='word_1_137' title='bbox 1785 695 1809 698; x_wconf 95' lang='lat'><strong>—</strong></span> <span class='ocrx_word' id='word_1_138' title='bbox 1828 682 1864 704; x_wconf 84' lang='grc'>13.</span> <span class='ocrx_word' id='word_1_139' title='bbox 1883 690 1894 704; x_wconf 75' lang='grc' dir='ltr'>(ι</span> <span class='ocrx_word' id='word_1_140' title='bbox 1914 684 1939 704; x_wconf 80' lang='lat' dir='ltr'>et</span> <span class='ocrx_word' id='word_1_141' title='bbox 1962 681 2062 704; x_wconf 84' lang='lat' dir='ltr'>lectura</span> <span class='ocrx_word' id='word_1_142' title='bbox 2077 689 2089 704; x_wconf 70' lang='lat' dir='ltr'>u</span> <span class='ocrx_word' id='word_1_143' title='bbox 2108 689 2159 704; x_wconf 88' lang='lat' dir='ltr'>om.</span> <span class='ocrx_word' id='word_1_144' title='bbox 2176 682 2234 705; x_wconf 81' lang='lat' dir='ltr'>Ars.</span> <span class='ocrx_word' id='word_1_145' title='bbox 2250 694 2281 699; x_wconf 87' lang='lat'>·-</span> 
     </span>
     <span class='ocr_line' id='line_1_8' title="bbox 419 725 2277 759; baseline -0.001 -9"><span class='ocrx_word' id='word_1_146' title='bbox 419 728 457 750; x_wconf 81' lang='lat'>14.</span> <span class='ocrx_word' id='word_1_147' title='bbox 477 727 545 751; x_wconf 92' lang='lat' dir='ltr'>Bibl.</span> <span class='ocrx_word' id='word_1_148' title='bbox 566 731 619 751; x_wconf 85' lang='lat' dir='ltr'>nat.</span> <span class='ocrx_word' id='word_1_149' title='bbox 640 728 737 759; x_wconf 89' lang='lat' dir='ltr'>ubique</span> <span class='ocrx_word' id='word_1_150' title='bbox 754 736 758 750; x_wconf 81' lang='lat' dir='ltr'>z</span> <span class='ocrx_word' id='word_1_151' title='bbox 775 737 785 750; x_wconf 75' lang='lat' dir='ltr'>a</span> <span class='ocrx_word' id='word_1_152' title='bbox 803 728 930 759; x_wconf 79' lang='lat' dir='ltr'>magistro</span> <span class='ocrx_word' id='word_1_153' title='bbox 947 736 968 750; x_wconf 83' lang='lat'>».</span> <span class='ocrx_word' id='word_1_154' title='bbox 986 742 1016 745; x_wconf 98' lang='lat'><strong>—</strong></span> <span class='ocrx_word' id='word_1_155' title='bbox 1034 728 1071 751; x_wconf 85' lang='lat'>15.</span> <span class='ocrx_word' id='word_1_156' title='bbox 1091 737 1101 749; x_wconf 77' lang='grc' dir='ltr'>ιι</span> <span class='ocrx_word' id='word_1_157' title='bbox 1121 728 1152 751; x_wconf 88' lang='lat' dir='ltr'>Et</span> <span class='ocrx_word' id='word_1_158' title='bbox 1223 727 1376 750; x_wconf 82' lang='lat' dir='ltr'>testificetur</span> <span class='ocrx_word' id='word_1_159' title='bbox 1391 735 1402 750; x_wconf 72' lang='lat' dir='ltr'>u</span> <span class='ocrx_word' id='word_1_160' title='bbox 1422 735 1473 750; x_wconf 88' lang='lat' dir='ltr'>om.</span> <span class='ocrx_word' id='word_1_161' title='bbox 1490 728 1547 750; x_wconf 80' lang='lat' dir='ltr'>Ars.</span> <span class='ocrx_word' id='word_1_162' title='bbox 1573 741 1600 744; x_wconf 94' lang='lat'>-—</span> <span class='ocrx_word' id='word_1_163' title='bbox 1624 727 1661 750; x_wconf 87' lang='lat'>16.</span> <span class='ocrx_word' id='word_1_164' title='bbox 1682 726 1739 749; x_wconf 83' lang='lat' dir='ltr'>Om.</span> <span class='ocrx_word' id='word_1_165' title='bbox 1757 726 1825 749; x_wconf 87' lang='lat' dir='ltr'>Bibl.</span> <span class='ocrx_word' id='word_1_166' title='bbox 1846 729 1899 749; x_wconf 83' lang='lat' dir='ltr'>not.</span> <span class='ocrx_word' id='word_1_167' title='bbox 1918 740 1942 743; x_wconf 85' lang='lat'><em>-</em></span> <span class='ocrx_word' id='word_1_168' title='bbox 1961 726 1998 749; x_wconf 94' lang='lat'>17.</span> <span class='ocrx_word' id='word_1_169' title='bbox 2016 727 2072 749; x_wconf 81' lang='lat' dir='ltr'>Ars.</span> <span class='ocrx_word' id='word_1_170' title='bbox 2089 725 2277 757; x_wconf 79' lang='lat' dir='ltr'>prosequitur:</span> 
     </span>
     <span class='ocr_line' id='line_1_9' title="bbox 419 770 2279 803; baseline -0.001 -8"><span class='ocrx_word' id='word_1_171' title='bbox 419 781 430 795; x_wconf 79' lang='lat' dir='ltr'>(t</span> <span class='ocrx_word' id='word_1_172' title='bbox 453 775 619 803; x_wconf 80' lang='lat' dir='ltr'>preterquam</span> <span class='ocrx_word' id='word_1_173' title='bbox 641 772 663 795; x_wconf 80' lang='lat' dir='ltr'>si</span> <span class='ocrx_word' id='word_1_174' title='bbox 686 772 825 803; x_wconf 85' lang='lat' dir='ltr'>contigerit</span> <span class='ocrx_word' id='word_1_175' title='bbox 839 772 936 795; x_wconf 89' lang='lat' dir='ltr'>dictum</span> <span class='ocrx_word' id='word_1_176' title='bbox 953 773 1079 795; x_wconf 80' lang='lat' dir='ltr'>scolarem</span> <span class='ocrx_word' id='word_1_177' title='bbox 1096 780 1156 795; x_wconf 85' lang='lat' dir='ltr'>suas</span> <span class='ocrx_word' id='word_1_178' title='bbox 1177 772 1283 795; x_wconf 85' lang='lat' dir='ltr'>cedulas</span> <span class='ocrx_word' id='word_1_179' title='bbox 1301 771 1426 794; x_wconf 84' lang='lat' dir='ltr'>hahuisse</span> <span class='ocrx_word' id='word_1_180' title='bbox 1441 775 1465 794; x_wconf 88' lang='lat' dir='ltr'>et</span> <span class='ocrx_word' id='word_1_181' title='bbox 1485 779 1529 794; x_wconf 80' lang='lat' dir='ltr'>eas</span> <span class='ocrx_word' id='word_1_182' title='bbox 1549 779 1612 794; x_wconf 80' lang='lat' dir='ltr'>casu</span> <span class='ocrx_word' id='word_1_183' title='bbox 1636 770 1742 794; x_wconf 84' lang='lat' dir='ltr'>fortuito</span> <span class='ocrx_word' id='word_1_184' title='bbox 1758 770 1799 794; x_wconf 82' lang='lat' dir='ltr'>vel</span> <span class='ocrx_word' id='word_1_185' title='bbox 1818 770 1884 793; x_wconf 86' lang='lat' dir='ltr'>alias</span> <span class='ocrx_word' id='word_1_186' title='bbox 1905 770 2027 793; x_wconf 83' lang='lat' dir='ltr'>amisisse</span> <span class='ocrx_word' id='word_1_187' title='bbox 2044 773 2089 793; x_wconf 85' lang='lat' dir='ltr'>aut</span> <span class='ocrx_word' id='word_1_188' title='bbox 2103 770 2208 793; x_wconf 86' lang='lat' dir='ltr'>easdem</span> <span class='ocrx_word' id='word_1_189' title='bbox 2229 778 2279 793; x_wconf 86' lang='lat' dir='ltr'>non</span> 
     </span>
     <span class='ocr_line' id='line_1_10' title="bbox 416 814 2279 848; baseline -0.001 -9"><span class='ocrx_word' id='word_1_190' title='bbox 416 816 541 839; x_wconf 78' lang='lat' dir='ltr'>habuisse</span> <span class='ocrx_word' id='word_1_191' title='bbox 555 816 642 847; x_wconf 87' lang='lat' dir='ltr'>aliquo</span> <span class='ocrx_word' id='word_1_192' title='bbox 655 816 726 848; x_wconf 82' lang='lat' dir='ltr'>justo</span> <span class='ocrx_word' id='word_1_193' title='bbox 746 820 772 839; x_wconf 84' lang='lat' dir='ltr'>et</span> <span class='ocrx_word' id='word_1_194' title='bbox 786 816 903 847; x_wconf 86' lang='lat' dir='ltr'>legitimo</span> <span class='ocrx_word' id='word_1_195' title='bbox 919 816 1105 847; x_wconf 82' lang='lat' dir='ltr'>impedimento</span> <span class='ocrx_word' id='word_1_196' title='bbox 1125 816 1255 845; x_wconf 85' lang='lat' dir='ltr'>obstante,</span> <span class='ocrx_word' id='word_1_197' title='bbox 1270 816 1302 839; x_wconf 91' lang='lat' dir='ltr'>de</span> <span class='ocrx_word' id='word_1_198' title='bbox 1317 824 1368 847; x_wconf 90' lang='lat' dir='ltr'>quo</span> <span class='ocrx_word' id='word_1_199' title='bbox 1383 816 1460 838; x_wconf 86' lang='lat' dir='ltr'>fidem</span> <span class='ocrx_word' id='word_1_200' title='bbox 1478 817 1562 838; x_wconf 80' lang='lat' dir='ltr'>facere</span> <span class='ocrx_word' id='word_1_201' title='bbox 1578 815 1708 838; x_wconf 86' lang='lat' dir='ltr'>tenebitur</span> <span class='ocrx_word' id='word_1_202' title='bbox 1722 815 1747 837; x_wconf 96' lang='lat' dir='ltr'>in</span> <span class='ocrx_word' id='word_1_203' title='bbox 1763 814 1874 845; x_wconf 85' lang='lat' dir='ltr'>collegio</span> <span class='ocrx_word' id='word_1_204' title='bbox 1890 814 2023 837; x_wconf 76' lang='lat' dir='ltr'>facultatis</span> <span class='ocrx_word' id='word_1_205' title='bbox 2038 823 2086 845; x_wconf 86' lang='lat' dir='ltr'>per</span> <span class='ocrx_word' id='word_1_206' title='bbox 2100 814 2279 845; x_wconf 86' lang='lat' dir='ltr'>juramentum</span> 
     </span>
     <span class='ocr_line' id='line_1_11' title="bbox 415 859 2279 891; baseline -0.001 -8"><span class='ocrx_word' id='word_1_207' title='bbox 415 861 553 891; x_wconf 89' lang='lat' dir='ltr'>proprium</span> <span class='ocrx_word' id='word_1_208' title='bbox 565 869 624 883; x_wconf 87' lang='lat' dir='ltr'>cum</span> <span class='ocrx_word' id='word_1_209' title='bbox 640 861 741 883; x_wconf 89' lang='lat' dir='ltr'>duobus</span> <span class='ocrx_word' id='word_1_210' title='bbox 760 864 805 883; x_wconf 87' lang='lat' dir='ltr'>aut</span> <span class='ocrx_word' id='word_1_211' title='bbox 820 861 941 891; x_wconf 82' lang='lat' dir='ltr'>pluribus</span> <span class='ocrx_word' id='word_1_212' title='bbox 953 860 1211 891; x_wconf 76' lang='lat' dir='ltr'>compurgatoribus,</span> <span class='ocrx_word' id='word_1_213' title='bbox 1231 860 1252 883; x_wconf 84' lang='lat' dir='ltr'>si</span> <span class='ocrx_word' id='word_1_214' title='bbox 1270 860 1387 883; x_wconf 82' lang='lat' dir='ltr'>facultati</span> <span class='ocrx_word' id='word_1_215' title='bbox 1404 860 1523 883; x_wconf 79' lang='lat' dir='ltr'>videatur</span> <span class='ocrx_word' id='word_1_216' title='bbox 1534 860 1670 890; x_wconf 85' lang='lat' dir='ltr'>expedire;</span> <span class='ocrx_word' id='word_1_217' title='bbox 1689 863 1750 882; x_wconf 92' lang='lat' dir='ltr'>tunc</span> <span class='ocrx_word' id='word_1_218' title='bbox 1763 859 1950 890; x_wconf 77' lang='lat' dir='ltr'>impedimento</span> <span class='ocrx_word' id='word_1_219' title='bbox 1964 862 2085 890; x_wconf 86' lang='lat' dir='ltr'>reputato</span> <span class='ocrx_word' id='word_1_220' title='bbox 2098 867 2146 890; x_wconf 87' lang='lat' dir='ltr'>per</span> <span class='ocrx_word' id='word_1_221' title='bbox 2166 859 2279 882; x_wconf 79' lang='lat' dir='ltr'>faculta-</span> 
     </span>
     <span class='ocr_line' id='line_1_12' title="bbox 415 903 2280 936; baseline -0.001 -9"><span class='ocrx_word' id='word_1_222' title='bbox 415 908 467 927; x_wconf 88' lang='lat' dir='ltr'>tem</span> <span class='ocrx_word' id='word_1_223' title='bbox 487 905 624 936; x_wconf 79' lang='lat' dir='ltr'>legittimo,</span> <span class='ocrx_word' id='word_1_224' title='bbox 644 905 741 936; x_wconf 85' lang='lat' dir='ltr'>poterit</span> <span class='ocrx_word' id='word_1_225' title='bbox 761 905 822 927; x_wconf 87' lang='lat' dir='ltr'>talis</span> <span class='ocrx_word' id='word_1_226' title='bbox 845 905 953 927; x_wconf 85' lang='lat' dir='ltr'>scolaris</span> <span class='ocrx_word' id='word_1_227' title='bbox 969 904 1148 935; x_wconf 79' lang='lat' dir='ltr'>dispensative</span> <span class='ocrx_word' id='word_1_228' title='bbox 1163 913 1210 935; x_wconf 86' lang='lat' dir='ltr'>per</span> <span class='ocrx_word' id='word_1_229' title='bbox 1229 908 1456 935; x_wconf 68' lang='lat' dir='ltr'>compurgatores,</span> <span class='ocrx_word' id='word_1_230' title='bbox 1475 905 1586 935; x_wconf 88' lang='lat' dir='ltr'>prestito</span> <span class='ocrx_word' id='word_1_231' title='bbox 1602 904 1676 935; x_wconf 87' lang='lat' dir='ltr'>prius</span> <span class='ocrx_word' id='word_1_232' title='bbox 1692 904 1726 926; x_wconf 84' lang='lat' dir='ltr'>ab</span> <span class='ocrx_word' id='word_1_233' title='bbox 1747 904 1837 927; x_wconf 84' lang='lat' dir='ltr'>eodem</span> <span class='ocrx_word' id='word_1_234' title='bbox 1855 903 2006 934; x_wconf 85' lang='lat' dir='ltr'>juramento</span> <span class='ocrx_word' id='word_1_235' title='bbox 2026 904 2057 926; x_wconf 86' lang='lat' dir='ltr'>de</span> <span class='ocrx_word' id='word_1_236' title='bbox 2073 907 2191 935; x_wconf 87' lang='lat' dir='ltr'>tempore</span> <span class='ocrx_word' id='word_1_237' title='bbox 2206 903 2280 926; x_wconf 86' lang='lat' dir='ltr'>audi-</span> 
     </span>
    </p>
   </div>
   <div class='ocr_carea' id='block_1_4' title="bbox 417 948 2277 1024">
    <p class='ocr_par' dir='ltr' id='par_1_4' title="bbox 417 948 2277 1024">
     <span class='ocr_line' id='line_1_13' title="bbox 417 948 1298 980; baseline -0.001 -8"><span class='ocrx_word' id='word_1_238' title='bbox 417 949 498 972; x_wconf 84' lang='lat' dir='ltr'>cionis</span> <span class='ocrx_word' id='word_1_239' title='bbox 511 957 565 977; x_wconf 80' lang='lat' dir='ltr'>sue,</span> <span class='ocrx_word' id='word_1_240' title='bbox 582 957 629 980; x_wconf 87' lang='lat' dir='ltr'>per</span> <span class='ocrx_word' id='word_1_241' title='bbox 647 949 797 972; x_wconf 84' lang='lat' dir='ltr'>facultatem</span> <span class='ocrx_word' id='word_1_242' title='bbox 811 949 843 972; x_wconf 79' lang='lat' dir='ltr'>ad</span> <span class='ocrx_word' id='word_1_243' title='bbox 855 957 961 972; x_wconf 83' lang='lat' dir='ltr'>examen</span> <span class='ocrx_word' id='word_1_244' title='bbox 974 948 1171 971; x_wconf 82' lang='lat' dir='ltr'>hachulariatus</span> <span class='ocrx_word' id='word_1_245' title='bbox 1185 949 1298 972; x_wconf 80' lang='lat' dir='ltr'>admitti.</span> 
     </span>
     <span class='ocr_line' id='line_1_14' title="bbox 510 992 2277 1024; baseline 0 -8"><span class='ocrx_word' id='word_1_246' title='bbox 510 1002 520 1015; x_wconf 79' lang='grc' dir='ltr'>(ι</span> <span class='ocrx_word' id='word_1_247' title='bbox 532 994 653 1016; x_wconf 86' lang='lat' dir='ltr'>Preterea</span> <span class='ocrx_word' id='word_1_248' title='bbox 668 993 807 1016; x_wconf 80' lang='lat' dir='ltr'>statuimus</span> <span class='ocrx_word' id='word_1_249' title='bbox 819 996 844 1016; x_wconf 83' lang='lat' dir='ltr'>et</span> <span class='ocrx_word' id='word_1_250' title='bbox 854 993 1007 1015; x_wconf 76' lang='lat' dir='ltr'>ordinamus</span> <span class='ocrx_word' id='word_1_251' title='bbox 1021 993 1099 1024; x_wconf 81' lang='lat' dir='ltr'>quod,</span> <span class='ocrx_word' id='word_1_252' title='bbox 1114 996 1254 1023; x_wconf 75' lang='lat' dir='ltr'>antequam</span> <span class='ocrx_word' id='word_1_253' title='bbox 1270 992 1328 1023; x_wconf 91' lang='lat' dir='ltr'>quis</span> <span class='ocrx_word' id='word_1_254' title='bbox 1342 993 1497 1015; x_wconf 82' lang='lat' dir='ltr'>admittatur</span> <span class='ocrx_word' id='word_1_255' title='bbox 1508 992 1541 1015; x_wconf 84' lang='lat' dir='ltr'>ad</span> <span class='ocrx_word' id='word_1_256' title='bbox 1556 993 1685 1015; x_wconf 78' lang='lat' dir='ltr'>lecturam</span> <span class='ocrx_word' id='word_1_257' title='bbox 1698 992 1870 1015; x_wconf 78' lang='lat' dir='ltr'>decretalium</span> <span class='ocrx_word' id='word_1_258' title='bbox 1885 1001 1931 1015; x_wconf 80' lang='lat' dir='ltr'>seu</span> <span class='ocrx_word' id='word_1_259' title='bbox 1946 992 2059 1023; x_wconf 86' lang='lat' dir='ltr'>gradum</span> <span class='ocrx_word' id='word_1_260' title='bbox 2070 992 2277 1019; x_wconf 70' lang='lat' dir='ltr'>bachalariatua.</span> 
     </span>
    </p>
   </div>
   <div class='ocr_carea' id='block_1_5' title="bbox 413 1036 2279 1068">
    <p class='ocr_par' dir='ltr' id='par_1_5' title="bbox 413 1036 2279 1068">
     <span class='ocr_line' id='line_1_15' title="bbox 413 1036 2279 1068; baseline -0.001 -8"><span class='ocrx_word' id='word_1_261' title='bbox 413 1037 484 1068; x_wconf 79' lang='lat' dir='ltr'>juret</span> <span class='ocrx_word' id='word_1_262' title='bbox 496 1046 523 1060; x_wconf 87' lang='lat' dir='ltr'>se</span> <span class='ocrx_word' id='word_1_263' title='bbox 539 1037 699 1060; x_wconf 75' lang='lat' dir='ltr'>satisfecisse</span> <span class='ocrx_word' id='word_1_264' title='bbox 715 1037 833 1068; x_wconf 84' lang='lat' dir='ltr'>quolibet</span> <span class='ocrx_word' id='word_1_265' title='bbox 852 1045 919 1060; x_wconf 80' lang='lat' dir='ltr'>anno</span> <span class='ocrx_word' id='word_1_266' title='bbox 942 1040 1119 1068; x_wconf 84' lang='lat' dir='ltr'>competenter</span> <span class='ocrx_word' id='word_1_267' title='bbox 1141 1037 1268 1068; x_wconf 82' lang='lat' dir='ltr'>magistro</span> <span class='ocrx_word' id='word_1_268' title='bbox 1286 1037 1382 1067; x_wconf 76' lang='lat' dir='ltr'>legenti</span> <span class='ocrx_word' id='word_1_269' title='bbox 1399 1037 1430 1059; x_wconf 86' lang='lat' dir='ltr'>de</span> <span class='ocrx_word' id='word_1_270' title='bbox 1448 1045 1523 1060; x_wconf 86' lang='lat' dir='ltr'>mane</span> <span class='ocrx_word' id='word_1_271' title='bbox 1542 1039 1568 1060; x_wconf 89' lang='lat' dir='ltr'>et</span> <span class='ocrx_word' id='word_1_272' title='bbox 1583 1036 1693 1060; x_wconf 84' lang='lat' dir='ltr'>bedellis</span> <span class='ocrx_word' id='word_1_273' title='bbox 1711 1037 1742 1059; x_wconf 86' lang='lat' dir='ltr'>de</span> <span class='ocrx_word' id='word_1_274' title='bbox 1761 1044 1809 1059; x_wconf 87' lang='lat' dir='ltr'>sua</span> <span class='ocrx_word' id='word_1_275' title='bbox 1824 1037 1942 1065; x_wconf 80' lang='lat' dir='ltr'>collecta,</span> <span class='ocrx_word' id='word_1_276' title='bbox 1962 1037 2003 1060; x_wconf 81' lang='lat' dir='ltr'>vel</span> <span class='ocrx_word' id='word_1_277' title='bbox 2026 1036 2119 1059; x_wconf 86' lang='lat' dir='ltr'>saltem</span> <span class='ocrx_word' id='word_1_278' title='bbox 2139 1039 2279 1068; x_wconf 79' lang='lat' dir='ltr'>antequam</span> 
     </span>
    </p>
   </div>
   <div class='ocr_carea' id='block_1_6' title="bbox 414 1081 1122 1112">
    <p class='ocr_par' dir='ltr' id='par_1_6' title="bbox 414 1081 1122 1112">
     <span class='ocr_line' id='line_1_16' title="bbox 414 1081 1122 1112; baseline 0 -8"><span class='ocrx_word' id='word_1_279' title='bbox 414 1081 524 1112; x_wconf 80' lang='lat' dir='ltr'>incipiat</span> <span class='ocrx_word' id='word_1_280' title='bbox 539 1090 613 1104; x_wconf 88' lang='lat' dir='ltr'>suam</span> <span class='ocrx_word' id='word_1_281' title='bbox 628 1081 755 1104; x_wconf 88' lang='lat' dir='ltr'>lecturam</span> <span class='ocrx_word' id='word_1_282' title='bbox 770 1089 797 1104; x_wconf 83' lang='lat' dir='ltr'>se</span> <span class='ocrx_word' id='word_1_283' title='bbox 812 1081 1020 1110; x_wconf 79' lang='lat' dir='ltr'>satisfacturum,</span> <span class='ocrx_word' id='word_1_284' title='bbox 1036 1084 1084 1104; x_wconf 89' lang='lat' dir='ltr'>etc.</span> <span class='ocrx_word' id='word_1_285' title='bbox 1103 1089 1122 1103; x_wconf 82' lang='lat'>».</span> 
     </span>
    </p>
   </div>
   <div class='ocr_carea' id='block_1_7' title="bbox 418 1255 1494 1300">
    <p class='ocr_par' dir='ltr' id='par_1_7' title="bbox 418 1255 1494 1300">
     <span class='ocr_line' id='line_1_17' title="bbox 418 1255 1494 1300; baseline -0.002 -8"><span class='ocrx_word' id='word_1_286' title='bbox 418 1255 557 1292; x_wconf 81' lang='grc'><strong>1364.</strong></span> <span class='ocrx_word' id='word_1_287' title='bbox 582 1266 729 1290; x_wconf 78' lang='lat' dir='ltr'>Decretum</span> <span class='ocrx_word' id='word_1_288' title='bbox 745 1265 871 1290; x_wconf 82' lang='lat' dir='ltr'>nationis</span> <span class='ocrx_word' id='word_1_289' title='bbox 888 1264 1074 1290; x_wconf 81' lang='lat' dir='ltr'>Picardorum</span> <span class='ocrx_word' id='word_1_290' title='bbox 1090 1264 1125 1290; x_wconf 78' lang='lat' dir='ltr'>cle</span> <span class='ocrx_word' id='word_1_291' title='bbox 1140 1264 1347 1290; x_wconf 83' lang='lat' dir='ltr'>contribuenda</span> <span class='ocrx_word' id='word_1_292' title='bbox 1361 1265 1494 1300; x_wconf 84' lang='lat' dir='ltr'>pecunia.</span> 
     </span>
    </p>
   </div>
   <div class='ocr_carea' id='block_1_8' title="bbox 1592 1347 1991 1378">
    <p class='ocr_par' dir='ltr' id='par_1_8' title="bbox 1592 1347 1991 1378">
     <span class='ocr_line' id='line_1_18' title="bbox 1592 1347 1991 1378; baseline -0.003 -4"><span class='ocrx_word' id='word_1_293' title='bbox 1592 1348 1661 1378; x_wconf 81' lang='grc'><strong>1371,</strong></span> <span class='ocrx_word' id='word_1_294' title='bbox 1675 1347 1808 1374; x_wconf 77' lang='lat' dir='ltr'>Februarii</span> <span class='ocrx_word' id='word_1_295' title='bbox 1817 1348 1862 1377; x_wconf 80' lang='lat'>28,</span> <span class='ocrx_word' id='word_1_296' title='bbox 1878 1348 1991 1373; x_wconf 68' lang='lat' dir='ltr'>Par-laiss.</span> 
     </span>
    </p>
   </div>
   <div class='ocr_carea' id='block_1_9' title="bbox 410 1430 2277 1742">
    <p class='ocr_par' dir='ltr' id='par_1_9' title="bbox 410 1430 2277 1742">
     <span class='ocr_line' id='line_1_19' title="bbox 500 1430 2277 1471; baseline 0 -8"><span class='ocrx_word' id='word_1_297' title='bbox 500 1431 605 1463; x_wconf 89' lang='lat' dir='ltr'>Anno</span> <span class='ocrx_word' id='word_1_298' title='bbox 627 1431 770 1463; x_wconf 88' lang='lat' dir='ltr'>Domini</span> <span class='ocrx_word' id='word_1_299' title='bbox 795 1431 894 1464; x_wconf 81' lang='lat'>1371¹</span> <span class='ocrx_word' id='word_1_300' title='bbox 915 1430 972 1462; x_wconf 86' lang='lat' dir='ltr'>die</span> <span class='ocrx_word' id='word_1_301' title='bbox 989 1430 1112 1463; x_wconf 83' lang='lat' dir='ltr'>ultima</span> <span class='ocrx_word' id='word_1_302' title='bbox 1130 1431 1266 1463; x_wconf 82' lang='lat' dir='ltr'>mensis</span> <span class='ocrx_word' id='word_1_303' title='bbox 1284 1430 1484 1471; x_wconf 70' lang='lat' dir='ltr'>Februarii,</span> <span class='ocrx_word' id='word_1_304' title='bbox 1503 1431 1648 1464; x_wconf 83' lang='lat' dir='ltr'>natione</span> <span class='ocrx_word' id='word_1_305' title='bbox 1666 1431 1898 1464; x_wconf 85' lang='lat' dir='ltr'>Picardorum</span> <span class='ocrx_word' id='word_1_306' title='bbox 1916 1430 2138 1464; x_wconf 86' lang='lat' dir='ltr'>sufficienter</span> <span class='ocrx_word' id='word_1_307' title='bbox 2154 1436 2277 1464; x_wconf 86' lang='lat' dir='ltr'>vocata</span> 
     </span>
     <span class='ocr_line' id='line_1_20' title="bbox 412 1497 2275 1542; baseline 0 -13"><span class='ocrx_word' id='word_1_308' title='bbox 412 1509 475 1542; x_wconf 89' lang='lat' dir='ltr'>per</span> <span class='ocrx_word' id='word_1_309' title='bbox 496 1509 663 1542; x_wconf 82' lang='lat' dir='ltr'>magnum</span> <span class='ocrx_word' id='word_1_310' title='bbox 687 1497 869 1529; x_wconf 84' lang='lat' dir='ltr'>bedelluin</span> <span class='ocrx_word' id='word_1_311' title='bbox 890 1497 985 1541; x_wconf 87' lang='lat' dir='ltr'>apud</span> <span class='ocrx_word' id='word_1_312' title='bbox 1014 1497 1048 1529; x_wconf 86' lang='lat' dir='ltr'>S.</span> <span class='ocrx_word' id='word_1_313' title='bbox 1071 1497 1252 1530; x_wconf 83' lang='lat' dir='ltr'>Julianum</span> <span class='ocrx_word' id='word_1_314' title='bbox 1275 1498 1473 1542; x_wconf 80' lang='lat' dir='ltr'>Pauperein</span> <span class='ocrx_word' id='word_1_315' title='bbox 1499 1509 1599 1530; x_wconf 82' lang='lat' dir='ltr'>inore</span> <span class='ocrx_word' id='word_1_316' title='bbox 1627 1497 1735 1531; x_wconf 87' lang='lat' dir='ltr'>solito</span> <span class='ocrx_word' id='word_1_317' title='bbox 1762 1497 1849 1530; x_wconf 80' lang='lat' dir='ltr'>hora</span> <span class='ocrx_word' id='word_1_318' title='bbox 1880 1497 1994 1542; x_wconf 85' lang='lat' dir='ltr'>prime</span> <span class='ocrx_word' id='word_1_319' title='bbox 2025 1498 2133 1530; x_wconf 84' lang='lat' dir='ltr'>Beate</span> <span class='ocrx_word' id='word_1_320' title='bbox 2163 1497 2275 1530; x_wconf 86' lang='lat' dir='ltr'>Marie</span> 
     </span>
     <span class='ocr_line' id='line_1_21' title="bbox 411 1563 2274 1608; baseline 0 -12"><span class='ocrx_word' id='word_1_321' title='bbox 411 1564 455 1596; x_wconf 83' lang='lat' dir='ltr'>ad</span> <span class='ocrx_word' id='word_1_322' title='bbox 484 1563 683 1596; x_wconf 80' lang='lat' dir='ltr'>habendam</span> <span class='ocrx_word' id='word_1_323' title='bbox 711 1564 899 1608; x_wconf 83' lang='lat' dir='ltr'>pecuniam</span> <span class='ocrx_word' id='word_1_324' title='bbox 926 1563 1224 1596; x_wconf 75' lang='lat' dir='ltr'>contribuendam</span> <span class='ocrx_word' id='word_1_325' title='bbox 1252 1576 1332 1596; x_wconf 88' lang='lat' dir='ltr'>cum</span> <span class='ocrx_word' id='word_1_326' title='bbox 1361 1563 1441 1597; x_wconf 87' lang='lat' dir='ltr'>aliis</span> <span class='ocrx_word' id='word_1_327' title='bbox 1471 1564 1701 1597; x_wconf 83' lang='lat' dir='ltr'>facultatibus</span> <span class='ocrx_word' id='word_1_328' title='bbox 1728 1571 1763 1597; x_wconf 87' lang='lat' dir='ltr'>et</span> <span class='ocrx_word' id='word_1_329' title='bbox 1793 1563 2014 1603; x_wconf 73' lang='lat' dir='ltr'>nationibus,</span> <span class='ocrx_word' id='word_1_330' title='bbox 2037 1563 2274 1596; x_wconf 88' lang='lat' dir='ltr'>deliberatum</span> 
     </span>
     <span class='ocr_line' id='line_1_22' title="bbox 410 1629 2276 1674; baseline 0.001 -12"><span class='ocrx_word' id='word_1_331' title='bbox 410 1630 477 1662; x_wconf 88' lang='lat' dir='ltr'>fuit</span> <span class='ocrx_word' id='word_1_332' title='bbox 497 1630 726 1662; x_wconf 84' lang='lat' dir='ltr'>concorditer</span> <span class='ocrx_word' id='word_1_333' title='bbox 748 1629 847 1662; x_wconf 88' lang='lat' dir='ltr'>nullo</span> <span class='ocrx_word' id='word_1_334' title='bbox 869 1630 1151 1670; x_wconf 78' lang='lat' dir='ltr'>contradicente,</span> <span class='ocrx_word' id='word_1_335' title='bbox 1170 1630 1239 1662; x_wconf 87' lang='lat' dir='ltr'>nisi</span> <span class='ocrx_word' id='word_1_336' title='bbox 1263 1637 1429 1674; x_wconf 72' lang='lat' dir='ltr'>receptor</span> <span class='ocrx_word' id='word_1_337' title='bbox 1448 1630 1557 1663; x_wconf 87' lang='lat' dir='ltr'>vellet</span> <span class='ocrx_word' id='word_1_338' title='bbox 1582 1631 1784 1664; x_wconf 84' lang='lat' dir='ltr'>concedere</span> <span class='ocrx_word' id='word_1_339' title='bbox 1812 1631 1949 1664; x_wconf 84' lang='lat' dir='ltr'>nationi</span> <span class='ocrx_word' id='word_1_340' title='bbox 1969 1632 2011 1663; x_wconf 86' lang='lat'>25</span> <span class='ocrx_word' id='word_1_341' title='bbox 2030 1631 2174 1663; x_wconf 81' lang='lat' dir='ltr'>francos</span> <span class='ocrx_word' id='word_1_342' title='bbox 2194 1641 2276 1663; x_wconf 90' lang='lat' dir='ltr'>con-</span> 
     </span>
     <span class='ocr_line' id='line_1_23' title="bbox 410 1696 2276 1742; baseline 0.001 -13"><span class='ocrx_word' id='word_1_343' title='bbox 410 1696 625 1729; x_wconf 72' lang='lat' dir='ltr'>tribuendos</span> <span class='ocrx_word' id='word_1_344' title='bbox 646 1703 684 1728; x_wconf 88' lang='lat' dir='ltr'>ut</span> <span class='ocrx_word' id='word_1_345' title='bbox 704 1708 824 1741; x_wconf 74' lang='lat' dir='ltr'>supra,</span> <span class='ocrx_word' id='word_1_346' title='bbox 843 1696 900 1730; x_wconf 90' lang='lat' dir='ltr'>vel</span> <span class='ocrx_word' id='word_1_347' title='bbox 922 1703 1084 1729; x_wconf 85' lang='lat' dir='ltr'>mutuare</span> <span class='ocrx_word' id='word_1_348' title='bbox 1106 1708 1216 1741; x_wconf 87' lang='lat' dir='ltr'>super</span> <span class='ocrx_word' id='word_1_349' title='bbox 1237 1697 1402 1741; x_wconf 74' lang='lat' dir='ltr'>pignora,</span> <span class='ocrx_word' id='word_1_350' title='bbox 1421 1697 1518 1742; x_wconf 91' lang='lat' dir='ltr'>quod</span> <span class='ocrx_word' id='word_1_351' title='bbox 1540 1704 1765 1730; x_wconf 84' lang='lat' dir='ltr'>mutuaretur</span> <span class='ocrx_word' id='word_1_352' title='bbox 1786 1697 1946 1742; x_wconf 87' lang='lat' dir='ltr'>predicta</span> <span class='ocrx_word' id='word_1_353' title='bbox 1967 1709 2106 1730; x_wconf 86' lang='lat' dir='ltr'>summa</span> <span class='ocrx_word' id='word_1_354' title='bbox 2123 1698 2165 1730; x_wconf 92' lang='lat'>25</span> <span class='ocrx_word' id='word_1_355' title='bbox 2185 1697 2276 1730; x_wconf 89' lang='lat' dir='ltr'>fran-</span> 
     </span>
    </p>
   </div>
   <div class='ocr_carea' id='block_1_10' title="bbox 409 1762 2275 1809">
    <p class='ocr_par' dir='ltr' id='par_1_10' title="bbox 409 1762 2275 1809">
     <span class='ocr_line' id='line_1_24' title="bbox 409 1762 2275 1809; baseline 0.001 -14"><span class='ocrx_word' id='word_1_356' title='bbox 409 1774 533 1795; x_wconf 85' lang='lat' dir='ltr'>corum</span> <span class='ocrx_word' id='word_1_357' title='bbox 556 1774 666 1807; x_wconf 87' lang='lat' dir='ltr'>super</span> <span class='ocrx_word' id='word_1_358' title='bbox 686 1762 851 1795; x_wconf 84' lang='lat' dir='ltr'>clenodia</span> <span class='ocrx_word' id='word_1_359' title='bbox 873 1763 1041 1795; x_wconf 85' lang='lat' dir='ltr'>nationis.</span> <span class='ocrx_word' id='word_1_360' title='bbox 1066 1764 1108 1795; x_wconf 76' lang='lat' dir='ltr'>Et</span> <span class='ocrx_word' id='word_1_361' title='bbox 1128 1763 1172 1795; x_wconf 87' lang='lat' dir='ltr'>ad</span> <span class='ocrx_word' id='word_1_362' title='bbox 1193 1763 1295 1796; x_wconf 77' lang='lat' dir='ltr'>istam</span> <span class='ocrx_word' id='word_1_363' title='bbox 1319 1763 1618 1797; x_wconf 82' lang='lat' dir='ltr'>deliberationem</span> <span class='ocrx_word' id='word_1_364' title='bbox 1642 1764 1933 1809; x_wconf 86' lang='lat' dir='ltr'>prosequendam</span> <span class='ocrx_word' id='word_1_365' title='bbox 1955 1764 2149 1809; x_wconf 86' lang='lat' dir='ltr'>deputatus</span> <span class='ocrx_word' id='word_1_366' title='bbox 2169 1763 2237 1796; x_wconf 90' lang='lat' dir='ltr'>fuit</span> <span class='ocrx_word' id='word_1_367' title='bbox 2257 1775 2275 1796; x_wconf 86' lang='lat' dir='ltr'>a</span> 
     </span>
    </p>
   </div>
   <div class='ocr_carea' id='block_1_11' title="bbox 410 1825 1941 1870">
    <p class='ocr_par' dir='ltr' id='par_1_11' title="bbox 410 1825 1941 1870">
     <span class='ocr_line' id='line_1_25' title="bbox 410 1825 1941 1870; baseline 0.001 -13"><span class='ocrx_word' id='word_1_368' title='bbox 410 1825 555 1857; x_wconf 86' lang='lat' dir='ltr'>natione</span> <span class='ocrx_word' id='word_1_369' title='bbox 577 1837 645 1857; x_wconf 85' lang='lat' dir='ltr'>una</span> <span class='ocrx_word' id='word_1_370' title='bbox 671 1837 751 1857; x_wconf 90' lang='lat' dir='ltr'>cum</span> <span class='ocrx_word' id='word_1_371' title='bbox 775 1831 1008 1869; x_wconf 78' lang='lat' dir='ltr'>procuratore</span> <span class='ocrx_word' id='word_1_372' title='bbox 1034 1837 1051 1857; x_wconf 85' lang='lat' dir='ltr'>a</span> <span class='ocrx_word' id='word_1_373' title='bbox 1072 1832 1260 1870; x_wconf 86' lang='lat' dir='ltr'>receptore</span> <span class='ocrx_word' id='word_1_374' title='bbox 1282 1837 1375 1870; x_wconf 82' lang='lat' dir='ltr'>mag.</span> <span class='ocrx_word' id='word_1_375' title='bbox 1397 1826 1605 1867; x_wconf 83' lang='lat' dir='ltr'>J[ohannes]</span> <span class='ocrx_word' id='word_1_376' title='bbox 1629 1826 1673 1859; x_wconf 88' lang='lat' dir='ltr'>de</span> <span class='ocrx_word' id='word_1_377' title='bbox 1696 1827 1941 1859; x_wconf 83' lang='lat' dir='ltr'>Monasteriis.</span> 
     </span>
    </p>
   </div>
   <div class='ocr_carea' id='block_1_12' title="bbox 502 1922 1591 1954">
    <p class='ocr_par' dir='ltr' id='par_1_12' title="bbox 502 1922 1591 1954">
     <span class='ocr_line' id='line_1_26' title="bbox 502 1922 1591 1954; baseline 0.001 -8"><span class='ocrx_word' id='word_1_378' title='bbox 502 1922 569 1946; x_wconf 83' lang='lat' dir='ltr'>Bibl.</span> <span class='ocrx_word' id='word_1_379' title='bbox 584 1926 637 1946; x_wconf 79' lang='lat' dir='ltr'>nat.</span> <span class='ocrx_word' id='word_1_380' title='bbox 654 1922 738 1946; x_wconf 77' lang='lat' dir='ltr'>Paris.</span> <span class='ocrx_word' id='word_1_381' title='bbox 754 1931 801 1945; x_wconf 77' lang='lat' dir='ltr'>ms.</span> <span class='ocrx_word' id='word_1_382' title='bbox 818 1923 865 1946; x_wconf 87' lang='lat' dir='ltr'>lat.</span> <span class='ocrx_word' id='word_1_383' title='bbox 881 1923 957 1946; x_wconf 74' lang='lat'>12847</span> <span class='ocrx_word' id='word_1_384' title='bbox 968 1923 1125 1954; x_wconf 77' lang='lat' dir='ltr'>(apograph.</span> <span class='ocrx_word' id='word_1_385' title='bbox 1142 1925 1213 1952; x_wconf 65' lang='lat' dir='ltr'>rem),</span> <span class='ocrx_word' id='word_1_386' title='bbox 1230 1923 1275 1946; x_wconf 77' lang='lat' dir='ltr'>rol.</span> <span class='ocrx_word' id='word_1_387' title='bbox 1291 1924 1351 1951; x_wconf 80' lang='lat'>398;</span> <span class='ocrx_word' id='word_1_388' title='bbox 1369 1924 1454 1954; x_wconf 78' lang='lat'>12849,</span> <span class='ocrx_word' id='word_1_389' title='bbox 1475 1924 1520 1947; x_wconf 80' lang='lat' dir='ltr'>sol.</span> <span class='ocrx_word' id='word_1_390' title='bbox 1535 1924 1591 1947; x_wconf 69' lang='lat'>80¹1.</span> 
     </span>
    </p>
   </div>
   <div class='ocr_carea' id='block_1_13' title="bbox 408 2007 2276 2349">
    <p class='ocr_par' dir='ltr' id='par_1_13' title="bbox 408 2007 2276 2349">
     <span class='ocr_line' id='line_1_27' title="bbox 504 2007 2274 2039; baseline 0 -9"><span class='ocrx_word' id='word_1_391' title='bbox 504 2008 523 2030; x_wconf 93' lang='lat'>1.</span> <span class='ocrx_word' id='word_1_392' title='bbox 539 2008 596 2030; x_wconf 87' lang='lat' dir='ltr'>Sec.</span> <span class='ocrx_word' id='word_1_393' title='bbox 613 2008 702 2030; x_wconf 87' lang='lat' dir='ltr'>stilum</span> <span class='ocrx_word' id='word_1_394' title='bbox 720 2015 894 2036; x_wconf 76' lang='lat' dir='ltr'>communem,</span> <span class='ocrx_word' id='word_1_395' title='bbox 911 2007 932 2030; x_wconf 84' lang='lat' dir='ltr'>si</span> <span class='ocrx_word' id='word_1_396' title='bbox 951 2016 1032 2038; x_wconf 84' lang='lat' dir='ltr'>supra</span> <span class='ocrx_word' id='word_1_397' title='bbox 1048 2007 1145 2039; x_wconf 84' lang='lat' dir='ltr'>agitur,</span> <span class='ocrx_word' id='word_1_398' title='bbox 1162 2011 1190 2031; x_wconf 85' lang='lat' dir='ltr'>ut</span> <span class='ocrx_word' id='word_1_399' title='bbox 1205 2008 1354 2039; x_wconf 84' lang='lat' dir='ltr'>opinamur,</span> <span class='ocrx_word' id='word_1_400' title='bbox 1374 2009 1405 2031; x_wconf 88' lang='lat' dir='ltr'>de</span> <span class='ocrx_word' id='word_1_401' title='bbox 1418 2008 1612 2032; x_wconf 81' lang='lat' dir='ltr'>contributione</span> <span class='ocrx_word' id='word_1_402' title='bbox 1629 2008 1750 2031; x_wconf 78' lang='lat' dir='ltr'>habenda</span> <span class='ocrx_word' id='word_1_403' title='bbox 1767 2009 1852 2031; x_wconf 85' lang='lat' dir='ltr'>rotulo</span> <span class='ocrx_word' id='word_1_404' title='bbox 1869 2008 1901 2031; x_wconf 82' lang='lat' dir='ltr'>nd</span> <span class='ocrx_word' id='word_1_405' title='bbox 1917 2008 2074 2039; x_wconf 84' lang='lat' dir='ltr'>Gregorium</span> <span class='ocrx_word' id='word_1_406' title='bbox 2095 2008 2127 2031; x_wconf 91' lang='lat' dir='ltr'>XI</span> <span class='ocrx_word' id='word_1_407' title='bbox 2147 2016 2189 2031; x_wconf 79' lang='lat' dir='ltr'>an.</span> <span class='ocrx_word' id='word_1_408' title='bbox 2206 2007 2274 2036; x_wconf 83' lang='grc'><strong>1371,</strong></span> 
     </span>
     <span class='ocr_line' id='line_1_28' title="bbox 408 2052 2274 2084; baseline 0.001 -10"><span class='ocrx_word' id='word_1_409' title='bbox 408 2052 517 2075; x_wconf 87' lang='lat' dir='ltr'>Januar.</span> <span class='ocrx_word' id='word_1_410' title='bbox 535 2052 573 2084; x_wconf 83' lang='lat'>15,</span> <span class='ocrx_word' id='word_1_411' title='bbox 592 2052 681 2080; x_wconf 81' lang='lat' dir='ltr'>misso,</span> <span class='ocrx_word' id='word_1_412' title='bbox 704 2052 748 2083; x_wconf 86' lang='lat' dir='ltr'>qui</span> <span class='ocrx_word' id='word_1_413' title='bbox 769 2060 811 2075; x_wconf 84' lang='lat' dir='ltr'>an.</span> <span class='ocrx_word' id='word_1_414' title='bbox 833 2053 902 2080; x_wconf 70' lang='lat'>1370,</span> <span class='ocrx_word' id='word_1_415' title='bbox 925 2055 984 2075; x_wconf 85' lang='lat' dir='ltr'>unte</span> <span class='ocrx_word' id='word_1_416' title='bbox 1005 2055 1113 2075; x_wconf 83' lang='lat' dir='ltr'>mortem</span> <span class='ocrx_word' id='word_1_417' title='bbox 1136 2052 1235 2075; x_wconf 82' lang='lat' dir='ltr'>Urbani</span> <span class='ocrx_word' id='word_1_418' title='bbox 1254 2053 1271 2075; x_wconf 92' lang='lat' dir='ltr'>V</span> <span class='ocrx_word' id='word_1_419' title='bbox 1287 2053 1418 2082; x_wconf 81' lang='lat' dir='ltr'>(Decemb.</span> <span class='ocrx_word' id='word_1_420' title='bbox 1438 2054 1485 2081; x_wconf 72' lang='grc'><strong>19),</strong></span> <span class='ocrx_word' id='word_1_421' title='bbox 1506 2053 1626 2084; x_wconf 84' lang='lat' dir='ltr'>inceptus</span> <span class='ocrx_word' id='word_1_422' title='bbox 1649 2056 1689 2076; x_wconf 82' lang='lat' dir='ltr'>est</span> <span class='ocrx_word' id='word_1_423' title='bbox 1711 2053 1774 2082; x_wconf 90' lang='lat' dir='ltr'>(vid.</span> <span class='ocrx_word' id='word_1_424' title='bbox 1795 2052 1854 2076; x_wconf 82' lang='lat' dir='ltr'>Lib.</span> <span class='ocrx_word' id='word_1_425' title='bbox 1873 2059 1951 2083; x_wconf 78' lang='lat' dir='ltr'>proc.</span> <span class='ocrx_word' id='word_1_426' title='bbox 1969 2056 2029 2077; x_wconf 72' lang='lat' dir='ltr'>‘nat-</span> <span class='ocrx_word' id='word_1_427' title='bbox 2044 2052 2128 2083; x_wconf 72' lang='lat' dir='ltr'>Anyl.</span> <span class='ocrx_word' id='word_1_428' title='bbox 2147 2052 2173 2075; x_wconf 90' lang='lat' dir='ltr'>in</span> <span class='ocrx_word' id='word_1_429' title='bbox 2190 2053 2274 2076; x_wconf 79' lang='lat' dir='ltr'>Auct-</span> 
     </span>
     <span class='ocr_line' id='line_1_29' title="bbox 411 2096 2275 2128; baseline 0 -9"><span class='ocrx_word' id='word_1_430' title='bbox 411 2096 550 2125; x_wconf 77' lang='lat' dir='ltr'>Chartul.,</span> <span class='ocrx_word' id='word_1_431' title='bbox 567 2096 586 2124; x_wconf 83' lang='lat'>1,</span> <span class='ocrx_word' id='word_1_432' title='bbox 601 2100 626 2119; x_wconf 86' lang='lat' dir='ltr'>et</span> <span class='ocrx_word' id='word_1_433' title='bbox 641 2096 710 2119; x_wconf 75' lang='lat' dir='ltr'>infra</span> <span class='ocrx_word' id='word_1_434' title='bbox 726 2100 754 2118; x_wconf 77' lang='grc' dir='ltr'>11ο</span> <span class='ocrx_word' id='word_1_435' title='bbox 770 2097 848 2125; x_wconf 86' lang='grc'><strong>1368).</strong></span> <span class='ocrx_word' id='word_1_436' title='bbox 866 2097 974 2119; x_wconf 82' lang='lat' dir='ltr'>Botulus</span> <span class='ocrx_word' id='word_1_437' title='bbox 994 2105 1043 2120; x_wconf 91' lang='lat' dir='ltr'>non</span> <span class='ocrx_word' id='word_1_438' title='bbox 1059 2100 1099 2119; x_wconf 86' lang='lat' dir='ltr'>est</span> <span class='ocrx_word' id='word_1_439' title='bbox 1115 2100 1296 2126; x_wconf 78' lang='lat' dir='ltr'>conservatus,</span> <span class='ocrx_word' id='word_1_440' title='bbox 1312 2106 1371 2120; x_wconf 78' lang='lat' dir='ltr'>cum</span> <span class='ocrx_word' id='word_1_441' title='bbox 1389 2097 1476 2120; x_wconf 82' lang='lat' dir='ltr'>omniu</span> <span class='ocrx_word' id='word_1_442' title='bbox 1496 2098 1617 2128; x_wconf 82' lang='lat' dir='ltr'>Registra</span> <span class='ocrx_word' id='word_1_443' title='bbox 1633 2097 1728 2128; x_wconf 85' lang='lat' dir='ltr'>Suppl.</span> <span class='ocrx_word' id='word_1_444' title='bbox 1745 2097 1824 2128; x_wconf 82' lang='lat' dir='ltr'>Greg.</span> <span class='ocrx_word' id='word_1_445' title='bbox 1840 2098 1870 2120; x_wconf 87' lang='grc' dir='ltr'>ΧΙ</span> <span class='ocrx_word' id='word_1_446' title='bbox 1885 2097 1979 2120; x_wconf 87' lang='lat' dir='ltr'>desint.</span> <span class='ocrx_word' id='word_1_447' title='bbox 1995 2097 2024 2120; x_wconf 90' lang='lat' dir='ltr'>In</span> <span class='ocrx_word' id='word_1_448' title='bbox 2039 2096 2146 2128; x_wconf 77' lang='lat' dir='ltr'>Regalis</span> <span class='ocrx_word' id='word_1_449' title='bbox 2166 2096 2235 2120; x_wconf 81' lang='lat' dir='ltr'>datis</span> <span class='ocrx_word' id='word_1_450' title='bbox 2249 2096 2275 2119; x_wconf 88' lang='lat' dir='ltr'>in</span> 
     </span>
     <span class='ocr_line' id='line_1_30' title="bbox 409 2140 2274 2172; baseline 0.001 -9"><span class='ocrx_word' id='word_1_451' title='bbox 409 2141 566 2163; x_wconf 77' lang='lat' dir='ltr'>cancellaria</span> <span class='ocrx_word' id='word_1_452' title='bbox 578 2149 626 2171; x_wconf 85' lang='lat' dir='ltr'>per</span> <span class='ocrx_word' id='word_1_453' title='bbox 641 2141 710 2163; x_wconf 85' lang='lat' dir='ltr'>dom.</span> <span class='ocrx_word' id='word_1_454' title='bbox 727 2140 883 2171; x_wconf 84' lang='lat' dir='ltr'>Gregorium</span> <span class='ocrx_word' id='word_1_455' title='bbox 896 2149 957 2171; x_wconf 84' lang='lat' dir='ltr'>pap.</span> <span class='ocrx_word' id='word_1_456' title='bbox 976 2141 1007 2164; x_wconf 87' lang='lat' dir='ltr'>XI</span> <span class='ocrx_word' id='word_1_457' title='bbox 1026 2141 1060 2170; x_wconf 89' lang='lat' dir='ltr'>(in</span> <span class='ocrx_word' id='word_1_458' title='bbox 1076 2141 1199 2171; x_wconf 75' lang='lat' dir='ltr'>Reyulae</span> <span class='ocrx_word' id='word_1_459' title='bbox 1214 2142 1403 2166; x_wconf 71' lang='lat' dir='ltr'>cancellariae</span> <span class='ocrx_word' id='word_1_460' title='bbox 1420 2142 1605 2172; x_wconf 77' lang='lat' dir='ltr'>Apostolicae.</span> <span class='ocrx_word' id='word_1_461' title='bbox 1621 2142 1662 2165; x_wconf 90' lang='lat' dir='ltr'>ed.</span> <span class='ocrx_word' id='word_1_462' title='bbox 1679 2141 1823 2170; x_wconf 77' lang='lat' dir='ltr'>Ottenthul,</span> <span class='ocrx_word' id='word_1_463' title='bbox 1841 2142 1997 2171; x_wconf 77' lang='lat' dir='ltr'>Innsbruck,</span> <span class='ocrx_word' id='word_1_464' title='bbox 2009 2142 2079 2169; x_wconf 86' lang='lat'>1888,</span> <span class='ocrx_word' id='word_1_465' title='bbox 2091 2149 2118 2172; x_wconf 85' lang='lat' dir='ltr'>p.</span> <span class='ocrx_word' id='word_1_466' title='bbox 2130 2141 2177 2171; x_wconf 77' lang='lat'>33),</span> <span class='ocrx_word' id='word_1_467' title='bbox 2192 2145 2222 2164; x_wconf 77' lang='lat' dir='ltr'>no</span> <span class='ocrx_word' id='word_1_468' title='bbox 2236 2142 2274 2169; x_wconf 83' lang='lat'>53,</span> 
     </span>
     <span class='ocr_line' id='line_1_31' title="bbox 408 2184 2276 2217; baseline 0.001 -11"><span class='ocrx_word' id='word_1_469' title='bbox 408 2184 514 2215; x_wconf 83' lang='lat' dir='ltr'>legitur,</span> <span class='ocrx_word' id='word_1_470' title='bbox 531 2184 685 2215; x_wconf 87' lang='lat' dir='ltr'>Gregorium</span> <span class='ocrx_word' id='word_1_471' title='bbox 703 2185 735 2207; x_wconf 81' lang='lat' dir='ltr'>XI</span> <span class='ocrx_word' id='word_1_472' title='bbox 751 2193 793 2207; x_wconf 86' lang='lat' dir='ltr'>nn.</span> <span class='ocrx_word' id='word_1_473' title='bbox 810 2185 879 2212; x_wconf 80' lang='lat'>1371,</span> <span class='ocrx_word' id='word_1_474' title='bbox 898 2186 962 2215; x_wconf 71' lang='lat' dir='ltr'>Aug.</span> <span class='ocrx_word' id='word_1_475' title='bbox 980 2186 1018 2213; x_wconf 74' lang='lat'>22,</span> <span class='ocrx_word' id='word_1_476' title='bbox 1034 2185 1193 2214; x_wconf 81' lang='lat' dir='ltr'>declarasse,</span> <span class='ocrx_word' id='word_1_477' title='bbox 1209 2185 1234 2208; x_wconf 96' lang='lat' dir='ltr'>in</span> <span class='ocrx_word' id='word_1_478' title='bbox 1249 2185 1333 2217; x_wconf 85' lang='lat' dir='ltr'>ipsius</span> <span class='ocrx_word' id='word_1_479' title='bbox 1351 2189 1434 2209; x_wconf 87' lang='lat' dir='ltr'>mente</span> <span class='ocrx_word' id='word_1_480' title='bbox 1446 2186 1536 2215; x_wconf 78' lang='lat' dir='ltr'>fuisse</span> <span class='ocrx_word' id='word_1_481' title='bbox 1550 2189 1575 2209; x_wconf 88' lang='lat' dir='ltr'>et</span> <span class='ocrx_word' id='word_1_482' title='bbox 1589 2194 1648 2209; x_wconf 87' lang='lat' dir='ltr'>esse</span> <span class='ocrx_word' id='word_1_483' title='bbox 1662 2195 1673 2209; x_wconf 90' lang='lat'>«</span> <span class='ocrx_word' id='word_1_484' title='bbox 1687 2186 1756 2217; x_wconf 89' lang='lat' dir='ltr'>quod</span> <span class='ocrx_word' id='word_1_485' title='bbox 1770 2186 1891 2217; x_wconf 82' lang='lat' dir='ltr'>magistri</span> <span class='ocrx_word' id='word_1_486' title='bbox 1906 2189 1931 2209; x_wconf 89' lang='lat' dir='ltr'>et</span> <span class='ocrx_word' id='word_1_487' title='bbox 1946 2185 2073 2208; x_wconf 88' lang='lat' dir='ltr'>licentiati</span> <span class='ocrx_word' id='word_1_488' title='bbox 2085 2193 2115 2208; x_wconf 88' lang='lat' dir='ltr'>ac</span> <span class='ocrx_word' id='word_1_489' title='bbox 2130 2185 2276 2208; x_wconf 70' lang='lat' dir='ltr'>bachelarii</span> 
     </span>
     <span class='ocr_line' id='line_1_32' title="bbox 409 2228 2275 2262; baseline 0.001 -11"><span class='ocrx_word' id='word_1_490' title='bbox 409 2228 514 2251; x_wconf 80' lang='lat' dir='ltr'>formati</span> <span class='ocrx_word' id='word_1_491' title='bbox 530 2229 555 2251; x_wconf 87' lang='lat' dir='ltr'>in</span> <span class='ocrx_word' id='word_1_492' title='bbox 572 2229 695 2251; x_wconf 82' lang='lat' dir='ltr'>facultate</span> <span class='ocrx_word' id='word_1_493' title='bbox 711 2229 841 2259; x_wconf 85' lang='lat' dir='ltr'>theologie</span> <span class='ocrx_word' id='word_1_494' title='bbox 856 2229 952 2260; x_wconf 86' lang='lat' dir='ltr'>quibus</span> <span class='ocrx_word' id='word_1_495' title='bbox 967 2229 1030 2259; x_wconf 76' lang='lat' dir='ltr'>fecit</span> <span class='ocrx_word' id='word_1_496' title='bbox 1043 2230 1157 2261; x_wconf 82' lang='lat' dir='ltr'>gratiam</span> <span class='ocrx_word' id='word_1_497' title='bbox 1171 2230 1196 2252; x_wconf 93' lang='lat' dir='ltr'>in</span> <span class='ocrx_word' id='word_1_498' title='bbox 1212 2231 1298 2253; x_wconf 82' lang='lat' dir='ltr'>rotulo</span> <span class='ocrx_word' id='word_1_499' title='bbox 1312 2238 1358 2253; x_wconf 83' lang='lat' dir='ltr'>seu</span> <span class='ocrx_word' id='word_1_500' title='bbox 1369 2231 1462 2253; x_wconf 91' lang='lat' dir='ltr'>rotulis</span> <span class='ocrx_word' id='word_1_501' title='bbox 1476 2230 1603 2259; x_wconf 71' lang='lat' dir='ltr'>Parisius,</span> <span class='ocrx_word' id='word_1_502' title='bbox 1616 2231 1827 2262; x_wconf 86' lang='lat' dir='ltr'>quibuscumque</span> <span class='ocrx_word' id='word_1_503' title='bbox 1839 2230 1977 2261; x_wconf 82' lang='lat' dir='ltr'>graduatis</span> <span class='ocrx_word' id='word_1_504' title='bbox 1992 2230 2019 2253; x_wconf 89' lang='lat' dir='ltr'>in</span> <span class='ocrx_word' id='word_1_505' title='bbox 2032 2230 2091 2253; x_wconf 77' lang='lat' dir='ltr'>aliis</span> <span class='ocrx_word' id='word_1_506' title='bbox 2107 2229 2275 2253; x_wconf 81' lang='lat' dir='ltr'>facultatibus</span> 
     </span>
     <span class='ocr_line' id='line_1_33' title="bbox 408 2272 2275 2306; baseline 0.001 -11"><span class='ocrx_word' id='word_1_507' title='bbox 408 2272 435 2295; x_wconf 90' lang='lat' dir='ltr'>in</span> <span class='ocrx_word' id='word_1_508' title='bbox 450 2273 527 2295; x_wconf 86' lang='lat' dir='ltr'>dictis</span> <span class='ocrx_word' id='word_1_509' title='bbox 543 2273 636 2296; x_wconf 86' lang='lat' dir='ltr'>rotulis</span> <span class='ocrx_word' id='word_1_510' title='bbox 652 2273 780 2296; x_wconf 83' lang='lat' dir='ltr'>contentis</span> <span class='ocrx_word' id='word_1_511' title='bbox 795 2275 962 2304; x_wconf 79' lang='lat' dir='ltr'>preferantur</span> <span class='ocrx_word' id='word_1_512' title='bbox 978 2282 1000 2296; x_wconf 68' lang='grc' dir='ltr'>υ.</span> <span class='ocrx_word' id='word_1_513' title='bbox 1018 2274 1051 2297; x_wconf 94' lang='lat' dir='ltr'>Ut</span> <span class='ocrx_word' id='word_1_514' title='bbox 1066 2283 1078 2297; x_wconf 88' lang='lat' dir='ltr'>e</span> <span class='ocrx_word' id='word_1_515' title='bbox 1099 2275 1161 2305; x_wconf 74' lang='lat' dir='ltr'>aeg.</span> <span class='ocrx_word' id='word_1_516' title='bbox 1178 2275 1258 2298; x_wconf 79' lang='lat' dir='ltr'>Aven.</span> <span class='ocrx_word' id='word_1_517' title='bbox 1275 2275 1396 2306; x_wconf 84' lang='lat' dir='ltr'>Gregorii</span> <span class='ocrx_word' id='word_1_518' title='bbox 1417 2275 1447 2298; x_wconf 83' lang='lat' dir='ltr'>Xl</span> <span class='ocrx_word' id='word_1_519' title='bbox 1469 2275 1590 2298; x_wconf 87' lang='lat' dir='ltr'>concludi</span> <span class='ocrx_word' id='word_1_520' title='bbox 1606 2278 1701 2306; x_wconf 87' lang='lat' dir='ltr'>potest,</span> <span class='ocrx_word' id='word_1_521' title='bbox 1719 2275 1822 2298; x_wconf 86' lang='lat' dir='ltr'>rotulus</span> <span class='ocrx_word' id='word_1_522' title='bbox 1843 2275 1892 2298; x_wconf 91' lang='lat' dir='ltr'>sub</span> <span class='ocrx_word' id='word_1_523' title='bbox 1912 2283 1928 2298; x_wconf 87' lang='lat' dir='ltr'>v</span> <span class='ocrx_word' id='word_1_524' title='bbox 1943 2275 1985 2298; x_wconf 89' lang='lat' dir='ltr'>vel</span> <span class='ocrx_word' id='word_1_525' title='bbox 2000 2274 2025 2305; x_wconf 88' lang='lat' dir='ltr'>vj</span> <span class='ocrx_word' id='word_1_526' title='bbox 2042 2275 2095 2298; x_wconf 87' lang='lat' dir='ltr'>kal.</span> <span class='ocrx_word' id='word_1_527' title='bbox 2111 2274 2186 2297; x_wconf 86' lang='lat' dir='ltr'>Febr.</span> <span class='ocrx_word' id='word_1_528' title='bbox 2203 2282 2245 2297; x_wconf 83' lang='lat' dir='ltr'>an.</span> <span class='ocrx_word' id='word_1_529' title='bbox 2263 2274 2275 2298; x_wconf 86' lang='lat'>1</span> 
     </span>
     <span class='ocr_line' id='line_1_34' title="bbox 409 2317 1002 2349; baseline 0.002 -9"><span class='ocrx_word' id='word_1_530' title='bbox 409 2317 489 2347; x_wconf 77' lang='lat'>(1371,</span> <span class='ocrx_word' id='word_1_531' title='bbox 505 2317 564 2341; x_wconf 83' lang='lat' dir='ltr'>Jan.</span> <span class='ocrx_word' id='word_1_532' title='bbox 578 2318 616 2346; x_wconf 84' lang='lat'>27,</span> <span class='ocrx_word' id='word_1_533' title='bbox 635 2318 672 2347; x_wconf 84' lang='lat'>28)</span> <span class='ocrx_word' id='word_1_534' title='bbox 689 2317 715 2340; x_wconf 90' lang='lat' dir='ltr'>in</span> <span class='ocrx_word' id='word_1_535' title='bbox 730 2317 803 2340; x_wconf 85' lang='lat' dir='ltr'>curia</span> <span class='ocrx_word' id='word_1_536' title='bbox 821 2318 940 2349; x_wconf 81' lang='lat' dir='ltr'>signatus</span> <span class='ocrx_word' id='word_1_537' title='bbox 954 2321 1002 2341; x_wconf 85' lang='lat' dir='ltr'>est.</span> 
     </span>
    </p>
   </div>
   <div class='ocr_carea' id='block_1_14' title="bbox 414 2452 2277 2839">
    <p class='ocr_par' dir='ltr' id='par_1_14' title="bbox 414 2452 2277 2788">
     <span class='ocr_line' id='line_1_35' title="bbox 414 2452 2277 2499; baseline 0.001 -11"><span class='ocrx_word' id='word_1_538' title='bbox 414 2452 554 2489; x_wconf 80' lang='grc'><strong>1365.</strong></span> <span class='ocrx_word' id='word_1_539' title='bbox 580 2463 729 2496; x_wconf 78' lang='lat' dir='ltr'>Gregorius</span> <span class='ocrx_word' id='word_1_540' title='bbox 745 2464 788 2488; x_wconf 85' lang='lat' dir='ltr'>XI</span> <span class='ocrx_word' id='word_1_541' title='bbox 799 2463 935 2498; x_wconf 66' lang='lat' dir='ltr'>(johanni</span> <span class='ocrx_word' id='word_1_542' title='bbox 949 2463 985 2489; x_wconf 86' lang='lat' dir='ltr'>de</span> <span class='ocrx_word' id='word_1_543' title='bbox 1003 2463 1114 2495; x_wconf 81' lang='lat' dir='ltr'>Calore)</span> <span class='ocrx_word' id='word_1_544' title='bbox 1126 2463 1301 2490; x_wconf 84' lang='lat' dir='ltr'>cancellario</span> <span class='ocrx_word' id='word_1_545' title='bbox 1316 2465 1423 2499; x_wconf 62' lang='lat' dir='ltr'>Paris„</span> <span class='ocrx_word' id='word_1_546' title='bbox 1438 2468 1468 2490; x_wconf 79' lang='lat' dir='ltr'>ut</span> <span class='ocrx_word' id='word_1_547' title='bbox 1478 2464 1634 2490; x_wconf 79' lang='lat' dir='ltr'>Johannem</span> <span class='ocrx_word' id='word_1_548' title='bbox 1653 2464 1688 2490; x_wconf 87' lang='lat' dir='ltr'>de</span> <span class='ocrx_word' id='word_1_549' title='bbox 1699 2466 1808 2490; x_wconf 83' lang='lat' dir='ltr'>Latone</span> <span class='ocrx_word' id='word_1_550' title='bbox 1821 2464 1857 2490; x_wconf 86' lang='lat' dir='ltr'>de</span> <span class='ocrx_word' id='word_1_551' title='bbox 1876 2464 2018 2498; x_wconf 82' lang='lat' dir='ltr'>Gerunda,</span> <span class='ocrx_word' id='word_1_552' title='bbox 2038 2463 2103 2490; x_wconf 83' lang='lat' dir='ltr'>Ord.</span> <span class='ocrx_word' id='word_1_553' title='bbox 2118 2464 2197 2498; x_wconf 63' lang='lat' dir='ltr'>Min„</span> <span class='ocrx_word' id='word_1_554' title='bbox 2209 2471 2277 2499; x_wconf 81' lang='lat' dir='ltr'>pro-</span> 
     </span>
     <span class='ocr_line' id='line_1_36' title="bbox 495 2511 2276 2549; baseline 0.001 -13"><span class='ocrx_word' id='word_1_555' title='bbox 495 2512 632 2544; x_wconf 81' lang='lat' dir='ltr'>fessorem</span> <span class='ocrx_word' id='word_1_556' title='bbox 649 2511 677 2536; x_wconf 89' lang='lat' dir='ltr'>in</span> <span class='ocrx_word' id='word_1_557' title='bbox 693 2511 851 2546; x_wconf 78' lang='lat' dir='ltr'>theologica</span> <span class='ocrx_word' id='word_1_558' title='bbox 864 2512 1007 2546; x_wconf 80' lang='lat' dir='ltr'>facultate</span> <span class='ocrx_word' id='word_1_559' title='bbox 1023 2512 1051 2538; x_wconf 89' lang='lat' dir='ltr'>in</span> <span class='ocrx_word' id='word_1_560' title='bbox 1065 2512 1196 2548; x_wconf 79' lang='lat' dir='ltr'>pluribus</span> <span class='ocrx_word' id='word_1_561' title='bbox 1212 2513 1318 2538; x_wconf 80' lang='lat' dir='ltr'>stadiis</span> <span class='ocrx_word' id='word_1_562' title='bbox 1328 2514 1417 2548; x_wconf 65' lang='lat' dir='ltr'>jcczta</span> <span class='ocrx_word' id='word_1_563' title='bbox 1433 2522 1537 2539; x_wconf 82' lang='lat' dir='ltr'>morem</span> <span class='ocrx_word' id='word_1_564' title='bbox 1553 2513 1624 2539; x_wconf 78' lang='lat' dir='ltr'>dicti</span> <span class='ocrx_word' id='word_1_565' title='bbox 1642 2513 1768 2548; x_wconf 84' lang='lat' dir='ltr'>Ordinis,</span> <span class='ocrx_word' id='word_1_566' title='bbox 1780 2517 1936 2549; x_wconf 82' lang='lat' dir='ltr'>postquam</span> <span class='ocrx_word' id='word_1_567' title='bbox 1953 2513 1989 2539; x_wconf 86' lang='lat' dir='ltr'>de</span> <span class='ocrx_word' id='word_1_568' title='bbox 2002 2513 2099 2538; x_wconf 84' lang='lat' dir='ltr'>studio</span> <span class='ocrx_word' id='word_1_569' title='bbox 2114 2511 2276 2538; x_wconf 77' lang='lat' dir='ltr'>Parisiensi</span> 
     </span>
     <span class='ocr_line' id='line_1_37' title="bbox 498 2559 2273 2598; baseline 0.001 -14"><span class='ocrx_word' id='word_1_570' title='bbox 498 2559 591 2593; x_wconf 83' lang='lat' dir='ltr'>rediit,</span> <span class='ocrx_word' id='word_1_571' title='bbox 606 2559 645 2584; x_wconf 87' lang='lat' dir='ltr'>ad</span> <span class='ocrx_word' id='word_1_572' title='bbox 656 2560 803 2594; x_wconf 79' lang='lat' dir='ltr'>legendum</span> <span class='ocrx_word' id='word_1_573' title='bbox 815 2560 918 2586; x_wconf 81' lang='lat' dir='ltr'>libr-am</span> <span class='ocrx_word' id='word_1_574' title='bbox 932 2562 1140 2586; x_wconf 80' lang='lat' dir='ltr'>Sententiarum</span> <span class='ocrx_word' id='word_1_575' title='bbox 1157 2561 1185 2587; x_wconf 89' lang='lat' dir='ltr'>in</span> <span class='ocrx_word' id='word_1_576' title='bbox 1198 2562 1394 2587; x_wconf 78' lang='lat' dir='ltr'>vacationibus</span> <span class='ocrx_word' id='word_1_577' title='bbox 1411 2563 1439 2587; x_wconf 85' lang='lat' dir='ltr'>in</span> <span class='ocrx_word' id='word_1_578' title='bbox 1449 2563 1583 2598; x_wconf 75' lang='lat' dir='ltr'>proxima</span> <span class='ocrx_word' id='word_1_579' title='bbox 1598 2564 1699 2596; x_wconf 79' lang='lat' dir='ltr'>satura</span> <span class='ocrx_word' id='word_1_580' title='bbox 1716 2566 1830 2588; x_wconf 78' lang='lat' dir='ltr'>aestate</span> <span class='ocrx_word' id='word_1_581' title='bbox 1844 2562 1982 2588; x_wconf 81' lang='lat' dir='ltr'>admittat</span> <span class='ocrx_word' id='word_1_582' title='bbox 1998 2565 2025 2588; x_wconf 78' lang='lat' dir='ltr'>et</span> <span class='ocrx_word' id='word_1_583' title='bbox 2040 2561 2156 2587; x_wconf 80' lang='lat' dir='ltr'>admitti</span> <span class='ocrx_word' id='word_1_584' title='bbox 2170 2561 2273 2595; x_wconf 78' lang='lat' dir='ltr'>faciat,</span> 
     </span>
     <span class='ocr_line' id='line_1_38' title="bbox 497 2607 2276 2646; baseline 0.001 -13"><span class='ocrx_word' id='word_1_585' title='bbox 497 2611 524 2633; x_wconf 82' lang='lat' dir='ltr'>et</span> <span class='ocrx_word' id='word_1_586' title='bbox 535 2607 644 2633; x_wconf 84' lang='lat' dir='ltr'>lectura</span> <span class='ocrx_word' id='word_1_587' title='bbox 658 2609 797 2644; x_wconf 83' lang='lat' dir='ltr'>completa</span> <span class='ocrx_word' id='word_1_588' title='bbox 810 2610 968 2643; x_wconf 80' lang='lat' dir='ltr'>magisterii</span> <span class='ocrx_word' id='word_1_589' title='bbox 984 2610 1115 2636; x_wconf 83' lang='lat' dir='ltr'>honorem</span> <span class='ocrx_word' id='word_1_590' title='bbox 1128 2614 1155 2635; x_wconf 80' lang='lat' dir='ltr'>et</span> <span class='ocrx_word' id='word_1_591' title='bbox 1169 2610 1291 2636; x_wconf 81' lang='lat' dir='ltr'>docendi</span> <span class='ocrx_word' id='word_1_592' title='bbox 1306 2610 1451 2636; x_wconf 86' lang='lat' dir='ltr'>licentiam</span> <span class='ocrx_word' id='word_1_593' title='bbox 1463 2612 1492 2636; x_wconf 84' lang='lat' dir='ltr'>in</span> <span class='ocrx_word' id='word_1_594' title='bbox 1504 2611 1605 2637; x_wconf 83' lang='lat' dir='ltr'>eadem</span> <span class='ocrx_word' id='word_1_595' title='bbox 1621 2611 1782 2646; x_wconf 80' lang='lat' dir='ltr'>theologica</span> <span class='ocrx_word' id='word_1_596' title='bbox 1797 2611 1943 2646; x_wconf 81' lang='lat' dir='ltr'>facultate</span> <span class='ocrx_word' id='word_1_597' title='bbox 1960 2610 2113 2645; x_wconf 76' lang='lat' dir='ltr'>largiatur,</span> <span class='ocrx_word' id='word_1_598' title='bbox 2128 2610 2170 2636; x_wconf 83' lang='lat' dir='ltr'>ita</span> <span class='ocrx_word' id='word_1_599' title='bbox 2182 2613 2276 2636; x_wconf 84' lang='lat' dir='ltr'>tamen</span> 
     </span>
     <span class='ocr_line' id='line_1_39' title="bbox 498 2656 2275 2696; baseline 0.001 -14"><span class='ocrx_word' id='word_1_600' title='bbox 498 2656 573 2691; x_wconf 79' lang='lat' dir='ltr'>quod</span> <span class='ocrx_word' id='word_1_601' title='bbox 588 2666 624 2682; x_wconf 79' lang='lat' dir='ltr'>ex</span> <span class='ocrx_word' id='word_1_602' title='bbox 645 2657 695 2683; x_wconf 84' lang='lat' dir='ltr'>Izoc</span> <span class='ocrx_word' id='word_1_603' title='bbox 709 2659 863 2693; x_wconf 81' lang='lat' dir='ltr'>praefatas</span> <span class='ocrx_word' id='word_1_604' title='bbox 884 2658 957 2683; x_wconf 86' lang='lat' dir='ltr'>Ordo</span> <span class='ocrx_word' id='word_1_605' title='bbox 978 2658 1018 2683; x_wconf 85' lang='lat' dir='ltr'>ad</span> <span class='ocrx_word' id='word_1_606' title='bbox 1036 2659 1244 2694; x_wconf 78' lang='lat' dir='ltr'>praestandum</span> <span class='ocrx_word' id='word_1_607' title='bbox 1261 2659 1375 2694; x_wconf 81' lang='lat' dir='ltr'>aliquid</span> <span class='ocrx_word' id='word_1_608' title='bbox 1401 2660 1491 2685; x_wconf 86' lang='lat' dir='ltr'>eidem</span> <span class='ocrx_word' id='word_1_609' title='bbox 1515 2660 1640 2686; x_wconf 72' lang='lat' dir='ltr'>,Iohanni</span> <span class='ocrx_word' id='word_1_610' title='bbox 1660 2669 1713 2696; x_wconf 80' lang='lat' dir='ltr'>pro</span> <span class='ocrx_word' id='word_1_611' title='bbox 1729 2661 1789 2686; x_wconf 83' lang='lat' dir='ltr'>sais</span> <span class='ocrx_word' id='word_1_612' title='bbox 1806 2661 1940 2696; x_wconf 66' lang='lat' dir='ltr'>expensis</span> <span class='ocrx_word' id='word_1_613' title='bbox 1963 2663 1989 2685; x_wconf 88' lang='lat' dir='ltr'>et</span> <span class='ocrx_word' id='word_1_614' title='bbox 2012 2659 2081 2685; x_wconf 84' lang='lat' dir='ltr'>aliis</span> <span class='ocrx_word' id='word_1_615' title='bbox 2102 2658 2275 2685; x_wconf 80' lang='lat' dir='ltr'>necessariis</span> 
     </span>
     <span class='ocr_line' id='line_1_40' title="bbox 498 2705 2276 2743; baseline 0.002 -13"><span class='ocrx_word' id='word_1_616' title='bbox 498 2706 608 2731; x_wconf 84' lang='lat' dir='ltr'>ratione</span> <span class='ocrx_word' id='word_1_617' title='bbox 628 2705 697 2731; x_wconf 74' lang='lat' dir='ltr'>dicti</span> <span class='ocrx_word' id='word_1_618' title='bbox 716 2707 875 2740; x_wconf 81' lang='lat' dir='ltr'>magisterii</span> <span class='ocrx_word' id='word_1_619' title='bbox 898 2706 972 2732; x_wconf 76' lang='lat' dir='ltr'>ultra</span> <span class='ocrx_word' id='word_1_620' title='bbox 997 2716 1081 2742; x_wconf 73' lang='lat' dir='ltr'>quam</span> <span class='ocrx_word' id='word_1_621' title='bbox 1102 2711 1189 2733; x_wconf 72' lang='lat' dir='ltr'>antea</span> <span class='ocrx_word' id='word_1_622' title='bbox 1210 2709 1322 2733; x_wconf 82' lang='lat' dir='ltr'>minime</span> <span class='ocrx_word' id='word_1_623' title='bbox 1346 2712 1484 2734; x_wconf 82' lang='lat' dir='ltr'>teneatur.</span> <span class='ocrx_word' id='word_1_624' title='bbox 1511 2709 1574 2735; x_wconf 87' lang='lat' dir='ltr'>Dat.</span> <span class='ocrx_word' id='word_1_625' title='bbox 1593 2710 1735 2736; x_wconf 81' lang='lat' dir='ltr'>Avinione</span> <span class='ocrx_word' id='word_1_626' title='bbox 1755 2710 1780 2743; x_wconf 89' lang='lat' dir='ltr'>vj</span> <span class='ocrx_word' id='word_1_627' title='bbox 1802 2710 1859 2735; x_wconf 84' lang='lat' dir='ltr'>kal.</span> <span class='ocrx_word' id='word_1_628' title='bbox 1883 2709 1957 2738; x_wconf 83' lang='lat' dir='ltr'>Maii,</span> <span class='ocrx_word' id='word_1_629' title='bbox 1982 2709 2170 2742; x_wconf 81' lang='lat' dir='ltr'>pontificatus</span> <span class='ocrx_word' id='word_1_630' title='bbox 2185 2707 2276 2734; x_wconf 77' lang='lat' dir='ltr'>nostri</span> 
     </span>
     <span class='ocr_line' id='line_1_41' title="bbox 498 2755 933 2788; baseline 0.005 -8"><span class='ocrx_word' id='word_1_631' title='bbox 498 2762 576 2780; x_wconf 86' lang='lat' dir='ltr'>anno</span> <span class='ocrx_word' id='word_1_632' title='bbox 592 2755 697 2788; x_wconf 87' lang='lat' dir='ltr'>primo.</span> <span class='ocrx_word' id='word_1_633' title='bbox 715 2766 727 2779; x_wconf 85' lang='lat'>«</span> <span class='ocrx_word' id='word_1_634' title='bbox 744 2755 803 2780; x_wconf 87' lang='lat' dir='ltr'>Viri</span> <span class='ocrx_word' id='word_1_635' title='bbox 816 2763 893 2782; x_wconf 84' lang='lat' dir='ltr'>sacre</span> <span class='ocrx_word' id='word_1_636' title='bbox 910 2766 933 2781; x_wconf 61' lang='grc' dir='ltr'>ν).</span> 
     </span>
    </p>

    <p class='ocr_par' dir='ltr' id='par_1_15' title="bbox 1601 2807 1987 2839">
     <span class='ocr_line' id='line_1_42' title="bbox 1601 2807 1987 2839; baseline 0 -6"><span class='ocrx_word' id='word_1_637' title='bbox 1601 2808 1670 2836; x_wconf 82' lang='grc'><strong>1371,</strong></span> <span class='ocrx_word' id='word_1_638' title='bbox 1687 2807 1778 2839; x_wconf 70' lang='lat' dir='ltr'>Aprilis</span> <span class='ocrx_word' id='word_1_639' title='bbox 1795 2808 1838 2837; x_wconf 75' lang='lat'>26,</span> <span class='ocrx_word' id='word_1_640' title='bbox 1854 2807 1987 2833; x_wconf 69' lang='lat' dir='ltr'>Arenione.</span> 
     </span>
    </p>
   </div>
   <div class='ocr_carea' id='block_1_15' title="bbox 501 2891 2275 2925">
    <p class='ocr_par' dir='ltr' id='par_1_16' title="bbox 501 2891 2275 2925">
     <span class='ocr_line' id='line_1_43' title="bbox 501 2891 2275 2925; baseline 0.001 -11"><span class='ocrx_word' id='word_1_641' title='bbox 501 2893 562 2922; x_wconf 82' lang='lat' dir='ltr'>Reg.</span> <span class='ocrx_word' id='word_1_642' title='bbox 580 2891 634 2914; x_wconf 74' lang='lat' dir='ltr'>Vat.</span> <span class='ocrx_word' id='word_1_643' title='bbox 652 2892 731 2914; x_wconf 69' lang='grc' dir='ltr'><strong>Ανοη.</strong></span> <span class='ocrx_word' id='word_1_644' title='bbox 748 2891 868 2922; x_wconf 80' lang='lat' dir='ltr'>Gregorii</span> <span class='ocrx_word' id='word_1_645' title='bbox 884 2892 925 2917; x_wconf 78' lang='lat' dir='ltr'>XI,</span> <span class='ocrx_word' id='word_1_646' title='bbox 940 2892 989 2915; x_wconf 87' lang='lat' dir='ltr'>vol.</span> <span class='ocrx_word' id='word_1_647' title='bbox 1008 2893 1026 2919; x_wconf 88' lang='grc'>1,</span> <span class='ocrx_word' id='word_1_648' title='bbox 1046 2893 1089 2915; x_wconf 84' lang='lat' dir='ltr'>sul.</span> <span class='ocrx_word' id='word_1_649' title='bbox 1106 2893 1176 2915; x_wconf 62' lang='lat'>27811.</span> <span class='ocrx_word' id='word_1_650' title='bbox 1194 2906 1223 2910; x_wconf 90' lang='lat'>—</span> <span class='ocrx_word' id='word_1_651' title='bbox 1235 2893 1285 2916; x_wconf 80' lang='lat' dir='ltr'>Sed</span> <span class='ocrx_word' id='word_1_652' title='bbox 1300 2894 1385 2917; x_wconf 83' lang='lat' dir='ltr'>adhue</span> <span class='ocrx_word' id='word_1_653' title='bbox 1401 2902 1443 2918; x_wconf 82' lang='lat' dir='ltr'>an.</span> <span class='ocrx_word' id='word_1_654' title='bbox 1460 2895 1529 2922; x_wconf 75' lang='lat'>1376,</span> <span class='ocrx_word' id='word_1_655' title='bbox 1546 2895 1609 2917; x_wconf 87' lang='lat' dir='ltr'>Julii</span> <span class='ocrx_word' id='word_1_656' title='bbox 1625 2896 1647 2923; x_wconf 77' lang='lat'>8,</span> <span class='ocrx_word' id='word_1_657' title='bbox 1665 2895 1820 2917; x_wconf 83' lang='lat' dir='ltr'>mandatum</span> <span class='ocrx_word' id='word_1_658' title='bbox 1831 2897 1918 2925; x_wconf 65' lang='lat' dir='ltr'>apost,</span> <span class='ocrx_word' id='word_1_659' title='bbox 1935 2894 2028 2918; x_wconf 80' lang='lat' dir='ltr'>effectu</span> <span class='ocrx_word' id='word_1_660' title='bbox 2041 2893 2134 2924; x_wconf 80' lang='lat' dir='ltr'>caruit,</span> <span class='ocrx_word' id='word_1_661' title='bbox 2150 2902 2210 2916; x_wconf 88' lang='lat' dir='ltr'>nam</span> <span class='ocrx_word' id='word_1_662' title='bbox 2226 2893 2275 2916; x_wconf 87' lang='lat' dir='ltr'>sub</span> 
     </span>
    </p>
   </div>
  </div>
 </body>
</html>
