2488 3386
474 343 517 374 92
1048 348 1366 371 CHARTULARHJM
1402 346 1590 369 eravizus.
1628 345 1758 367 PARlS.
2235 328 2334 366 [1362

562 426 695 459 Magistro
710 425 836 451 Gerardo
850 424 954 454 Wilde,
971 424 1117 450 Leodiens.
1134 424 1232 449 dioc...

562 475 696 508 Magistro
711 474 878 500 Hermanno
893 473 1011 502 Consul,
1026 473 1190 498 Caminens.
1204 472 1277 497 dioc.
1296 470 1340 506 [de
1355 478 1417 497 can.
1436 470 1502 497 eccl.
1520 469 1620 502 colleg.
1638 469 1664 494 S.
1682 468 1769 494 Marie
1783 467 1814 493 in
1831 466 1936 493 Stettin
1951 465 2043 499 ejusd.
2060 464 2155 500 dioc.].

562 524 694 557 Magistro
709 522 842 548 Cornelio
857 522 892 548 de
907 522 1054 555 Breydelo.
1072 521 1218 547 Leodiens.
1235 521 1333 546 dioc...

562 572 695 605 Magistro
710 571 836 597 Johanni
851 571 886 596 de
902 571 1023 599 Pavone‚
1040 570 1202 596 Coloniensi
1220 569 1265 603 [de
1279 577 1342 595 can.
1360 568 1406 594 SS.
1424 568 1521 601 Apost.
1539 565 1660 600 Colon.].

561 621 694 653 Magistro
710 620 835 646 Gerardo
850 619 885 645 de
901 619 1020 648 Marsen,
1037 618 1213 644 subdiacono
1228 617 1400 651 Trajectensi
1419 616 1464 651 [de
1479 624 1541 642 can.
1559 615 1626 642 cccl.
1645 615 1671 640 S.
1689 612 1834 648 Gervasii].

562 669 695 702 Magistro
710 668 836 694 Johanni
852 667 968 694 Waltcri
984 668 1019 693 de
1034 667 1175 696 Arnhem,
1191 667 1363 700 Trajectens.
1381 666 1479 691 dioc...

561 718 694 750 Magistro
709 717 828 750 Symoni
841 717 876 742 de
890 716 1015 744 Ketenis.
1033 716 1129 742 Sancti
1142 715 1254 741 Andree
1269 715 1351 748 dyoc.
1369 714 1399 740 in
1416 713 1511 740 Scoeia
1527 712 1571 748 [de
1587 720 1649 738 can.
1667 712 1734 738 eccl.
1752 709 1972 745 Dunkeldens.].

561 767 694 799 Magistro
709 766 832 792 Heni-ico
847 765 991 791 Nanexem
1005 765 1040 790 de
1055 764 1192 793 Embeke,
1209 764 1419 796 Magoutinens.
1437 763 1512 789 dioc.
1531 761 1575 796 [de
1590 769 1653 787 can.
1671 761 1701 786 B.
1719 760 1806 786 Marie
1816 760 1847 785 in
1862 759 1993 785 Errordia
2007 758 2098 792 ejusd.
2114 757 2213 793 dioc.].

560 815 694 848 Magistro
709 814 835 840 Johauui
849 814 885 840 de
900 813 1059 846 Maguncia,
1076 812 1239 838 Coloniensi
1254 811 1300 846 [de
1314 819 1377 838 cau.
1395 812 1462 837 eccl.
1480 811 1507 836 S.
1524 810 1610 836 Cassii
1625 810 1761 835 Bunnen.
1776 809 1806 843 (ι’.
1823 817 1846 834 e.
1864 807 1959 842 Bonn)
1974 807 2066 841 ejusd.
2083 806 2181 842 dioc.].

560 864 693 896 Magistro
708 863 833 889 Gerardo
848 863 935 888 Grote
947 862 983 887 de
996 860 1189 890 Davautria³¹,
1206 861 1378 893 Trajectens.
1393 859 1473 885 Dioc.
1492 858 1536 894 [de
1551 867 1614 885 can.
1632 858 1699 884 0001.
1718 858 1748 883 B.
1766 857 1852 883 Marie
1866 857 1994 891 Aquens.
2011 856 2159 883 Leodiens.
2175 854 2273 890 dioc.].

560 912 693 945 Magistro
707 911 883 937 Theodorico
897 911 933 936 de
948 910 1055 936 Hasselt
1067 910 1103 935 de
1117 909 1242 942 Campis.
1257 909 1427 942 Trajeetens.
1440 908 1513 934 dioc.
1533 907 1579 942 [de
1593 915 1656 933 can.
1674 906 1741 933 0001.
1758 904 1995 940 Monasteriens.].

560 961 693 994 Magistro
708 960 830 986 Henrico
845 960 880 985 de
894 959 989 992 Egher
1003 959 1038 984 de
1053 958 1160 987 Calcar.
1177 957 1340 983 Coloniens.
1356 957 1430 983 dioc.
1449 956 1494 990 [de
1509 964 1572 982 can.
1589 956 1657 982 eccl.
1674 955 1822 982 Werdens.
1837 954 1928 988 ejusd.
1945 953 2044 988 dioc.].

559 1009 692 1042 Magistro
705 1009 827 1034 Henrico
841 1008 918 1033 dicto
934 1008 1007 1040 Loye
1021 1007 1057 1033 de
1072 1006 1307 1035 Wouderichem.
1324 1006 1495 1039 Trajectens.
1513 1005 1611 1031 dioc...

559 1058 691 1090 Magistro
706 1057 832 1082 Johanni
847 1056 1043 1089 Wepserman.
1060 1055 1262 1088 Argentinens.
1279 1055 1377 1080 dioc...

558 1106 691 1139 Magistro
705 1106 826 1131 Hem-ico
841 1105 915 1138 Meys
930 1105 965 1130 de
981 1104 1071 1133 Goch,
1090 1104 1252 1130 Coloniens.
1270 1103 1343 1129 dioc.
1360 1103 1406 1137 [de
1421 1110 1484 1128 can.
1501 1102 1570 1129 eccl.
1588 1102 1614 1128 S.
1632 1098 1899 1135 victorisMagunt.
1916 1103 1997 1128 extra
2011 1100 2131 1136 muros].

557 1155 689 1187 Magistro
704 1154 850 1179 Conrardo
866 1153 988 1179 Hoklem
1003 1153 1038 1179 de
1053 1153 1144 1182 Goch,
1161 1152 1324 1178 Coloniens.
1341 1152 1414 1178 dioc.
1433 1150 1478 1186 [de
1493 1159 1555 1177 can.
1573 1151 1640 1177 eccl.
1660 1151 1686 1177 S.
1703 1151 1790 1177 Marie
1804 1151 1841 1176 ad
1856 1150 1970 1177 Gradus
1984 1149 2137 1185 Magunt.].

556 1203 690 1236 Magistro
705 1202 833 1228 Arnoldo
848 1202 983 1228 Beverem
998 1202 1033 1227 de
1048 1201 1184 1230 Embeke,
1202 1200 1417 1234 Maguntinens.
1434 1200 1509 1226 dioc.
1527 1199 1571 1235 [(10
1586 1207 1649 1226 can.
1667 1200 1735 1226 eccl.
1752 1198 1972 1235 Wormacens.].

557 1251 688 1283 Magistro
703 1251 808 1276 Jacobo
820 1250 856 1276 de
870 1250 968 1276 Calcar
981 1250 1017 1276 de
1032 1250 1123 1279 Goch,
1137 1250 1300 1275 Coloniens.
1318 1249 1392 1275 dioc.
1410 1248 1455 1284 [de
1469 1257 1533 1275 can.
1550 1249 1618 1275 eccl.
1636 1249 1662 1274 S.
1681 1249 1757 1275 Petri
1770 1248 1933 1282 Maguntin.
1950 1250 2030 1275 extra
2045 1246 2168 1282 muros].

555 1300 688 1332 Magistro
703 1299 832 1325 Arnoldo
846 1299 881 1325 de
896 1299 1089 1332 Aldendorpe,
1107 1298 1271 1324 Coloniens.
1289 1298 1363 1324 dioc.
1383 1297 1429 1333 [de
1445 1306 1508 1324 can.
1526 1298 1593 1324 eccl.
1612 1298 1640 1323 S.
1652 1297 1739 1324 Marie
1749 1297 1785 1323 ad
1801 1297 1915 1323 Gradus
1926 1296 2052 1332 Colon.].

554 1349 688 1381 Magistro
702 1348 814 1374 Nicolao
828 1348 954 1381 Quinsoc
968 1348 1004 1373 de
1019 1347 1183 1377 Gorichern,
1200 1348 1370 1380 Trajectens.
1384 1347 1466 1380 dyoc.
1485 1346 1530 1382 [de
1544 1355 1607 1373 cau.
1626 1346 1652 1372 S.
1671 1346 1798 1373 Severini
1813 1346 1938 1381 Colon.].

555 1397 688 1429 Magistro
703 1397 837 1422 Bertoldo
852 1397 887 1423 de
901 1397 1095 1425 Ruwenhove⁷
1112 1396 1282 1429 Trajectens.
1300 1396 1386 1426 dioc.‚
1403 1396 1543 1422 canonico
1558 1395 1736 1429 prebendato
1750 1395 1776 1421 S.
1795 1395 1947 1421 Salvatoris
1961 1395 2133 1429 Trajectens.

555 1446 688 1479 Magistro
703 1445 858 1471 Tilmanno
872 1445 907 1471 de
923 1445 1011 1478 Oyke.
1029 1445 1176 1471 Leodiens.
1194 1445 1292 1470 dioc...

554 1494 688 1527 Magistro
702 1494 819 1519 Ricoldo
835 1493 1015 1519 Smoncriem
1030 1494 1065 1519 de
1081 1494 1211 1522 Haerten,
1227 1494 1399 1526 Trajeelens.
1418 1493 1517 1519 dioc...

555 1543 689 1575 Magistro
703 1542 830 1568 Johauni
845 1542 880 1568 de
893 1542 1025 1575 Waspiic,
1043 1542 1134 1575 presb.
1153 1542 1299 1568 Lcodiens.
1318 1542 1416 1568 dioc...

555 1591 688 1624 Magistro
703 1591 829 1617 Johanni
844 1591 879 1617 (10
894 1591 1123 1624 Laydenhroich,
1141 1590 1287 1617 Leodiens.
1305 1591 1380 1616 dioc.
1402 1590 1447 1625 [(10
1463 1598 1527 1617 can.
1545 1590 1613 1617 cccl.
1630 1590 1659 1616 b.
1678 1590 1759 1616 Pauli
1772 1589 1943 1626 Leodiens.].

555 1640 688 1672 Magistro
704 1639 866 1665 Baldewino
880 1640 915 1666 (10
930 1640 951 1664 T
954 1640 999 1670 ila,
1016 1640 1036 1664 T
1039 1640 1187 1673 rajectens.
1204 1640 1302 1665 dioc...

556 1688 689 1721 Magistro
705 1688 861 1714 Giselbcrto
876 1688 1055 1714 Weucl1en³2
1069 1689 1105 1714 de
1120 1688 1330 1718 Ghornichem,
1347 1688 1521 1722 Trajectens.
1537 1688 1635 1714 dioc...

555 1737 688 1770 Magistro
703 1737 830 1762 Johanni
848 1737 941 1770 Proys.
958 1737 1128 1770 Trajectens.
1147 1737 1244 1763 dioc...

555 1785 688 1818 Magistro
700 1785 873 1811 Theoderico
887 1786 923 1811 de
938 1786 1063 1814 llcswiic,
1081 1786 1251 1818 Trajecteus.
1266 1786 1339 1812 dioc.
1357 1785 1401 1820 [de
1414 1794 1477 1812 can.
1495 1786 1563 1812 eccl.
1582 1785 1608 1812 S.
1625 1786 1700 1811 Petri
1715 1778 1908 1820 Trajectens.].

555 1834 689 1867 Magistro
703 1834 836 1859 Nicholao
852 1833 963 1859 Olsonis
979 1834 1071 1862 Fabri,
1088 1834 1258 1867 Trajectens.
1277 1834 1376 1863 dioc...
1809 1838 1811 1840 ’

555 1882 688 1914 Magistro
705 1883 787 1908 Petro
802 1882 928 1912 llollant,
944 1883 1115 1916 Trajectens.
1130 1883 1228 1908 dioc...

555 1931 689 1964 MagiStro
704 1931 849 1956 llermano
862 1931 1004 1960 Gobelini,
1019 1931 1112 1964 presb.
1129 1932 1300 1964 Traj0ctens.
1317 1931 1391 1957 dioc.

554 1979 688 2012 Magistro
703 1979 848 2005 tVillelmo
863 1979 940 2005 dieto
954 1980 1129 2013 Loderpaep‚
1144 1981 1316 2013 Trajectens.
1334 1981 1432 2006 dioc...

555 2028 689 2061 Magistro
703 2028 877 2054 Theoderico
891 2028 995 2054 Nicolai
1011 2029 1062 2054 filii
1078 2029 1185 2058 Nelleu,
1202 2029 1373 2062 Trajectens.
1390 2029 1463 2055 dioc.
1482 2028 1526 2064 [de
1541 2037 1604 2056 can.
1623 2029 1650 2056 S.
1666 2029 1809 2056 Johannis
1822 2027 2018 2064 Trajectens.].

556 2077 689 2109 Magistro
704 2077 851 2102 Florencio
864 2077 901 2103 de
915 2077 1061 2106 Alcmade,
1078 2077 1249 2110 Trajectens.
1267 2078 1342 2104 dioc.
2014 2076 2067 2112 [55]

558 2151 641 2183 Sine
662 2150 829 2183 lectione.
847 2171 890 2175 —
910 2151 997 2184 Fiat.
1021 2152 1059 2184 B.
1078 2172 1122 2176 —-
1142 2153 1219 2184 Dat.
1242 2152 1431 2185 Avenione
1452 2165 1473 2186 v
1494 2152 1564 2185 kal.
1588 2152 1801 2186 Decembris
1811 2153 1851 2194 θ’,
1874 2164 1968 2185 anno
1989 2152 2118 2197 primo.

561 2234 624 2264 Reg.
640 2234 696 2273 Vnt..
720 2235 808 2265 suppl.
830 2234 929 2257 Urbani
944 2235 972 2263 V,
990 2243 1031 2258 an.
1048 2235 1070 2263 1,
1086 2244 1113 2266 p.
1131 2236 1151 2264 1,
1170 2236 1215 2259 fol.
1232 2236 1285 2259 135.
1302 2249 1333 2253 —
1347 2236 1386 2259 Ad
1408 2236 1529 2267 singulos
1552 2237 1659 2260 additur
1674 2245 1680 2260 2
1702 2237 1769 2260 Fiat.
1784 2237 1814 2261 B.
1831 2250 1859 2254 —
1875 2237 1911 2260 De
1932 2236 2055 2268 pluribus
2071 2235 2125 2259 vid.
2142 2235 2282 2265 Chartul.,
2297 2232 2334 2264 11;

469 2278 643 2308 quorumdam
665 2278 734 2300 iufra
752 2278 830 2301 etiam
849 2279 949 2309 pluries
972 2279 1068 2302 mentio
1088 2280 1125 2302 fit.
1147 2280 1203 2302 Non
1218 2280 1295 2311 pauci
1313 2281 1375 2310 (vid.
1396 2280 1529 2310 Iudicem)
1549 2284 1611 2312 post
1631 2281 1762 2304 sexdecim
1777 2289 1860 2304 annos
1882 2281 1971 2309 etium,
1995 2280 2022 2303 in
2038 2280 2132 2304 Rutulo
2153 2288 2196 2304 an.
2219 2279 2288 2308 1379,
2306 2281 2337 2302 ut

470 2321 590 2352 magistri
604 2325 663 2344 actu
678 2325 795 2352 regentes
812 2322 837 2345 in
850 2326 899 2345 art.
914 2323 1068 2351 afferuntur,
1086 2323 1129 2354 qui
1146 2324 1302 2355 quandoque
1314 2326 1344 2347 30
1359 2324 1434 2348 annis
1447 2328 1509 2356 post
1524 2325 1584 2348 1362
1597 2325 1630 2348 ud
1646 2333 1715 2356 mag.
1733 2325 1759 2348 in
1774 2325 1854 2348 theol.
1870 2327 2056 2356 pervenerunt.

564 2396 586 2419 1.
599 2397 630 2419 Et
641 2396 745 2427 quidem
761 2405 802 2420 an.
817 2397 884 2425 1358,
896 2398 956 2420 Jun.
971 2399 1008 2425 23,
1025 2398 1115 2421 electo.
1129 2398 1187 2422 Vid.
1201 2399 1258 2422 Lib.
1272 2406 1389 2429 procur.
1402 2404 1464 2424 nat.
1481 2400 1567 2430 Anql.
1581 2400 1607 2423 in
1619 2401 1702 2424 Auca.
1717 2400 1847 2424 Chartul.
1867 2400 1991 2424 Univers.
2004 2398 2110 2432 Paris„
2123 2398 2144 2422 1.
2155 2397 2254 2421 Eodem
2268 2400 2336 2421 tem-

470 2448 533 2471 pore
553 2440 710 2463 universitas
730 2441 917 2472 magistrorum
940 2450 988 2472 pro
1011 2442 1057 2464 illo
1076 2443 1236 2473 supplicavit
1258 2447 1287 2466 ut
1306 2443 1435 2475 reciperet
1450 2452 1506 2467 ean.
1523 2444 1586 2467 eccl.
1603 2445 1720 2468 Tullens.
1738 2444 1842 2475 (Suppl.
1858 2444 1990 2467 Innocent.
2007 2444 2049 2471 VI,
2070 2450 2112 2466 an.
2128 2443 2153 2472 6,
2169 2442 2213 2466 fol.
2231 2442 2285 2471 252,
2301 2441 2336 2465 ad

471 2492 512 2507 an.
530 2485 598 2512 1358,
618 2485 750 2515 Septemb.
766 2487 798 2514 5).
811 2485 850 2508 Cf.
866 2485 943 2508 etiarn
960 2486 1027 2514 BuL,
1045 2486 1084 2514 IV,
1102 2488 1156 2515 959,
1176 2488 1229 2510 964.
1246 2501 1276 2504 —-
1291 2488 1313 2511 2.
1331 2488 1462 2511 Ser-ibitur
1477 2488 1504 2510 in
1518 2496 1569 2512 ms.
1582 2497 1593 2511 «
1609 2488 1730 2511 Flaconis
1742 2497 1763 2517 1),
1776 2488 1946 2520 ejusdemque
1960 2487 1986 2511 in
2000 2488 2105 2516 Chart„
2124 2487 2156 2515 H,
2172 2486 2227 2515 632,
2237 2485 2336 2510 mentio

471 2528 509 2551 fit.
525 2528 584 2551 Fuit
603 2531 687 2551 rector
708 2529 804 2552 electus
826 2530 893 2559 1361,
914 2530 1001 2552 Martii
1022 2531 1059 2553 19.
1074 2543 1105 2548 —
1124 2532 1146 2553 3.
1163 2531 1238 2554 Illius
1256 2540 1334 2562 saepe
1355 2532 1452 2555 mentio
1473 2532 1502 2555 fit
1517 2532 1544 2555 in
1559 2532 1618 2556 Lib.
1632 2536 1782 2563 procurat.
1797 2536 1858 2557 ‘nat-
1875 2532 1961 2563 Anyl.
1979 2532 2019 2555 Cf.
2035 2534 2061 2555 et
2079 2531 2149 2560 Bul„
2170 2531 2212 2559 lv,
2229 2531 2285 2554 ⁹95.
2303 2543 2337 2548 —

470 2573 494 2595 4.
511 2572 600 2595 Deleta
613 2576 653 2595 est
672 2573 839 2603 supplicatim
854 2587 881 2591 -—
897 2576 918 2596 5.
935 2574 1028 2596 Postea
1043 2574 1068 2597 in
1089 2575 1211 2598 facultate
1231 2576 1297 2598 med.
1320 2576 1435 2599 studenti
1459 2579 1484 2599 et
1506 2580 1625 2599 uxorato.
1641 2577 1699 2599 Vid.
1725 2577 1758 2600 ad
1779 2585 1822 2600 an.
1838 2577 1908 2605 1375,
1924 2576 1986 2599 Maii
2001 2576 2039 2599 24.
2056 2589 2084 2594 -
2099 2577 2122 2599 6.
2138 2575 2175 2598 Ne
2189 2573 2335 2598 confundas

471 2624 530 2640 eum
546 2624 605 2638 cum
615 2616 711 2639 celebri
721 2617 838 2639 Johanne
852 2617 1001 2647 Blanchart,
1013 2618 1079 2641 dioc.
1092 2619 1212 2648 Tornac.‚
1226 2623 1317 2650 postea
1330 2620 1487 2643 cancellario
1500 2621 1651 2651 (Chartul.,
1664 2621 1695 2649 n,
1708 2629 1735 2652 p.
1746 2622 1801 2650 646,
1812 2624 1865 2644 not.
1877 2621 1925 2652 23),
1938 2628 1984 2644 nec
1994 2628 2054 2643 cum
2064 2619 2146 2643 altero
2156 2619 2226 2642 infra
2235 2621 2335 2642 notato.

471 2674 502 2678 —
515 2661 536 2683 7.
553 2661 598 2685 An.
615 2660 675 2684 1364
691 2669 762 2691 proc.
779 2664 842 2689 nat„
858 2669 899 2684 an.
917 2662 984 2689 1368,
1002 2662 1031 2684 24
1045 2662 1127 2691 Junii,
1141 2666 1225 2686 rector
1242 2664 1363 2687 Univers.
1381 2665 1448 2693 (Bul.
1467 2665 1509 2694 lv,
1524 2665 1590 2694 901).
1605 2678 1637 2682 —-—
1651 2666 1673 2688 8.
1694 2664 1806 2688 Omnino
1821 2665 1922 2693 eodem,
1938 2664 1983 2696 qui
2004 2672 2046 2687 an.
2064 2664 2123 2687 1381
2144 2663 2233 2686 licent.
2247 2665 2289 2686 est
2307 2661 2335 2685 in

472 2704 552 2727 theol.
567 2712 580 2727 0
597 2704 686 2728 Catal.
701 2705 790 2729 licent.
806 2706 852 2728 An.
870 2706 938 2731 1359.
956 2706 985 2728 26
1000 2706 1075 2736 Aug.‚
1088 2707 1184 2729 electus
1197 2715 1302 2738 procur.
1314 2711 1367 2731 nat.
1380 2708 1472 2733 Gallie.
1485 2709 1540 2740 Ipsi
1553 2711 1574 2738 («
1586 2709 1701 2732 Johunni
1712 2709 1819 2732 Culardi
1831 2711 1853 2738 n)
1864 2712 1889 2732 et
1899 2708 2016 2732 Mursilio
2030 2708 2061 2731 de
2072 2707 2171 2739 Inghen
2182 2706 2304 2730 Urbanus
2314 2705 2336 2730 V

473 2756 515 2771 an.
531 2749 599 2776 1369,
616 2748 678 2771 Julii
695 2749 731 2776 13,
749 2749 856 2780 scripsit
871 2753 899 2772 ut
917 2758 960 2772 eos
981 2749 1116 2773 induceret
1128 2750 1154 2773 in
1165 2751 1393 2782 Montepessulano
1409 2756 1479 2775 artes
1495 2753 1588 2776 docere
1604 2753 1666 2782 (vid.
1683 2753 1810 2781 Guiraud,
1829 2753 1934 2783 Colle'ye
1948 2753 1981 2777 de
1997 2752 2025 2776 S.
2046 2752 2146 2776 Benoit
2163 2752 2181 2775 ὰ
2195 2749 2335 2781 Mompel-

472 2792 533 2820 lier,
545 2801 571 2823 p.
590 2792 634 2814 216
652 2794 728 2823 sqq.).
744 2793 876 2816 Johannes
892 2793 999 2816 Culardi
1017 2795 1088 2817 solus
1109 2794 1158 2817 iter
1177 2795 1297 2826 arripuit,
1314 2799 1342 2818 ut
1359 2796 1501 2820 ediscimus
1517 2805 1547 2820 ex
1564 2796 1677 2821 Introit.
1691 2801 1716 2821 et
1729 2797 1794 2821 exit.
1810 2797 1888 2820 Arch.
1903 2797 1972 2826 vat„
1988 2801 2017 2820 11⁰
2031 2797 2087 2825 327,
2102 2795 2136 2819 ed
2150 2796 2215 2826 Aug.
2229 2795 2244 2818 3
2256 2796 2283 2818 et
2295 2794 2335 2823 17,

473 2836 517 2859 fol.
535 2835 608 2864 100¹³;
630 2837 672 2859 101
680 2836 700 2859 b.
717 2837 848 2859 Mai-silius
864 2837 972 2860 Parisiis
988 2838 1077 2861 eodem
1099 2841 1215 2869 tempore
1231 2840 1350 2872 docebat,
1364 2843 1392 2863 ut
1408 2844 1520 2872 apparet
1540 2849 1553 2864 0
1575 2841 1658 2865 Libro
1676 2847 1754 2871 proc.
1770 2845 1831 2865 nat.
1853 2841 1938 2871 Anql.
1954 2841 1987 2864 ad
2007 2849 2049 2864 an.
2066 2841 2135 2869 1370,
2152 2838 2240 2863 Martii
2254 2838 2293 2867 20,
2307 2837 2335 2861 in

473 2881 592 2905 Λυσίαν.
605 2881 732 2905 Chartul.
748 2881 836 2910 Univ.‚
849 2882 867 2904 1.
879 2895 910 2899 —
919 2883 942 2905 9.
954 2882 1000 2905 An.
1013 2882 1082 2911 1360,
1095 2884 1159 2914 Aug.
1171 2884 1208 2911 25,
1220 2891 1293 2914 proc.
1308 2887 1359 2907 nat.
1374 2884 1442 2908 Gall.
1455 2885 1493 2908 Cf.
1506 2885 1642 2913 Buleeum,
1654 2885 1695 2913 lv,
1707 2886 1762 2908 993.
1771 2898 1802 2902 —
1811 2885 1848 2908 10.
1861 2886 1908 2908 An.
1921 2885 1991 2915 1374,
2001 2882 2062 2916 post
2072 2883 2182 2913 Pascha,
2195 2882 2245 2906 fuit
2257 2882 2336 2906 licen-

2480 2231 2488 2243 4
2480 2198 2483 2205 -
2466 1555 2488 2170 ⁷20⁴:fflmlssussnsssstQ-iffl..a*iffi-<mr÷.:.ss.·..³,a».·÷..‡*.z„..
2484 1539 2488 1549 ..
