2488 3386
426 335 490 367 448
998 337 1315 362 CHARTULARIUM
1351 336 1541 358 UNJVERS.
1579 335 1707 357 PARIS.
2192 321 2291 358 [1387

514 419 586 443 Item
602 416 682 442 fratri
696 416 812 442 Galtero
827 415 944 445 Crassi-3,
962 414 1094 448 religioso
1109 413 1234 447 professo
1250 411 1402 445 Hospitalis
1423 411 1449 436 S.
1471 410 1612 436 Johannis
1634 409 1797 438 Jhierosol.,
1814 408 1925 434 doctori
1947 409 2014 434 actu
2035 408 2148 442 regenti
2171 408 2293 434 Parisius

426 467 456 492 in
472 467 524 492 fac.
539 467 614 492 decr.

513 516 586 541 Item
602 522 678 547 mag.
696 514 838 540 Richardo
852 513 888 539 de
903 513 1002 542 Fonte,
1020 511 1124 546 presb,
1141 511 1246 537 decret.
1263 508 1384 537 doctori,
1402 509 1468 534 actu
1490 507 1612 540 regenti,
1630 507 1682 540 qui
1706 507 1775 532 alias
1799 506 1853 532 sub
1877 506 1944 532 data
1963 506 2050 539 primi
2072 506 2154 532 rotuli
2169 506 2291 532 baeatla-

427 564 530 590 riorum
545 563 688 589 facultatis
702 561 901 588 decretorum*⁴
919 561 1050 590 Parisius,
1071 559 1202 585 videlicet
1223 566 1258 584 xv
1279 558 1336 583 kal.
1360 557 1427 582 Dee.
1451 556 1536 582 vestri
1560 555 1748 589 pontificatus
1768 563 1846 581 anno
1868 555 1975 588 primo,
1998 562 2014 580 a
2029 556 2120 580 vestra
2142 554 2294 581 sanctitate

428 611 556 639 obtinuit
570 611 694 644 gratiam
709 610 860 644 specialem
875 610 911 636 de
925 618 988 636 can.
1005 609 1072 635 eccl.
1087 609 1246 634 Cenoman.

514 661 588 687 Item
603 660 684 685 fratri
699 659 827 685 Johanni
842 658 964 687 Bouleti‚
979 666 1041 684 can.
1059 656 1184 690 regulari
1201 655 1326 681 monast.
1345 654 1370 680 S.
1388 653 1529 679 Iohannis
1543 653 1579 679 de
1600 653 1716 682 Falesia,
1734 653 1942 679 Premonstrat.
1960 651 2041 681 Ord.,
2060 651 2187 685 Sagiens.
2204 651 2292 682 dioc.,

426 709 537 735 doctori
551 709 582 734 in
597 708 673 734 decr.

515 759 588 783 Item
604 756 724 783 Fulconi
739 756 774 782 de
786 756 957 789 Blandeyo⁵.
970 755 1060 781 nobili
1075 761 1188 788 genere,
1201 753 1306 786 presb„
1319 752 1465 778 monacho
1475 758 1604 785 expresse
1617 751 1742 784 professo
1756 750 1924 776 monasterii
1938 750 1968 775 B.
1984 749 2105 775 Dionisii
2120 750 2150 775 in
2164 749 2293 779 Francia,

428 807 497 833 Ord.
513 807 538 832 S.
556 807 625 832 Ben.
643 805 728 832 Paris.
743 805 829 834 dioc.,
844 805 919 831 decr.
934 803 1044 830 doctori
1060 804 1087 829 ct
1102 803 1147 828 lic.
1165 802 1195 827 in
1211 802 1278 834 leg.,
1293 802 1369 830 actu,
1386 802 1415 826 ct
1429 800 1571 827 continuo
1586 800 1698 834 regenti
1713 800 1744 825 in
1759 799 1887 833 predicta
1902 799 2048 828 facultate,
2067 799 2139 824 olim
2155 798 2295 831 magistro

428 863 476 882 seu
493 855 596 883 rectori
611 855 722 887 collegii
742 853 896 880 scolarium
918 853 986 878 dicti
1008 851 1175 878 monasterii
1200 850 1321 876 Parisius
1343 849 1538 879 studentium,
1553 849 1643 883 priori
1659 849 1805 882 prioratus
1824 848 1859 874 de
1880 848 1973 874 Strata
1989 847 2064 874 beati
2080 847 2210 881 Dyonisii
2225 855 2294 881 pre-

428 904 498 930 dicti
511 903 687 930 monasterii.

516 954 590 978 Item
605 952 696 978 Yvoni
711 952 866 984 Kerengar,
882 950 1009 976 subdiac.
1025 950 1162 975 Leonens.
1178 948 1264 978 dioc.,
1278 948 1354 974 decr.
1371 947 1482 973 doctori
1497 948 1563 973 actu
1579 947 1701 980 regenti.

516 1002 589 1027 Item
604 1000 685 1026 fratri
701 999 827 1026 Johanni
840 998 1033 1027 Baudouardi.
1050 998 1156 1032 presb„
1173 997 1319 1023 monacho
1333 1004 1365 1022 ac
1380 1003 1509 1030 expresse
1524 996 1651 1029 professo
1664 995 1833 1021 monasterii
1847 995 1952 1021 Montis
1968 994 1994 1021 S.
2009 994 2153 1020 Michaelis
2168 994 2198 1019 in
2215 994 2295 1020 Peri-

429 1051 494 1077 culo
510 1050 606 1079 maris,
623 1050 691 1075 Ord.
709 1049 735 1075 S.
753 1049 833 1078 Ben.,
850 1048 940 1082 priori
955 1047 1100 1081 prioratus
1111 1046 1146 1073 de
1160 1046 1293 1076 Genccio,
1310 1045 1436 1072 membri
1450 1044 1519 1071 dicti
1532 1044 1711 1074 monasterii,
1726 1044 1894 1070 Abrincens.
1910 1044 1997 1073 dioc.,
2013 1043 2090 1070 decr.
2104 1042 2216 1069 doctori
2228 1043 2294 1069 actu

429 1099 540 1132 regenti
555 1098 677 1124 Parisius
691 1097 722 1123 in
735 1097 835 1123 eadem
850 1097 902 1123 sac.

517 1148 590 1173 ltem
606 1146 687 1172 fratri
702 1146 829 1172 Johanni
845 1145 985 1174 Pinchon‚
1002 1145 1094 1178 presb.
1112 1152 1144 1170 ac
1159 1144 1304 1170 monacho
1318 1150 1448 1177 expresse
1463 1143 1590 1176 professo
1604 1144 1632 1169 et
1647 1142 1833 1169 decretorum
1849 1141 1971 1171 doctori,
1988 1141 2134 1175 preposito
2149 1140 2185 1167 de
2204 1141 2297 1166 Busco

430 1196 596 1222 monasterii
611 1196 646 1221 de
661 1195 788 1228 Corbeya
802 1194 833 1220 in
848 1194 921 1220 dioc.
938 1194 1138 1223 Ambianens.,
1153 1193 1222 1219 Ord.
1239 1193 1265 1219 S.
1282 1193 1352 1218 Ben.

517 1245 589 1270 Item
605 1252 673 1270 cum
692 1243 903 1269 monasterium
920 1243 950 1268 B.
968 1243 1055 1268 Marie
1075 1242 1110 1268 de
1132 1242 1270 1275 Lonlayo,
1287 1241 1356 1267 Ord.
1381 1240 1407 1267 S.
1429 1241 1498 1266 Ben.
1516 1240 1727 1266 Cenomanens.
1752 1239 1838 1269 dioc.,
1859 1239 1947 1265 fucrit
1969 1240 1996 1265 et
2016 1239 2112 1264 adhuc
2127 1238 2162 1264 sit
2177 1239 2297 1272 propter

428 1301 544 1327 guerras
560 1294 588 1319 et
603 1292 802 1319 mortalitates,
819 1300 876 1325 que
891 1292 1000 1318 ibidem
1015 1291 1066 1317 diu
1081 1291 1249 1323 viguerunt,
1266 1290 1448 1316 destructum
1468 1291 1496 1316 et
1517 1289 1548 1315 in
1563 1289 1726 1315 redditibus
1743 1290 1771 1315 et
1786 1288 1976 1322 proventibus
1991 1288 2225 1321 depauperatum
2241 1307 2295 1316 .....

430 1342 555 1368 Johanni
570 1341 688 1375 predicti
705 1341 872 1367 monasterii
887 1340 994 1370 abbati,
1010 1340 1087 1366 decr.
1103 1339 1242 1369 doctori⁶,
1259 1339 1411 1373 specialem
1425 1338 1550 1372 gratiam
1565 1338 1701 1364 facientes
1717 1337 1762 1373 [de
1777 1337 2012 1371 incorporatione
2024 1327 2232 1371 ecciesiarum].

518 1391 591 1417 Item
606 1390 745 1423 magistro
761 1390 844 1416 Petro
859 1389 1002 1419 Mosnerii,
1020 1389 1213 1415 Lemovicens.
1228 1388 1514 1418 dioc.,-decretorum
1530 1387 1651 1413 doctori.
2073 1385 2128 1420 [16]

524 1478 545 1501 1.
561 1478 622 1501 Scit.
641 1486 673 1501 xv
688 1478 740 1500 kal.
758 1477 878 1500 Decemb.
895 1485 936 1500 an.
952 1477 1047 1508 primo.
1063 1477 1122 1500 Vid.
1138 1485 1219 1508 supra
1234 1480 1263 1499 110
1280 1476 1341 1499 1435
1357 1479 1382 1499 et
1400 1484 1426 1507 p.
1443 1476 1497 1499 275.
1515 1489 1542 1493 —
1558 1476 1581 1499 2.
1600 1475 1620 1498 1.
1636 1483 1668 1503 e.,
1684 1474 1705 1498 si
1724 1483 1775 1497 non
1789 1474 1883 1505 recipit
1902 1482 1913 1497 ((
1929 1474 2018 1497 datam
2038 1481 2049 1496 n
2069 1481 2221 1497 concessam
2236 1473 2298 1496 bac-

432 1522 542 1546 calareis
558 1522 584 1545 in
598 1522 682 1545 rotulo
695 1521 720 1545 ῐιί
732 1522 801 1552 1435,
813 1521 846 1544 ad
859 1521 945 1544 minus
959 1521 1091 1544 desiderat
1103 1521 1192 1544 datam
1207 1529 1359 1544 concessam
1374 1520 1521 1552 magistris,
1533 1523 1581 1543 etc.
1591 1519 1650 1543 Vid.
1660 1527 1743 1551 supra
1753 1522 1811 1542 not.
1823 1519 1855 1542 ad
1871 1522 1921 1542 n¹¹²¹²
1935 1519 2071 1542 1474.—3.
2087 1518 2136 1541 Seu
2149 1526 2161 1541 «
2171 1518 2263 1542 Grassi
2275 1526 2297 1546 »,

435 1576 446 1590 t<
460 1568 483 1590 le
498 1567 564 1591 Gras
580 1575 602 1590 ».
614 1567 744 1591 —4.vid.
761 1574 842 1597 supra
858 1570 887 1589 n⁰
902 1566 971 1590 1435.
984 1580 1015 1583 —
1027 1568 1050 1589 5.
1067 1567 1118 1589 Seu
1137 1574 1148 1589 «
1162 1566 1193 1589 de
1206 1566 1319 1589 Blandes
1334 1574 1355 1593 »,
1372 1565 1416 1596 qui
1432 1573 1474 1588 an.
1491 1565 1550 1588 1391
1567 1566 1651 1588 sactus
1667 1567 1707 1587 cst
1721 1564 1795 1595 prior
1811 1564 1836 1588 S.
1851 1563 1956 1587 Martini
1972 1563 2003 1586 de
2019 1563 2135 1594 Campis.
2146 1563 2205 1586 Vid.
2223 1562 2298 1587 Gall.

434 1611 538 1641 christ„
555 1612 609 1640 Vll,
629 1612 682 1634 534.
701 1624 730 1628 —
744 1612 768 1634 6.
779 1610 921 1640 Johannes,
938 1619 980 1633 an.
995 1611 1063 1640 1380,
1081 1610 1214 1642 Septemb.
1231 1611 1269 1637 24,
1286 1618 1345 1632 cum
1365 1613 1435 1633 esset
1453 1609 1528 1640 prior
1542 1609 1677 1640 prioratus
1696 1609 1722 1632 S.
1738 1608 1838 1632 Nicolai
1854 1608 1886 1631 de
1900 1607 2041 1636 Plormeto,
2057 1607 2087 1631 O.
2103 1608 2128 1630 S.
2143 1607 2183 1637 B.,
2199 1607 2298 1630 Maelo-

434 1655 517 1679 viens.
532 1655 614 1679 dioec.
633 1658 658 1678 et
676 1655 731 1686 jam
746 1655 842 1678 decret.
865 1655 964 1682 doctor,
985 1656 1068 1678 sactus
1085 1658 1124 1678 est
1139 1654 1222 1677 abbas
1245 1654 1276 1677 de
1297 1654 1413 1685 Lonlayo
1429 1655 1502 1685 (Reg.
1519 1654 1599 1677 Aven.
1621 1653 1702 1676 Clem.
1723 1653 1777 1682 Vll,
1799 1652 1853 1676 vol.
1870 1653 1947 1680 XVII,
1965 1653 1982 1675 f.
2001 1652 2049 1682 77),
2066 1655 2092 1675 et
2113 1651 2219 1683 quidem
2239 1654 2302 1683 post

434 1700 534 1723 obitum
547 1699 638 1723 Jacobi
654 1699 767 1728 abbatis,
784 1699 828 1730 qui
845 1699 894 1722 suit
908 1708 950 1722 an.
969 1700 1038 1729 1377,
1057 1699 1141 1730 April.
1157 1700 1195 1728 23,
1212 1707 1349 1722 successor
1364 1698 1507 1722 Almnurici
1530 1699 1602 1730 (Reg.
1624 1699 1671 1721 ΑΥ.
1687 1697 1807 1729 Gregorii
1824 1698 1867 1726 XI,
1887 1697 1940 1721 vol.
1956 1697 2030 1726 XXX,
2047 1697 2064 1720 f.
2079 1697 2127 1727 35),
2146 1696 2251 1720 abbatis
2267 1696 2300 1719 ab

435 1752 477 1767 an.
492 1744 561 1773 1376,
577 1744 661 1775 April.
677 1745 691 1767 4
708 1745 779 1775 (Reg.
793 1745 851 1767 Vat.
869 1744 947 1775 Greg.
964 1744 1004 1772 XI,
1023 1748 1051 1766 n⁰
1069 1745 1122 1773 289,
1138 1744 1181 1767 sol.
1198 1743 1262 1773 75¹³).
1279 1743 1391 1767 Omnino
1407 1751 1529 1766 maneum
1547 1743 1574 1766 iu
1592 1742 1661 1767 Gall.
1678 1742 1781 1770 christ..
1800 1742 1864 1770 xw,
1879 1742 1934 1765 495.
2283 1742 2286 1743 ⁷

442 1897 581 1934 1540.
606 1916 620 1932 α
638 1906 757 1932 Botulus
772 1906 925 1940 facultatis
942 1906 1089 1933 medicine.
1109 1916 1123 1931 »

526 2000 736 2046 Supplicant
755 2001 934 2034 sanctitati
952 2007 1072 2034 vestre
1094 2001 1215 2034 devoti
1242 2000 1306 2033 filii
1332 2001 1444 2034 vestri
1472 2000 1635 2034 universi
1656 2007 1692 2033 et
1719 1999 1856 2045 singuli
1884 1999 2049 2045 magistri
2074 2004 2303 2045 regentes·et
2347 1984 2350 1987 .

438 2080 510 2101 non
531 2074 702 2113 regentes
722 2068 883 2101 Parisius
904 2068 941 2100 in
961 2067 1127 2100 facultate
1149 2068 1386 2100 medicine...

526 2167 561 2192 Et
576 2166 671 2200 primo
684 2167 823 2199 magistro
838 2166 966 2192 Johanni
980 2166 1118 2195 Chorion,
1134 2174 1212 2200 mag.
1229 2166 1260 2192 in
1275 2167 1352 2193 med.
1369 2168 1397 2193 ct
1410 2166 1442 2192 in
1457 2168 1524 2197 art.,
1537 2166 1701 2193 Lexoviens.
1719 2166 1805 2195 dioc..
1822 2166 1972 2200 capellano
1987 2165 2095 2199 capelle
2110 2164 2136 2191 S.
2151 2162 2303 2190 Laureneii

438 2215 473 2241 dc
486 2216 572 2241 Bosco
586 2216 747 2248 Regnondi.
787 2226 789 2228 ·

526 2265 599 2290 Item
615 2264 770 2297 Radulpho
782 2264 818 2290 de
832 2264 943 2293 Harhis.
960 2264 1095 2298 subdyac.
1111 2265 1296 2291 Laudunens.
1311 2264 1397 2294 dioc.,
1414 2272 1491 2298 mag.
1507 2264 1538 2290 in
1553 2266 1606 2290 art.
1624 2266 1652 2290 ct
1667 2264 1744 2290 med.
1761 2265 1827 2290 actu
1841 2263 1963 2297 regenti.

527 2314 600 2338 Item
615 2313 738 2339 Mal-tino
751 2313 844 2343 Gazet,
858 2313 951 2346 presb.
968 2313 1112 2339 Baiocens.
1129 2313 1215 2343 dioc.,
1227 2315 1328 2339 curato
1342 2314 1475 2347 parroch.
1488 2314 1555 2340 eccl.
1573 2313 1600 2339 S.
1618 2312 1770 2339 Salvatoris
1784 2313 1820 2339 de
1835 2312 1964 2338 Cadomo
1977 2311 2107 2345 ejusdem
2122 2310 2208 2341 dioc.,
2223 2318 2301 2344 mag.

440 2361 471 2386 in
486 2362 539 2386 art.
554 2363 582 2387 et
596 2361 673 2387 med.
690 2369 722 2387 ac
736 2362 846 2395 regenti
861 2362 892 2387 in
907 2362 1018 2392 eadem,
1034 2364 1179 2396 quatenus
1192 2362 1283 2388 valeat
1302 2363 1396 2395 legere
1415 2362 1548 2392 Parisius,
1572 2369 1669 2395 regere
1684 2363 1712 2388 et
1726 2363 1834 2388 ceteros
1848 2362 1929 2387 actus
1943 2368 2074 2387 exercere
2094 2359 2126 2385 in
2150 2360 2203 2386 fac.
2224 2358 2303 2385 med.

441 2410 587 2442 perpetuis
601 2410 781 2443 temporibus
793 2410 849 2436 vite
864 2418 923 2439 sue,
940 2411 1100 2437 sacerdocio
1114 2419 1175 2437 non
1190 2410 1349 2437 obstante‘.

530 2458 603 2483 Item
618 2458 700 2483 Petro
713 2458 843 2488 Verelli2'‚
859 2459 952 2492 presb.
970 2459 1114 2485 Baiocens.
1137 2460 1223 2489 dioc.,
1245 2467 1323 2493 mag.
1347 2460 1378 2485 in
1400 2461 1454 2486 art.
1476 2461 1504 2486 et
1527 2459 1605 2486 med.
1629 2466 1661 2485 ac
1685 2459 1789 2485 rectori
1813 2458 1880 2485 cccl.
1905 2458 2038 2492 parroch.
2060 2457 2087 2483 S.
2109 2456 2248 2483 Germani
2269 2456 2305 2482 de

443 2506 556 2539 Moyon,
571 2506 720 2532 Constant.
736 2506 822 2536 dioc.,
838 2507 948 2539 regenti
963 2508 994 2533 in
1009 2508 1144 2534 facultate
1157 2509 1235 2534 med.

531 2555 604 2580 Item
619 2555 772 2588 Radulpho
786 2555 960 2586 Tabernarii,
984 2556 1110 2583 subdiac.
1133 2557 1382 2591 Rothomagensi.‚
1406 2565 1484 2591 mag.
1507 2557 1539 2583 in
1560 2559 1614 2583 art.
1631 2559 1660 2584 et
1678 2558 1746 2583 actu
1765 2556 1878 2590 regenti
1893 2555 2016 2582 Parisius
2030 2555 2061 2581 in
2083 2555 2136 2581 fac.
2159 2553 2238 2581 med.
2259 2554 2305 2587 [de

444 2603 574 2637 quodam
589 2603 728 2629 beneficio
742 2611 801 2629 non
816 2604 948 2630 obstante
960 2605 1050 2638 gratia
1064 2613 1151 2638 nuper
1162 2614 1213 2639 per
1227 2608 1316 2632 sanct.
1332 2608 1400 2632 vest.
1417 2607 1448 2632 in
1464 2606 1556 2632 ultimo
1572 2606 1717 2632 Universit.
1734 2606 1822 2632 rotulo
1837 2604 1987 2640 concessa].
2038 2595 2042 2598 Δ

531 2652 603 2677 Item
620 2651 765 2684 Stephano
780 2652 924 2682 Richardi‚
941 2653 1007 2679 cler.
1023 2654 1161 2683 Tullcns.‚
1178 2662 1255 2687 mag.
1271 2655 1303 2680 in
1318 2656 1372 2681 art.
1389 2657 1417 2681 et
1432 2655 1509 2681 med.
1526 2657 1654 2689 actuque
1668 2654 1781 2688 regenti
1794 2654 1826 2680 in
1839 2654 1891 2680 fac.
1909 2653 1987 2680 med.

531 2700 604 2726 Item
619 2701 730 2726 Thome
744 2701 969 2734 Blanchechape,
986 2702 1065 2732 cler.,
1081 2711 1158 2736 mag.
1174 2703 1205 2728 in
1220 2704 1273 2729 art.
1290 2705 1319 2730 et
1333 2704 1411 2730 med.

1008 2774 1176 2806 supplicatio
1191 2774 1286 2800 decani
1294 2775 1439 2808 facultatis
1454 2775 1584 2801 medicine
1598 2775 1734 2802 Parisius.

530 2833 603 2859 Item
618 2833 745 2859 Johanni
760 2833 911 2867 Voygnon,
927 2834 994 2860 cler.
1011 2835 1046 2861 de
1061 2835 1233 2868 Polignyaco
1250 2836 1394 2862 Bisuntin.
1409 2837 1496 2867 dioc.,
1510 2838 1541 2863 in
1556 2839 1611 2863 art.
1626 2839 1654 2864 et
1670 2837 1748 2864 med.
1763 2844 1853 2870 mag.,
1870 2836 2024 2870 quondam
2039 2835 2143 2862 rectori
2156 2834 2304 2862 Universi-

445 2882 510 2907 tatis
524 2882 684 2907 Parisiensis
699 2882 756 2908 filie
769 2883 867 2911 vestre,
883 2890 963 2908 nunc
977 2891 1042 2909 vcro
1057 2883 1165 2910 decano
1180 2885 1323 2911 facultatis
1345 2886 1422 2911 med.
1444 2887 1472 2911 et
1494 2887 1561 2912 actu
1582 2886 1694 2920 regenti
1716 2886 1747 2912 in
1765 2886 1870 2912 'eadem
1892 2885 2074 2912 facultate...
2096 2884 2158 2910 Non
2172 2884 2306 2910 obstante
