2488 3386
440 349 502 382 532
1008 352 1326 375 CHARTULARIUM
1361 351 1551 373 univi-:Rs
1589 351 1718 372 imnis.
2198 336 2295 372 [1387

439 432 615 471 mittendi,
640 430 830 462 mandandi
853 438 884 462 et
907 429 973 461 alia
994 427 1147 460 faciendi
1170 426 1370 459 secundum
1393 432 1553 458 tenorem
1576 425 1849 458 contentorum⁶
1872 424 1908 456 in
1930 423 2067 456 eisdem
2091 429 2241 456 tractatu
2262 430 2297 456 et

438 498 611 537 articulis,
639 509 708 541 que
735 508 798 541 pro
825 496 918 528 dicte
945 493 1189 527 dissensionis
1211 492 1399 525 sedatione
1421 498 1453 524 et
1482 492 1579 537 pacis
1605 491 1861 524 reformatione
1886 490 2022 523 fuerint
2045 496 2236 535 oportuna,
2262 496 2297 523 et

439 577 508 609 que
533 564 569 596 in
594 563 658 596 hac
680 570 778 608 parte
799 561 981 607 generalis
1009 560 1170 605 ejusdem
1193 558 1342 592 Ordinis
1363 559 1480 591 facere
1501 564 1639 603 posset,
1662 558 1803 603 plenam
1830 564 1864 590 et
1887 557 2037 589 liberam
2061 556 2296 589 concedimus

439 630 659 676 presentium
683 636 808 662 tenore
837 635 1062 673 potestatem.
1089 628 1167 658 Non
1189 624 1433 665 obstantibus,
1455 630 1518 658 etc.
1541 626 1668 657 Datum
1691 624 1870 658 Avinione
1893 624 1930 668 iij
1957 623 2026 656 kal.
2049 623 2181 663 Martii,
2203 635 2296 655 anno

439 697 667 730 duodecimo.

497 784 499 787 '
532 795 594 826 aeg.
609 795 666 818 νει.
683 795 761 817 Aven.
775 792 914 816 clementis
930 792 983 819 vn,
1001 791 1051 814 vol.
1066 790 1153 819 Lvnl,
1167 791 1207 813 De
1219 790 1309 818 curia,
1327 793 1398 821 quat.
1414 790 1436 813 1.

533 878 554 901 1.
567 877 638 901 Sitne
654 877 745 900 Petrus
761 875 869 899 Borroni
884 875 945 904 (vid.
957 882 1036 905 supra
1053 878 1081 896 n0
1095 874 1173 903 1343),
1188 873 1233 904 qui
1249 873 1298 896 suit
1312 876 1469 904 procurator
1482 872 1612 904 generalis
1629 872 1784 896 0νάἰηίεὲ-
1794 872 1816 895 2.
1831 872 1894 903 Reg.
1911 880 1916 894 z
1936 880 1946 894 (1
1963 874 1991 894 ut
2004 872 2092 895 ».—3.
2108 870 2255 894 Johannem
2267 870 2298 893 de

438 923 463 945 lu
478 922 590 953 Grange‚
606 921 634 946 Ο,
653 922 678 944 S.
695 921 733 949 B„
747 920 827 951 episc.
844 919 974 947 Ambian„
986 919 1056 941 card.
1072 918 1097 941 S.
1111 917 1226 941 Marcelli
1242 918 1275 940 ab
1288 926 1330 941 an.
1343 918 1412 947 1375,
1428 917 1487 940 Dec.
1502 918 1541 949 20,
1557 917 1638 948 episc.
1653 916 1758 940 Tuscul.
1772 916 1806 939 ab
1817 924 1858 939 an.
1873 916 1942 939 1379.
1956 917 2020 939 -4,
2031 916 2137 938 Petrum
2149 915 2181 938 de
2194 914 2298 943 Tureio,

438 966 469 989 de
485 975 534 997 quo
551 973 631 996 supra
646 974 672 996 p.
688 965 742 993 481,
759 967 811 987 not.
829 965 851 992 1,
868 968 892 986 et
907 968 935 985 n⁰
952 964 1020 985 1573.
1037 964 1082 985 An.
1097 963 1157 985 1389
1169 962 1288 985 Clemens
1304 962 1370 984 alios
1386 961 1582 984 commissarios
1597 961 1686 992 elegit.
1698 961 1794 984 Vid.n⁰
1810 961 1952 984 1567.-5.
1968 960 2056 983 Novus
2070 968 2141 990 mag.
2156 958 2297 990 generalis,

437 1011 559 1034 Nicolaus
573 1011 604 1033 de
620 1009 706 1038 Troia,
723 1017 764 1031 an.
780 1009 838 1031 1391
853 1007 1027 1034 solummodo,
1041 1006 1067 1029 in
1081 1006 1203 1037 Capitulo
1218 1006 1335 1037 generali
1351 1006 1579 1037 Caesaraugustae
1592 1006 1661 1029 circa
1677 1005 1738 1028 Maii
1754 1006 1783 1028 14
1801 1005 1941 1033 celebrato,
1955 1005 2052 1028 electus
2068 1007 2116 1028 est.
2131 1017 2161 1021 —
2178 1005 2201 1026 6.
2218 1005 2300 1034 Aegre

439 1055 555 1083 terimus,
570 1054 638 1077 hunc
652 1056 792 1076 tractatum
808 1052 986 1082 articulosque
1002 1051 1084 1074 dictos
1102 1051 1134 1073 ad
1148 1059 1195 1073 nos
1211 1059 1261 1073 non
1277 1050 1390 1074 venisse.

444 1246 582 1283 1581.
609 1255 733 1280 Clemens
753 1255 805 1280 VII
814 1253 919 1279 Jacobo
940 1253 975 1278 de
998 1254 1118 1288 Moreyo,
1148 1252 1214 1278 ord.
1236 1251 1353 1285 Praed.,
1378 1251 1456 1277 sacri
1472 1251 1584 1287 palatii
1602 1255 1629 1277 et
1645 1251 1673 1277 in
1689 1250 1772 1276 theol.
1792 1250 1929 1285 magistro
1945 1250 2076 1285 injungit,
2100 1253 2130 1275 ut
2152 1249 2300 1275 Guillelmo

529 1305 626 1337 Catou,
648 1303 712 1328 Ord.
735 1302 850 1336 Praed.,
875 1303 924 1337 qui
943 1302 1064 1336 logicam
1088 1305 1114 1327 et
1131 1301 1355 1337 philosophiam,
1379 1304 1406 1326 et
1425 1300 1549 1326 Parisiis
1569 1300 1672 1326 librum
1696 1302 1820 1326 Sentent.
1847 1303 1914 1325 ante
1934 1298 2006 1325 duos
2031 1307 2121 1324 annos
2141 1298 2218 1333 legit,
2235 1302 2301 1334 post

527 1353 767 1378 eoeanaeinationem
782 1351 884 1377 saltem
907 1351 1027 1376 duorum
1043 1351 1252 1385 magistrorum,
1277 1350 1438 1384 magisterii
1457 1349 1588 1375 honorem
1609 1349 1764 1385 impertiat,
1783 1357 1844 1374 cum
1865 1357 1879 1373 a
1902 1348 2036 1373 Par-isius
2052 1356 2088 1374 ex
2102 1347 2187 1373 certis
2202 1347 2300 1373 causis

527 1401 554 1426 in
570 1401 652 1427 theol.
672 1401 838 1434 magistrari
853 1409 907 1425 non
918 1400 1012 1436 possit
1028 1410 1051 1425 ».
1070 1400 1133 1425 Dat.
1151 1399 1297 1426 Avenione
1310 1389 1351 1432 'iiij
1368 1406 1438 1425 non.
1456 1399 1546 1428 Junii,
1563 1406 1642 1424 anno
1654 1398 1838 1425 duodecimo.
1857 1408 1871 1422 (ι
1885 1398 1944 1423 Viri
1958 1404 2034 1423 sacre
2047 1406 2072 1423 ».

1674 1483 1748 1511 1390,
1764 1483 1832 1508 dunis
1843 1484 1869 1512 2,
1886 1482 2015 1508 Avenlone.

533 1575 594 1604 Reg.
606 1574 663 1596 vat.
674 1574 751 1596 Aven.
762 1573 902 1596 Clementis
913 1573 967 1601 VII,
981 1572 1031 1595 vol.
1042 1572 1117 1599 LVII,
1129 1572 1237 1596 Divers.
1249 1574 1342 1603 form.¹
1356 1575 1427 1603 quat.
1440 1574 1462 1601 5,
1473 1572 1517 1595 fol.
1530 1572 1567 1595 13.
1580 1585 1607 1588 -—
1619 1572 1686 1594 Istae
1700 1580 1711 1594 (1
1723 1574 1809 1594 certae
1821 1578 1916 1593 causae
1928 1578 1938 1593 1)
1951 1570 2015 1593 bene
2026 1572 2102 1593 notae
2113 1572 2182 1594 sunt.
2196 1570 2301 1592 Fratres

440 1618 643 1646 Praedicatores,
659 1621 687 1640 ut
701 1625 782 1648 supra
795 1617 918 1646 vidimus,
936 1620 1044 1647 propter
1059 1616 1206 1639 Johannem
1221 1616 1252 1639 de
1268 1617 1419 1639 Montesono
1435 1619 1460 1639 et
1474 1624 1599 1647 sequaces
1615 1616 1671 1647 ejus
1689 1615 1722 1638 ab
1740 1614 1918 1639 universitate
1932 1614 2017 1638 Paris.
2033 1613 2140 1637 alienati
2157 1616 2240 1637 erant.
2259 1613 2302 1636 Sic

440 1671 482 1686 an.
502 1663 572 1692 1393,
591 1662 662 1684 Junii
684 1663 721 1688 29,
743 1662 811 1684 idem
831 1661 944 1684 Jacobus
967 1661 998 1684 de
1018 1662 1123 1692 Moreyo
1143 1661 1296 1684 mandatum
1318 1661 1421 1692 recipit,
1442 1664 1470 1684 ut
1486 1661 1648 1692 Stephanum
1664 1659 1831 1684 Guerrederii
1847 1659 1931 1690 ejusd.
1950 1658 2022 1687 Ord.,
2042 1658 2087 1690 qui
2108 1657 2257 1689 Andegavis
2277 1660 2303 1680 et

442 1707 565 1738 Rupellae
580 1706 644 1737 legit
665 1709 690 1729 et
711 1706 879 1728 buccalareus
900 1705 991 1736 palatii
1013 1708 1099 1736 apost.
1119 1706 1203 1728 sactus
1219 1708 1267 1735 est,
1285 1705 1318 1728 ad
1335 1705 1481 1736 magisterii
1499 1705 1611 1736 gradum
1628 1707 1792 1736 promoveat,
1813 1712 1823 1726 «
1838 1712 1897 1726 cum
1912 1706 2021 1734 propter
2036 1702 2182 1726 discordias
2198 1705 2224 1725 et
2238 1710 2302 1733 que-

441 1751 538 1774 stiones
555 1752 610 1782 jam
629 1751 674 1773 diu
693 1750 760 1773 inter
780 1750 984 1773 Universitatem
1003 1750 1087 1773 Paris.
1107 1753 1133 1773 et
1152 1750 1294 1773 nonnullos
1312 1751 1405 1773 fratres
1424 1750 1487 1774 Ord.
1508 1750 1582 1773 Pred.
1606 1749 1741 1778 excitatas,
1761 1750 1855 1772 fratres
1877 1748 1961 1779 ejusd.
1985 1747 2059 1776 Ord.,
2082 1750 2303 1778 quantuncunque

442 1795 596 1819 sufficientes
612 1795 732 1823 existant,
754 1795 786 1817 ad
806 1803 974 1825 quoscunque
994 1795 1092 1825 gradus
1115 1794 1141 1817 in
1162 1794 1232 1817 dicta
1252 1795 1374 1817 facultate
1397 1794 1423 1817 in
1445 1794 1535 1817 eadem
1558 1794 1736 1817 Universitate
1755 1792 1905 1824 promoveri
1925 1800 1976 1815 non
1996 1792 2099 1823 possint
2115 1800 2126 1814 r>
2144 1791 2229 1821 (ibid.,
2249 1790 2302 1814 vol.

442 1840 552 1868 vam,
569 1841 584 1862 s.
601 1839 682 1868 40412J.

447 1987 587 2024 1582.
612 1996 737 2022 Clemens
758 1997 808 2022 VII
828 1996 1010 2021 cancellariis
1031 1997 1124 2022 Paris.
1144 2000 1172 2022 et
1193 1996 1322 2022 Tolosan.
1341 1997 1471 2031 injungit,
1495 2000 1525 2022 ut
1545 2000 1644 2022 contra
1664 1998 1795 2030 fautores
1814 2004 1939 2021 errorum
1960 1994 2110 2020 occasione
2126 1994 2303 2029 quaestionis

531 2046 604 2071 inter
624 2045 838 2071 Universilatem
853 2046 947 2070 Puris.
966 2049 992 2070 et
1007 2045 1228 2071 Praedicatores
1242 2045 1409 2081 procedant.
1426 2047 1548 2071 Revocat
1559 2049 1663 2081 postea
1679 2045 1752 2070 hunc
1768 2044 1986 2070 ordinationem.

1491 2131 1565 2160 7390,
1581 2131 1670 2156 Martii
1684 2130 1780 2159 1-1391,
1795 2130 1856 2155 dulit·
1872 2130 1908 2159 12,
1924 2129 2054 2155 Ανεηῖοηε.

533 2218 702 2252 Clemens
728 2219 923 2263 episcopus
955 2230 1083 2251 servus
1109 2230 1296 2251 servorum
1324 2218 1390 2251 Dei
1418 2218 1561 2250 dilectis
1590 2218 1674 2250 filiis
1701 2219 1806 2250 Petro
1833 2218 1877 2250 de
1906 2217 2059 2249 Ailliaco
2087 2215 2303 2249 cancellario

447 2285 599 2317 ecclesie
630 2285 845 2316 Parisiensis
870 2291 904 2316 et
930 2284 966 2316 in
997 2296 1096 2317 sacra
1125 2285 1253 2329 pagina
1278 2284 1491 2329 professori,
1513 2296 1551 2317 ac
1572 2284 1736 2329 Aycardo
1763 2284 1807 2316 de
1833 2282 2057 2326 Quimballo¹
2087 2281 2303 2315 cancellario

448 2351 557 2383 studii
578 2350 788 2391 Tholosani,
812 2350 961 2383 salutem
985 2357 1020 2383 et
1039 2351 1273 2395 apostolicam
1296 2351 1601 2384 benedictionem.
1625 2350 1750 2384 Solent
1775 2361 1947 2395 perverse
1974 2355 2126 2389 mentes,
2150 2348 2234 2381 dum
2260 2347 2304 2380 ad

448 2428 568 2448 earum
597 2416 816 2449 insolencias
842 2417 1076 2449 refrenandas
1104 2429 1238 2450 nervus
1268 2417 1414 2462 publice
1435 2417 1628 2462 discipline
1650 2417 1831 2456 lentescit,
1851 2416 2030 2460 lapsiores
2051 2414 2129 2447 fieri
2157 2414 2200 2447 ad
2221 2426 2305 2459 pec-

438 2483 598 2524 candum
628 2489 662 2514 et
688 2494 728 2514 eo
755 2482 908 2527 amplius
936 2483 979 2515 ad
1005 2483 1139 2528 flagitia
1167 2496 1329 2525 currere,
1355 2496 1426 2528 quo
1453 2484 1497 2516 ad
1526 2483 1775 2528 reprimendas
1803 2482 1947 2515 easdem
1974 2482 2089 2526 magis
2115 2481 2172 2526 pia
2197 2481 2306 2513 fuerit

449 2549 641 2581 auctoritas
672 2549 904 2592 presidentis.
932 2551 1082 2594 Propter
1106 2550 1202 2594 quod
1229 2562 1273 2582 ne
1299 2550 1503 2595 exemplum
1529 2550 1741 2595 impunitate
1769 2548 2013 2594 periculosius
2039 2548 2075 2580 in
2101 2547 2191 2580 alios
2218 2547 2305 2580 diri·

448 2621 563 2655 vetur,
597 2614 739 2659 expedit
770 2615 821 2646 sic
847 2615 1000 2647 debitam
1031 2617 1299 2649 executionem²
1330 2616 1503 2649 adhibere
1524 2617 1686 2661 justicie,
1712 2616 1810 2660 quod
1835 2615 2028 2648 commissa
2048 2616 2121 2659 jam
2156 2614 2305 2647 crimina

450 2681 643 2726 puniantur
664 2687 698 2712 et
719 2680 864 2712 audacia
885 2682 1224 2715 committendorum
1246 2683 1319 2726 (sic)
1341 2683 1472 2716 similia
1493 2683 1737 2728 precludatur.
1760 2682 1978 2726 Accepimus
2004 2680 2185 2725 siquidem
2208 2679 2306 2724 quod

450 2748 485 2780 in
504 2747 658 2780 diversis
676 2753 710 2778 et
724 2747 833 2779 variis
854 2748 958 2791 regni
979 2749 1126 2781 Francie
1148 2749 1310 2793 partibus
1332 2757 1480 2794 propter
1501 2750 1719 2782 discordiam
1742 2748 1897 2781 habitam
1919 2749 2014 2780 inter
2035 2747 2188 2780 dilectos
2209 2746 2305 2778 filios

451 2813 727 2850 Universitatem
751 2813 989 2845 parisiensem
1018 2821 1052 2846 et
1074 2815 1202 2848 fratres
1232 2816 1381 2849 Ordinis
1407 2817 1676 2849 Predicatorum
1706 2815 1880 2848 nonnulla
1908 2814 2076 2847 seandala
2101 2820 2136 2846 et
2156 2812 2305 2846 oblocu-

451 2880 567 2913 tiones
598 2879 811 2923 populorum
844 2886 928 2911 sunt
957 2887 1078 2912 exorta
1104 2882 1352 2927 nonnulleque
1383 2883 1627 2927 pululationes
1654 2894 1817 2915 errorum
1848 2882 2027 2926 incipiunt
2058 2879 2203 2913 exoriri.
2231 2880 2305 2911 Nos
