2488 3386
479 341 542 372 482
1058 347 1373 369 CHARTULARHJM
1410 347 1598 368 umveas.
1638 347 1759 368 mais.
2242 333 2341 369 [1389

482 430 515 455 et
536 422 732 456 Guillelmo
755 423 788 455 S.
814 421 944 466 Angeli
967 421 1139 453 diacono⁸
1161 420 1426 453 cardinalibus⁰
1448 420 1584 453 nostris
1605 419 1735 453 litteris
1757 420 1924 452 dedimus
1946 419 1982 451 in
2004 419 2193 459 mandatis,
2213 426 2250 452 ut
2269 419 2340 464 ipsi

480 495 539 521 aut
569 488 639 521 duo
670 500 792 520 eorum
824 488 867 520 de
895 487 964 519 vita
994 494 1028 519 et
1057 487 1339 519 conversacione
1370 486 1455 519 dicti
1489 486 1583 519 Petri
1613 498 1651 519 ac
1681 485 1890 530 hujusmodi
1923 484 2106 518 miraculis
2134 486 2339 530 ceterisque

480 554 764 587 circumstanciis
792 553 999 598 hujusmodi
1031 553 1220 597 negocium
1252 552 1559 585 concernentibus
1589 553 1815 597 inquirerent
1842 552 2062 597 diligencius
2083 551 2282 592 veritatem,
2305 558 2340 585 et

480 633 548 666 quc
570 633 679 665 super
700 621 887 665 premissis
915 620 1131 655 invenirent,
1159 619 1314 652 fideliter
1342 619 1378 652 in
1400 619 1546 664 scriptis
1567 619 1684 664 redigi
1705 620 1864 652 facerent
1891 625 1926 651 et
1946 618 2052 651 nobis
2074 619 2211 651 referre
2236 630 2338 651 cura-

480 694 569 727 rent,
593 694 627 719 et
647 687 676 719 si
700 686 937 731 personaliter
957 686 1049 718 circa
1071 685 1374 718 examinacionem
1398 686 1556 725 testium,
1579 697 1671 730 quos
1695 685 1731 718 in
1752 685 1879 718 eodem
1903 685 2056 730 negocio
2080 684 2230 730 produci
2251 696 2337 718 con-

478 754 644 798 tingeret.
672 765 796 786 vacare
817 752 1004 785 commode
1027 764 1097 784 non
1130 758 1290 796 possent,
1318 752 1500 784 voluimus
1529 752 1626 796 quod
1653 752 1953 784 examinationem
1984 751 2194 796 hujusmodi
2224 751 2335 784 eciam

477 826 573 852 extra
595 821 695 852 Rom.
722 831 797 852 cur.
822 819 1017 852 faciendam
1039 818 1310 851 venerabilibus
1331 818 1502 851 fratribus
1524 818 1659 851 nostris
1679 818 1834 851 Johanni
1857 818 2092 852 Glandatens.
2116 824 2151 851 et
2177 818 2335 860 Geraldo

475 887 625 931 Aptens.
643 886 824 930 episcopis
841 897 879 918 ac
901 885 1061 917 locorum
1080 885 1285 917 diocesanis
1302 885 1526 917 committere
1542 885 1715 926 valerent,
1735 891 1841 930 prout
1861 885 1896 917 in
1913 885 2019 917 dictis
2039 884 2170 917 litteris
2191 884 2335 929 plenius

475 953 735 985 continetur....
754 953 830 984 Dat.
850 952 1027 984 Avinione
1050 951 1071 995 ij
1095 963 1178 983 non.
1199 951 1437 996 Septembris.v
1461 950 1690 996 pontificatus
1713 951 1829 984 nostri
1849 963 1943 983 anno
1965 951 2170 984 undecimo.

565 1051 627 1080 Reg.
644 1051 699 1073 Vnt.
718 1051 796 1072 Aveu.
813 1050 893 1072 clem.
909 1049 961 1076 Vll,
974 1049 1024 1071 vol.
1043 1049 1091 1078 LV,
1108 1049 1215 1073 Divers.
1231 1050 1325 1079 form„
1337 1052 1409 1080 quat.
1428 1049 1451 1072 9.
1468 1048 1533 1071 Ibid.
1552 1048 1586 1078 (in
1605 1048 1654 1072 fine
1670 1052 1743 1080 quat.
1761 1048 1797 1078 11)
1815 1048 1864 1071 5111)
1881 1048 1972 1071 eadem
1988 1047 2114 1079 temporis
2130 1050 2191 1070 nota
2206 1050 2290 1070 exstat
2300 1048 2333 1071 nd

471 1095 589 1118 eumdem
603 1094 713 1125 epistola
726 1097 834 1125 propter
851 1102 946 1124 corpus
963 1093 1041 1122 Petri,
1059 1102 1069 1116 «
1086 1093 1112 1116 in
1128 1093 1256 1116 cimiterio
1270 1094 1296 1117 S.
1313 1093 1446 1117 Michaelis
1463 1093 1577 1116 civitatis
1593 1093 1715 1116 Avinion.
1730 1093 1863 1124 sepultum
1880 1092 1962 1116 ».Vid.
1981 1092 2055 1116 Gall.
2074 1092 2182 1120 christ„
2198 1092 2243 1119 111,
2261 1092 2332 1116 1243.

563 1179 583 1202 1.
596 1178 751 1202 Guillelinus
761 1178 791 1201 de
803 1177 889 1209 Ligni,
901 1177 945 1208 qui
955 1177 1030 1208 prius
1043 1177 1182 1200 suitabhas
1195 1177 1345 1200 monasterii
1357 1178 1382 1201 S.
1392 1177 1490 1200 Nicasii
1500 1177 1529 1201 Ο.
1541 1178 1567 1201 S.
1579 1177 1642 1201 Bon.
1654 1178 1772 1201 Reinens.
1783 1177 1869 1207 (Arch.
1880 1178 1937 1201 Vnt.
1949 1176 2038 1208 Oblig.
2050 1177 2102 1200 vol.
2115 1176 2199 1204 XLIX,
2211 1176 2256 1200 sol.
2267 1175 2332 1206 58¹³),

469 1231 510 1246 1111.
530 1223 597 1250 1388,
616 1223 672 1245 Dec.
688 1223 725 1246 23.
744 1223 826 1245 sactus
838 1225 878 1244 est
888 1222 968 1252 episc.
984 1221 1129 1244 Vivariens.
1146 1222 1218 1253 (Reg.
1234 1223 1313 1245 Aren.
1330 1222 1411 1245 Clem.
1427 1222 1482 1249 VH,
1500 1222 1551 1245 vol.
1566 1222 1619 1251 LII,
1636 1222 1680 1245 sol.
1697 1222 1762 1251 251).
1778 1222 1805 1244 ln
1824 1221 1896 1245 Gall.
1912 1221 2020 1251 christ„
2037 1221 2100 1247 XVI.
2115 1222 2169 1250 578,
2185 1220 2227 1244 hic
2242 1220 2332 1252 plures

469 1275 569 1290 errores
592 1267 745 1290 afferuntur.
768 1266 809 1290 Sic
834 1267 1022 1297 praedecessor
1042 1266 1176 1290 Guillelmi
1194 1266 1247 1297 (qui
1263 1266 1327 1289 ibid.
1346 1267 1378 1289 ad
1400 1275 1442 1291 nn.
1462 1267 1522 1289 1390
1541 1266 1597 1289 sine
1618 1266 1722 1289 abbatis
1746 1266 1823 1289 titulo
1843 1266 1959 1297 ponitur)
1980 1274 2030 1288 non
2053 1265 2101 1288 suit
2126 1265 2258 1288 johannen
2285 1273 2332 1288 nec

468 1312 561 1340 Pileus,
577 1312 622 1334 sed
637 1311 778 1339 OliveriuS,
794 1311 851 1334 dcc.
863 1311 925 1333 eccl.
942 1310 1080 1337 Aeduens„
1097 1314 1122 1333 et
1137 1311 1242 1342 quidem
1258 1311 1290 1334 ab
1306 1319 1348 1334 an.
1365 1311 1433 1339 1385,
1450 1312 1515 1341 Aug.
1533 1311 1562 1333 16
1577 1312 1647 1343 (Reg.
1665 1312 1744 1334 Aven.
1761 1311 1842 1334 Clcm.
1858 1311 1912 1338 VH,
1929 1311 1981 1334 vol.
1998 1310 2106 1339 xxxw,
2121 1311 2137 1333 f.
2154 1311 2202 1339 56),
2219 1309 2263 1341 qui
2276 1309 2331 1341 jam

467 1364 507 1378 an.
534 1356 601 1384 1387,
616 1356 690 1378 Febr.
706 1358 728 1386 ’1,
745 1359 772 1378 ut
787 1355 867 1386 episc.
890 1355 1008 1378 Cabilon.
1022 1355 1201 1385 juramentum
1217 1359 1352 1386 praestare
1370 1355 1461 1386 jussus
1481 1358 1521 1378 est
1537 1356 1610 1386 (Reg.
1629 1356 1686 1379 Vnt.
1703 1356 1783 1379 Clem.
1801 1355 1855 1381 Vll.
1877 1359 1905 1378 n⁰
1922 1356 1976 1382 2⁴³8,
1994 1355 2038 1378 fol.
2057 1355 2106 1384 11).
2128 1368 2159 1372 —
2176 1354 2197 1377 2.
2212 1354 2283 1378 Petri
2299 1354 2331 1378 de

467 1400 584 1429 Paciaco,
607 1401 638 1423 de
661 1408 710 1431 quo
730 1400 783 1430 jum
808 1399 916 1430 pluries.
933 1413 962 1416 —
982 1401 1004 1422 3.
1023 1400 1151 1422 Johannis
1172 1400 1284 1426 Caverii,
1302 1394 1410 1423 rectoris
1427 1401 1455 1422 23
1471 1400 1587 1423 Junii—10
1602 1400 1734 1425 Octobris.
1752 1414 1782 1418 —
1801 1401 1824 1423 J«.
1842 1399 2006 1423 Universitas
2028 1399 2180 1430 Paris.Jam
2193 1407 2235 1422 un.
2253 1406 2331 1430 supe·

466 1445 528 1467 riori
549 1445 608 1467 ’1388
625 1445 704 1475 (Β111.,
721 1445 761 1471 IV,
780 1445 835 1474 670,
855 1452 993 1475 perperam
1014 1444 1047 1466 ad
1067 1452 1109 1467 an.
1132 1444 1201 1472 1389,
1216 1447 1241 1467 et
1256 1444 1294 1467 sic
1314 1444 1450 1474 Jourdain,
1468 1449 1496 1467 11ο
1515 1445 1580 1474 861),
1598 1445 1719 1468 Decemb.
1742 1445 1779 1472 18,
1801 1445 1833 1467 ad
1850 1452 1981 1467 summum
2002 1443 2153 1475 pontificem
2168 1446 2194 1466 et
2211 1443 2330 1466 diversos

465 1489 610 1511 cardinales
625 1488 732 1519 scripsit
746 1488 880 1519 epistolas,
893 1491 982 1519 petens
998 1491 1025 1511 ut
1040 1488 1215 1519 inquireretur
1229 1489 1259 1511 dc
1273 1489 1326 1512 vita
1340 1492 1364 1512 et
1377 1489 1477 1512 meritis
1491 1489 1559 1512 Petri
1576 1489 1607 1512 de
1621 1489 1802 1520 Lucemburgo
1818 1493 1871 1520 (ap.
1886 1489 1954 1517 But,
1968 1489 1986 1511 l.
2000 1489 2043 1517 c.).
2060 1488 2151 1511 Petrus
2167 1487 2198 1510 de
2210 1487 2328 1516 Aillinco,

465 1541 506 1556 1111.
525 1534 593 1561 1389,
610 1533 634 1555 111
651 1533 805 1555 consistorio
822 1533 928 1563 publico
946 1541 1033 1555 corum
1050 1533 1182 1556 Clemente
1197 1533 1262 1556 duas
1279 1533 1434 1556 collationes
1451 1533 1534 1557 tenuit
1549 1542 1597 1564 pro
1613 1533 1809 1557 canonizatione
1823 1533 1940 1564 ejusdem
1956 1533 2025 1556 Petri
2040 1532 2118 1561 (Bibt.
2135 1532 2327 1560 Cnmemcens..

466 1586 512 1600 ms.
527 1579 571 1600 {190
588 1578 659 1606 (531),
678 1578 721 1600 sol.
740 1577 814 1605 191b;
835 1577 902 1605 1981),
921 1586 933 1600 0
949 1586 999 1608 quo
1018 1577 1085 1605 Bul.,
1107 1578 1147 1607 lv,
1163 1578 1289 1607 651-6159).
1308 1592 1336 1595 —
1350 1580 1372 1601 5.
1389 1578 1538 1601 Cardinalis
1552 1578 1585 1601 ab
1600 1586 1642 1601 an.
1662 1578 1729 1607 1384,
1743 1578 1827 1609 April.
1842 1578 1879 1605 15,
1897 1578 1928 1600 de
1943 1586 1994 1608 quo
2010 1585 2090 1608 supra
2107 1581 2135 1599 n⁰
2151 1577 2219 1606 1513,
2233 1585 2259 1608 p.
2273 1576 2328 1605 ³89,

465 1625 517 1645 not.
534 1624 557 1645 5.
571 1635 601 1639 ——
617 1623 640 1644 ὓ.
657 1622 732 1644 Petro
748 1622 779 1644 de
795 1622 944 1649 Sui-tenure,
961 1622 991 1644 11(-
1007 1630 1058 1653 quo
1073 1623 1127 1652 jam
1142 1630 1232 1653 supra.
1249 1635 1279 1639 —-
1295 1623 1317 1645 7.
1332 1622 1432 1645 Amelio
1448 1623 1479 1645 de
1497 1623 1632 1650 Lautreco,
1650 1623 1756 1645 doctore
1773 1622 1879 1651 decret.,
1895 1621 1975 1653 episc.
1991 1621 2182 1650 Convenarum,
2199 1628 2242 1644 an.
2259 1621 2327 1649 1385,

464 1666 516 1689 Jul.
544 1667 580 1695 12,
603 1667 670 1688 sacto
692 1665 820 1688 cardinali
843 1666 869 1689 S.
892 1666 1006 1689 Eusebii.
1022 1666 1078 1689 Yid.
1102 1666 1132 1689 de
1148 1666 1205 1697 ipso
1227 1666 1331 1693 Balnze,
1354 1667 1406 1690 Vit.
1426 1674 1495 1697 pap.
1516 1669 1613 1696 Auem,
1639 1667 1657 1694 l,
1676 1667 1735 1689 1342
1754 1675 1793 1698 sq.
1811 1680 1841 1684 -
1857 1667 1879 1689 8.
1903 1666 2043 1690 Guiltelmo
2063 1665 2182 1693 Noetleti,
2206 1665 2277 1688 card.
2293 1664 2327 1688 ab

463 1719 504 1734 an.
522 1710 590 1735 1371.
609 1711 669 1733 dun.
694 1712 707 1733 8
726 1710 761 1738 (in
780 1710 830 1734 Vic.
851 1710 873 1732 1¹·
890 1711 967 1740 Greg.
985 1710 1054 1741 apud
1073 1711 1176 1735 Baluze.
1198 1711 1214 1733 1.
1232 1719 1263 1738 0.,
1282 1719 1308 1742 p.
1324 1711 1378 1737 427.
1395 1711 1456 1734 Jun.
1475 1713 1506 1740 fi).
1524 1725 1551 1729 —
1570 1713 1593 1735 9.
1613 1711 1777 1735 Universitas
1794 1710 1876 1734 Paris.
1899 1710 1923 1733 111
1939 1710 2035 1733 litteris
2054 1713 2106 1733 not.
2125 1710 2138 1732 4
2155 1709 2242 1733 citatis
2260 1709 2327 1732 alios

463 1755 609 1777 cardinales
623 1754 769 1785 proposuit,
786 1758 891 1785 excepto
906 1755 980 1777 Petro
994 1755 1025 1777 de
1044 1755 1195 1778 Sortcnaco.

465 1965 604 2002 1552.
631 1974 755 1999 Clemens
777 1975 827 2000 Vll
847 1974 970 2000 ,ΙοΙιαηηί
994 1974 1030 2000 de
1058 1975 1248 2010 Guignicurte,
1275 1975 1450 2002 cancellario
1478 1977 1584 2010 Par-is.‚
1613 1976 1754 2012 permittit
1778 1975 1984 2001 cancellat-iam
2011 1974 2105 2000 Paris.
2131 1982 2193 1999 cum
2213 1971 2325 1998 duobus
2346 2002 2350 2006 ,

547 2023 764 2049 canonicatibus
781 2027 807 2048 et
821 2023 995 2059 praebendis
1012 2025 1090 2049 Petri
1105 2024 1139 2049 de
1155 2024 1282 2050 Ailliaco
1297 2029 1480 2051 commutare.

1633 2070 1708 2099 1389,
1726 2069 1842 2095 Octobris
1859 2070 1882 2102 7,
1900 2069 2031 2095 Ᾱνοηίοηε.

550 2151 686 2184 Dilecto
709 2151 782 2183 filio
809 2151 962 2184 Johanni
993 2151 1037 2184 de
1067 2152 1320 2197 Guignicurte⁷
1351 2154 1525 2186 canonico
1554 2153 1804 2193 Ambianensi,
1836 2151 2028 2185 bacallario
2058 2151 2095 2183 in
2126 2149 2321 2195 theologia,

462 2218 624 2257 salutem,
649 2225 716 2250 etc.
739 2217 948 2262 Apostolice
977 2218 1075 2251 sedis
1104 2219 1365 2264 circumspecta
1391 2219 1611 2266 benignitas,
1635 2227 1747 2253 ete....
1771 2220 1861 2253 Cum
1883 2219 2002 2263 itaque
2031 2229 2147 2262 nuper
2168 2223 2205 2250 tu
2225 2216 2324 2249 Pari-

463 2284 619 2316 siensem
642 2284 887 2316 cancellariam
911 2291 945 2316 et
964 2284 1119 2317 dilectus
1140 2285 1236 2318 filius
1265 2287 1392 2319 Petrus
1414 2287 1457 2319 de
1479 2287 1631 2319 Ailliaco
1654 2285 1910 2319 Ambianensis
1932 2291 1967 2317 et
1986 2283 2186 2316 Meldensis
2207 2281 2323 2315 eccle-

464 2350 594 2382 siarum
623 2350 854 2382 canonicatus
885 2357 919 2383 et
949 2350 1164 2395 prebendas,
1195 2364 1286 2396 quos
1314 2359 1396 2386 tunc
1425 2354 1599 2399 temporis
1630 2352 1863 2393 obtinebatis,
1892 2350 2143 2384 desiderantes
2170 2348 2254 2382 illos
2280 2360 2323 2382 ex

464 2417 571 2449 certis
588 2417 705 2449 causis
722 2416 1002 2449 racionabilibus
1023 2417 1176 2450 invicem
1200 2426 1416 2463 permutare,
1436 2432 1500 2464 per
1516 2420 1669 2453 dilectos
1687 2419 1781 2452 filios
1803 2420 1945 2451 Petrum
1968 2415 2092 2449 Plaoul
2108 2415 2321 2448 canonicum

464 2482 616 2514 ecclesie
638 2482 749 2514 sancti
770 2482 966 2514 Audomari
994 2483 1038 2515 de
1065 2484 1192 2516 Sancto
1214 2485 1422 2519 Audomaro
1448 2487 1647 2519 Morinens.
1671 2486 1764 2518 dioc.
1789 2491 1900 2524 tumn,
1924 2490 1958 2516 et
1981 2482 2179 2516 Johannem
2202 2481 2322 2515 Careti

466 2555 675 2593 perpetuum
703 2548 924 2592 capellanum
952 2549 986 2580 in
1016 2550 1211 2583 Parisiensi
1233 2552 1386 2585 ecclesia
1412 2553 1571 2598 predicta
1599 2553 1715 2597 ipsius
1737 2551 1866 2591 Petri¹,
1891 2555 2144 2595 procuratores
2172 2560 2190 2580 a
2215 2547 2322 2580 nobis

464 2614 668 2659 specialiter
689 2615 903 2646 constitutos
924 2615 960 2646 in
982 2616 1147 2649 manibus
1168 2618 1387 2651 venerabilis
1408 2620 1527 2652 fratris
1549 2619 1664 2652 nostri
1686 2618 1839 2663 Egidii²,
1863 2615 2025 2661 episcopi
2045 2614 2257 2655 Vaurensis‚
2275 2625 2319 2647 ex

464 2693 568 2714 causa
591 2681 869 2725 permutacionis
892 2680 1098 2725 hujusmodi
1119 2684 1213 2727 apud
1230 2685 1353 2717 sedem
1376 2686 1572 2730 predictam
1595 2685 1771 2718 duxeritis
1791 2683 1905 2716 libere
1928 2681 2183 2727 resignandos,
2204 2680 2318 2713 idem-

464 2759 532 2792 que
554 2747 746 2792 episcopus
768 2747 811 2778 dc
834 2747 980 2791 speciali
1002 2749 1167 2782 mandato
1191 2757 1314 2784 nostro
1335 2752 1427 2785 sacto
1449 2752 1519 2785 sibi
1546 2764 1655 2797 super
1675 2751 1742 2784 hoc
1764 2749 1910 2783 oraculo
1931 2749 2011 2782 vive
2032 2748 2132 2781 vocis
2158 2747 2321 2791 resigna—

462 2815 578 2847 tiones
595 2813 801 2857 hujusmodi
822 2813 915 2857 apud
933 2814 1054 2846 sedem
1072 2815 1257 2849 admiserit
1278 2818 1491 2851 antedictam
1512 2830 1518 2851 :
1538 2830 1604 2851 nos
1620 2818 1714 2852 votis
1731 2817 1802 2850 tuis
1823 2817 1859 2849 in
1880 2816 1944 2848 hac
1963 2821 2060 2860 parte
2077 2812 2320 2847 favorabiliter

458 2886 672 2919 annuenteS,
695 2879 924 2912 canonicatus
946 2886 978 2912 et
1005 2880 1208 2925 prebendas
1232 2884 1427 2927 predictos,
1450 2888 1554 2918 etiam
1577 2886 1607 2918 si
1628 2884 1867 2930 disposicioni
1893 2881 2092 2928 apostolice
2113 2879 2318 2925 specialiter

578 2938 616 2961 61.
