<?xml version="1.0" encoding="UTF-8"?>
<!DOCTYPE html PUBLIC "-//W3C//DTD XHTML 1.0 Transitional//EN"
    "http://www.w3.org/TR/xhtml1/DTD/xhtml1-transitional.dtd">
<html xmlns="http://www.w3.org/1999/xhtml" xml:lang="en" lang="en">
 <head>
  <title>
</title>
<meta http-equiv="Content-Type" content="text/html;charset=utf-8" />
  <meta name='ocr-system' content='tesseract 3.04.00' />
  <meta name='ocr-capabilities' content='ocr_page ocr_carea ocr_par ocr_line ocrx_word'/>
</head>
<body>
  <div class='ocr_page' id='page_1' title='image "auctariumchartul03univuoft_0674.png"; bbox 0 0 2488 3386; ppageno 0'>
   <div class='ocr_carea' id='block_1_1' title="bbox 460 337 2323 381">
    <p class='ocr_par' dir='ltr' id='par_1_1' title="bbox 460 337 2323 381">
     <span class='ocr_line' id='line_1_1' title="bbox 460 337 2323 381; baseline -0.003 -3"><span class='ocrx_word' id='word_1_1' title='bbox 460 349 524 381; x_wconf 86' lang='lat'>626</span> <span class='ocrx_word' id='word_1_2' title='bbox 1049 352 1365 376; x_wconf 50' lang='lat' dir='ltr'>ciisaTULAan</span> <span class='ocrx_word' id='word_1_3' title='bbox 1400 351 1590 373; x_wconf 74' lang='lat' dir='ltr'>UNIVERS.</span> <span class='ocrx_word' id='word_1_4' title='bbox 1627 350 1778 374; x_wconf 66' lang='lat' dir='ltr'>rmus..</span> <span class='ocrx_word' id='word_1_5' title='bbox 2222 337 2323 373; x_wconf 86' lang='lat'>[1394</span> 
     </span>
    </p>
   </div>
   <div class='ocr_carea' id='block_1_2' title="bbox 462 422 2332 673">
    <p class='ocr_par' dir='ltr' id='par_1_2' title="bbox 553 422 2225 473">
     <span class='ocr_line' id='line_1_2' title="bbox 553 422 2225 473; baseline -0.005 -11"><span class='ocrx_word' id='word_1_6' title='bbox 553 431 605 463; x_wconf 76' lang='grc' dir='ltr'>14ο</span> <span class='ocrx_word' id='word_1_7' title='bbox 631 429 800 462; x_wconf 81' lang='lat' dir='ltr'>Ostendit</span> <span class='ocrx_word' id='word_1_8' title='bbox 821 435 952 473; x_wconf 84' lang='lat' dir='ltr'>quante</span> <span class='ocrx_word' id='word_1_9' title='bbox 974 427 1194 460; x_wconf 84' lang='lat' dir='ltr'>difficultatis</span> <span class='ocrx_word' id='word_1_10' title='bbox 1216 433 1314 460; x_wconf 87' lang='lat' dir='ltr'>esset</span> <span class='ocrx_word' id='word_1_11' title='bbox 1335 424 1519 458; x_wconf 87' lang='lat' dir='ltr'>discussio</span> <span class='ocrx_word' id='word_1_12' title='bbox 1540 424 1707 469; x_wconf 87' lang='lat' dir='ltr'>rigorosa</span> <span class='ocrx_word' id='word_1_13' title='bbox 1729 424 1829 469; x_wconf 81' lang='lat' dir='ltr'>juris</span> <span class='ocrx_word' id='word_1_14' title='bbox 1851 422 2042 467; x_wconf 88' lang='lat' dir='ltr'>utriusque</span> <span class='ocrx_word' id='word_1_15' title='bbox 2064 423 2225 468; x_wconf 79' lang='lat' dir='ltr'>partis³.-</span> 
     </span>
    </p>

    <p class='ocr_par' dir='ltr' id='par_1_3' title="bbox 462 488 2332 673">
     <span class='ocr_line' id='line_1_3' title="bbox 552 488 2332 538; baseline -0.003 -10"><span class='ocrx_word' id='word_1_16' title='bbox 552 498 605 529; x_wconf 78' lang='grc' dir='ltr'>15ο</span> <span class='ocrx_word' id='word_1_17' title='bbox 631 495 735 538; x_wconf 88' lang='lat' dir='ltr'>Quod</span> <span class='ocrx_word' id='word_1_18' title='bbox 757 495 812 527; x_wconf 82' lang='lat' dir='ltr'>via</span> <span class='ocrx_word' id='word_1_19' title='bbox 832 494 1003 527; x_wconf 90' lang='lat' dir='ltr'>veniendi</span> <span class='ocrx_word' id='word_1_20' title='bbox 1024 494 1067 526; x_wconf 84' lang='lat' dir='ltr'>ad</span> <span class='ocrx_word' id='word_1_21' title='bbox 1094 494 1262 526; x_wconf 87' lang='lat' dir='ltr'>unionem</span> <span class='ocrx_word' id='word_1_22' title='bbox 1292 504 1356 537; x_wconf 89' lang='lat' dir='ltr'>per</span> <span class='ocrx_word' id='word_1_23' title='bbox 1377 491 1567 537; x_wconf 85' lang='lat' dir='ltr'>utriusque</span> <span class='ocrx_word' id='word_1_24' title='bbox 1596 490 1707 536; x_wconf 87' lang='lat' dir='ltr'>partis</span> <span class='ocrx_word' id='word_1_25' title='bbox 1732 489 1940 524; x_wconf 78' lang='lat' dir='ltr'>cessionem‘</span> <span class='ocrx_word' id='word_1_26' title='bbox 1968 495 2066 522; x_wconf 86' lang='lat' dir='ltr'>esset</span> <span class='ocrx_word' id='word_1_27' title='bbox 2093 488 2186 522; x_wconf 89' lang='lat' dir='ltr'>bona</span> <span class='ocrx_word' id='word_1_28' title='bbox 2210 489 2266 522; x_wconf 88' lang='lat' dir='ltr'>via</span> <span class='ocrx_word' id='word_1_29' title='bbox 2291 488 2332 522; x_wconf 63' lang='lat' dir='ltr'>et&#39;</span> 
     </span>
     <span class='ocr_line' id='line_1_4' title="bbox 463 555 2325 606; baseline -0.004 -11"><span class='ocrx_word' id='word_1_30' title='bbox 463 570 535 596; x_wconf 86' lang='lat' dir='ltr'>tuta</span> <span class='ocrx_word' id='word_1_31' title='bbox 551 569 584 595; x_wconf 90' lang='lat' dir='ltr'>et</span> <span class='ocrx_word' id='word_1_32' title='bbox 606 562 727 606; x_wconf 85' lang='lat' dir='ltr'>magni</span> <span class='ocrx_word' id='word_1_33' title='bbox 748 561 881 601; x_wconf 83' lang='lat' dir='ltr'>meriti,</span> <span class='ocrx_word' id='word_1_34' title='bbox 898 568 967 593; x_wconf 85' lang='lat' dir='ltr'>tam</span> <span class='ocrx_word' id='word_1_35' title='bbox 985 560 1079 605; x_wconf 84' lang='lat' dir='ltr'>apud</span> <span class='ocrx_word' id='word_1_36' title='bbox 1101 566 1337 605; x_wconf 84' lang='lat' dir='ltr'>procurantes</span> <span class='ocrx_word' id='word_1_37' title='bbox 1355 557 1476 590; x_wconf 90' lang='lat' dir='ltr'>debite</span> <span class='ocrx_word' id='word_1_38' title='bbox 1496 557 1599 590; x_wconf 86' lang='lat' dir='ltr'>istam</span> <span class='ocrx_word' id='word_1_39' title='bbox 1616 557 1722 598; x_wconf 87' lang='lat' dir='ltr'>viam,</span> <span class='ocrx_word' id='word_1_40' title='bbox 1741 557 1845 602; x_wconf 86' lang='lat' dir='ltr'>quam</span> <span class='ocrx_word' id='word_1_41' title='bbox 1868 555 1963 601; x_wconf 86' lang='lat' dir='ltr'>apud</span> <span class='ocrx_word' id='word_1_42' title='bbox 1984 555 2169 597; x_wconf 87' lang='lat' dir='ltr'>cedentes,</span> <span class='ocrx_word' id='word_1_43' title='bbox 2188 562 2223 588; x_wconf 90' lang='lat' dir='ltr'>et</span> <span class='ocrx_word' id='word_1_44' title='bbox 2243 555 2325 601; x_wconf 92' lang='lat' dir='ltr'>plus</span> 
     </span>
     <span class='ocr_line' id='line_1_5' title="bbox 462 621 2326 673; baseline -0.004 -11"><span class='ocrx_word' id='word_1_45' title='bbox 462 629 504 662; x_wconf 88' lang='lat' dir='ltr'>ad</span> <span class='ocrx_word' id='word_1_46' title='bbox 527 640 635 661; x_wconf 92' lang='lat' dir='ltr'>unum</span> <span class='ocrx_word' id='word_1_47' title='bbox 658 639 796 673; x_wconf 83' lang='lat' dir='ltr'>papam.</span> <span class='ocrx_word' id='word_1_48' title='bbox 828 628 871 660; x_wconf 89' lang='lat' dir='ltr'>Et</span> <span class='ocrx_word' id='word_1_49' title='bbox 900 626 1075 672; x_wconf 81' lang='lat' dir='ltr'>tangatis⁵</span> <span class='ocrx_word' id='word_1_50' title='bbox 1097 626 1225 658; x_wconf 85' lang='lat' dir='ltr'>modos</span> <span class='ocrx_word' id='word_1_51' title='bbox 1247 636 1311 670; x_wconf 91' lang='lat' dir='ltr'>per</span> <span class='ocrx_word' id='word_1_52' title='bbox 1333 636 1424 669; x_wconf 90' lang='lat' dir='ltr'>quos</span> <span class='ocrx_word' id='word_1_53' title='bbox 1454 623 1573 668; x_wconf 83' lang='lat' dir='ltr'>possit</span> <span class='ocrx_word' id='word_1_54' title='bbox 1601 623 1680 656; x_wconf 85' lang='lat' dir='ltr'>fieri</span> <span class='ocrx_word' id='word_1_55' title='bbox 1707 623 1840 656; x_wconf 91' lang='lat' dir='ltr'>cessio.</span> <span class='ocrx_word' id='word_1_56' title='bbox 1864 622 2130 667; x_wconf 85' lang='lat' dir='ltr'>Respondeatis</span> <span class='ocrx_word' id='word_1_57' title='bbox 2151 621 2326 667; x_wconf 83' lang='lat' dir='ltr'>objectio-</span> 
     </span>
    </p>
   </div>
   <div class='ocr_carea' id='block_1_3' title="bbox 462 691 1326 739">
    <p class='ocr_par' dir='ltr' id='par_1_4' title="bbox 462 691 1326 739">
     <span class='ocr_line' id='line_1_6' title="bbox 462 691 1326 739; baseline -0.005 -12"><span class='ocrx_word' id='word_1_58' title='bbox 462 694 569 727; x_wconf 86' lang='lat' dir='ltr'>nibus</span> <span class='ocrx_word' id='word_1_59' title='bbox 592 693 832 739; x_wconf 88' lang='lat' dir='ltr'>possibilibus</span> <span class='ocrx_word' id='word_1_60' title='bbox 853 693 930 726; x_wconf 88' lang='lat' dir='ltr'>fieri</span> <span class='ocrx_word' id='word_1_61' title='bbox 952 699 1076 726; x_wconf 88' lang='lat' dir='ltr'>contra</span> <span class='ocrx_word' id='word_1_62' title='bbox 1097 692 1200 724; x_wconf 86' lang='lat' dir='ltr'>istam</span> <span class='ocrx_word' id='word_1_63' title='bbox 1221 691 1326 724; x_wconf 87' lang='lat' dir='ltr'>viam.</span> 
     </span>
    </p>
   </div>
   <div class='ocr_carea' id='block_1_4' title="bbox 463 755 2329 1136">
    <p class='ocr_par' dir='ltr' id='par_1_5' title="bbox 463 755 2325 871">
     <span class='ocr_line' id='line_1_7' title="bbox 553 755 2325 803; baseline -0.003 -10"><span class='ocrx_word' id='word_1_64' title='bbox 553 761 606 793; x_wconf 85' lang='lat'>16⁰</span> <span class='ocrx_word' id='word_1_65' title='bbox 632 760 822 799; x_wconf 88' lang='lat' dir='ltr'>Tractetis,</span> <span class='ocrx_word' id='word_1_66' title='bbox 846 771 889 792; x_wconf 84' lang='lat' dir='ltr'>an</span> <span class='ocrx_word' id='word_1_67' title='bbox 910 760 967 793; x_wconf 77' lang='lat' dir='ltr'>via</span> <span class='ocrx_word' id='word_1_68' title='bbox 992 758 1175 803; x_wconf 78' lang='lat' dir='ltr'>cujusdam</span> <span class='ocrx_word' id='word_1_69' title='bbox 1200 757 1378 798; x_wconf 80' lang='lat' dir='ltr'>concz&#39;lii⁶,</span> <span class='ocrx_word' id='word_1_70' title='bbox 1403 756 1439 789; x_wconf 91' lang='lat' dir='ltr'>in</span> <span class='ocrx_word' id='word_1_71' title='bbox 1461 768 1530 801; x_wconf 89' lang='lat' dir='ltr'>qua</span> <span class='ocrx_word' id='word_1_72' title='bbox 1550 755 1654 789; x_wconf 82' lang='lat' dir='ltr'><strong>ambe</strong></span> <span class='ocrx_word' id='word_1_73' title='bbox 1675 763 1796 801; x_wconf 87' lang='lat' dir='ltr'>partes</span> <span class='ocrx_word' id='word_1_74' title='bbox 1817 755 2079 796; x_wconf 77' lang='lat' dir='ltr'>consentirent,</span> <span class='ocrx_word' id='word_1_75' title='bbox 2102 761 2201 788; x_wconf 88' lang='lat' dir='ltr'>esset</span> <span class='ocrx_word' id='word_1_76' title='bbox 2221 755 2325 788; x_wconf 88' lang='lat' dir='ltr'>etiam</span> 
     </span>
     <span class='ocr_line' id='line_1_8' title="bbox 463 823 1619 871; baseline -0.004 -11"><span class='ocrx_word' id='word_1_77' title='bbox 463 828 517 860; x_wconf 80' lang='lat' dir='ltr'>via</span> <span class='ocrx_word' id='word_1_78' title='bbox 537 827 643 860; x_wconf 82' lang='lat' dir='ltr'>bona.</span> <span class='ocrx_word' id='word_1_79' title='bbox 668 826 931 871; x_wconf 83' lang='lat' dir='ltr'>Respondeatis</span> <span class='ocrx_word' id='word_1_80' title='bbox 953 824 1223 869; x_wconf 88' lang='lat' dir='ltr'>objectionibus</span> <span class='ocrx_word' id='word_1_81' title='bbox 1245 830 1369 856; x_wconf 82' lang='lat' dir='ltr'>contra</span> <span class='ocrx_word' id='word_1_82' title='bbox 1389 823 1493 856; x_wconf 81' lang='lat' dir='ltr'>istam</span> <span class='ocrx_word' id='word_1_83' title='bbox 1513 823 1619 856; x_wconf 86' lang='lat' dir='ltr'>viam.</span> 
     </span>
    </p>

    <p class='ocr_par' dir='ltr' id='par_1_6' title="bbox 463 888 2328 1070">
     <span class='ocr_line' id='line_1_9' title="bbox 553 888 2327 936; baseline -0.003 -10"><span class='ocrx_word' id='word_1_84' title='bbox 553 895 607 927; x_wconf 83' lang='lat'>17⁰</span> <span class='ocrx_word' id='word_1_85' title='bbox 631 893 736 935; x_wconf 89' lang='lat' dir='ltr'>Quod</span> <span class='ocrx_word' id='word_1_86' title='bbox 759 893 813 925; x_wconf 84' lang='lat' dir='ltr'>via</span> <span class='ocrx_word' id='word_1_87' title='bbox 837 891 993 925; x_wconf 84' lang='lat' dir='ltr'>Concilii</span> <span class='ocrx_word' id='word_1_88' title='bbox 1009 891 1191 936; x_wconf 75' lang='lat' dir='ltr'>generalis</span> <span class='ocrx_word' id='word_1_89' title='bbox 1211 889 1410 923; x_wconf 82' lang='lat' dir='ltr'>formaliter</span> <span class='ocrx_word' id='word_1_90' title='bbox 1427 896 1462 922; x_wconf 90' lang='lat' dir='ltr'>et</span> <span class='ocrx_word' id='word_1_91' title='bbox 1482 888 1750 934; x_wconf 79' lang='lat' dir='ltr'>equivalenter⁷</span> <span class='ocrx_word' id='word_1_92' title='bbox 1769 896 1867 922; x_wconf 89' lang='lat' dir='ltr'>esset</span> <span class='ocrx_word' id='word_1_93' title='bbox 1888 889 1993 922; x_wconf 88' lang='lat' dir='ltr'>etiam</span> <span class='ocrx_word' id='word_1_94' title='bbox 2010 889 2067 922; x_wconf 88' lang='lat' dir='ltr'>via</span> <span class='ocrx_word' id='word_1_95' title='bbox 2087 888 2180 921; x_wconf 92' lang='lat' dir='ltr'>bene</span> <span class='ocrx_word' id='word_1_96' title='bbox 2197 899 2327 933; x_wconf 86' lang='lat' dir='ltr'>appro-</span> 
     </span>
     <span class='ocr_line' id='line_1_10' title="bbox 463 955 2328 1001; baseline -0.003 -8"><span class='ocrx_word' id='word_1_97' title='bbox 463 960 591 1001; x_wconf 80' lang='lat' dir='ltr'>banda,</span> <span class='ocrx_word' id='word_1_98' title='bbox 614 971 686 992; x_wconf 89' lang='lat' dir='ltr'>non</span> <span class='ocrx_word' id='word_1_99' title='bbox 708 966 775 992; x_wconf 84' lang='lat' dir='ltr'>tam</span> <span class='ocrx_word' id='word_1_100' title='bbox 800 958 843 991; x_wconf 85' lang='lat' dir='ltr'>ad</span> <span class='ocrx_word' id='word_1_101' title='bbox 869 958 1137 990; x_wconf 84' lang='lat' dir='ltr'>discussionem</span> <span class='ocrx_word' id='word_1_102' title='bbox 1155 957 1251 1001; x_wconf 88' lang='lat' dir='ltr'>juris</span> <span class='ocrx_word' id='word_1_103' title='bbox 1277 957 1444 1001; x_wconf 83' lang='lat' dir='ltr'>partium,</span> <span class='ocrx_word' id='word_1_104' title='bbox 1468 968 1573 1001; x_wconf 84' lang='lat' dir='ltr'>quam</span> <span class='ocrx_word' id='word_1_105' title='bbox 1594 955 1639 989; x_wconf 82' lang='lat' dir='ltr'>ad</span> <span class='ocrx_word' id='word_1_106' title='bbox 1662 956 1927 1001; x_wconf 84' lang='lat' dir='ltr'>procurandam</span> <span class='ocrx_word' id='word_1_107' title='bbox 1948 955 2055 1001; x_wconf 88' lang='lat' dir='ltr'>plene</span> <span class='ocrx_word' id='word_1_108' title='bbox 2077 955 2261 988; x_wconf 84' lang='lat' dir='ltr'>unionem.</span> <span class='ocrx_word' id='word_1_109' title='bbox 2286 955 2328 987; x_wconf 81' lang='lat' dir='ltr'>Et</span> 
     </span>
     <span class='ocr_line' id='line_1_11' title="bbox 463 1022 1584 1070; baseline -0.004 -11"><span class='ocrx_word' id='word_1_110' title='bbox 463 1026 590 1059; x_wconf 88' lang='lat' dir='ltr'>modos</span> <span class='ocrx_word' id='word_1_111' title='bbox 612 1025 778 1070; x_wconf 84' lang='lat' dir='ltr'>tangatis.</span> <span class='ocrx_word' id='word_1_112' title='bbox 802 1024 1067 1069; x_wconf 84' lang='lat' dir='ltr'>Respondeatis</span> <span class='ocrx_word' id='word_1_113' title='bbox 1088 1023 1359 1068; x_wconf 87' lang='lat' dir='ltr'>objectionibus</span> <span class='ocrx_word' id='word_1_114' title='bbox 1379 1022 1584 1056; x_wconf 84' lang='lat' dir='ltr'>contrariis.</span> 
     </span>
    </p>

    <p class='ocr_par' dir='ltr' id='par_1_7' title="bbox 554 1086 2329 1136">
     <span class='ocr_line' id='line_1_12' title="bbox 554 1086 2329 1136; baseline -0.003 -11"><span class='ocrx_word' id='word_1_115' title='bbox 554 1093 607 1125; x_wconf 81' lang='grc' dir='ltr'>18ο</span> <span class='ocrx_word' id='word_1_116' title='bbox 632 1092 736 1134; x_wconf 87' lang='lat' dir='ltr'>Quod</span> <span class='ocrx_word' id='word_1_117' title='bbox 768 1091 955 1136; x_wconf 80' lang='lat' dir='ltr'>expediret</span> <span class='ocrx_word' id='word_1_118' title='bbox 985 1090 1088 1123; x_wconf 85' lang='lat' dir='ltr'>etiam</span> <span class='ocrx_word' id='word_1_119' title='bbox 1127 1090 1205 1123; x_wconf 87' lang='lat' dir='ltr'>fieri</span> <span class='ocrx_word' id='word_1_120' title='bbox 1241 1089 1445 1123; x_wconf 87' lang='lat' dir='ltr'>Concilium</span> <span class='ocrx_word' id='word_1_121' title='bbox 1480 1088 1652 1134; x_wconf 83' lang='lat' dir='ltr'>generale</span> <span class='ocrx_word' id='word_1_122' title='bbox 1682 1088 1726 1121; x_wconf 87' lang='lat' dir='ltr'>ad</span> <span class='ocrx_word' id='word_1_123' title='bbox 1758 1089 2029 1122; x_wconf 84' lang='lat' dir='ltr'>reformandum</span> <span class='ocrx_word' id='word_1_124' title='bbox 2062 1099 2182 1121; x_wconf 88' lang='lat' dir='ltr'>mores</span> <span class='ocrx_word' id='word_1_125' title='bbox 2211 1086 2329 1120; x_wconf 56' lang='lat' dir='ltr'>eccless</span> 
     </span>
    </p>
   </div>
   <div class='ocr_carea' id='block_1_5' title="bbox 462 1159 2329 1668">
    <p class='ocr_par' dir='ltr' id='par_1_8' title="bbox 462 1159 702 1192">
     <span class='ocr_line' id='line_1_13' title="bbox 462 1159 702 1192; baseline -0.004 -1"><span class='ocrx_word' id='word_1_126' title='bbox 462 1159 702 1192; x_wconf 85' lang='lat' dir='ltr'>siasticorum.</span> 
     </span>
    </p>

    <p class='ocr_par' dir='ltr' id='par_1_9' title="bbox 462 1219 2329 1336">
     <span class='ocr_line' id='line_1_14' title="bbox 552 1219 2329 1268; baseline -0.002 -11"><span class='ocrx_word' id='word_1_127' title='bbox 552 1226 605 1258; x_wconf 86' lang='lat'>19⁰</span> <span class='ocrx_word' id='word_1_128' title='bbox 631 1223 737 1267; x_wconf 89' lang='lat' dir='ltr'>Quod</span> <span class='ocrx_word' id='word_1_129' title='bbox 759 1223 944 1268; x_wconf 85' lang='lat' dir='ltr'>expediret</span> <span class='ocrx_word' id='word_1_130' title='bbox 967 1223 1064 1268; x_wconf 91' lang='lat' dir='ltr'>quod</span> <span class='ocrx_word' id='word_1_131' title='bbox 1085 1223 1215 1256; x_wconf 85' lang='lat' dir='ltr'>fierent</span> <span class='ocrx_word' id='word_1_132' title='bbox 1235 1222 1399 1257; x_wconf 85' lang='lat' dir='ltr'>Concilia</span> <span class='ocrx_word' id='word_1_133' title='bbox 1421 1221 1674 1267; x_wconf 79' lang='lat' dir='ltr'>provincialia3</span> <span class='ocrx_word' id='word_1_134' title='bbox 1693 1228 1728 1254; x_wconf 89' lang='lat' dir='ltr'>et</span> <span class='ocrx_word' id='word_1_135' title='bbox 1748 1233 1813 1266; x_wconf 89' lang='lat' dir='ltr'>pro</span> <span class='ocrx_word' id='word_1_136' title='bbox 1834 1221 1902 1254; x_wconf 95' lang='lat' dir='ltr'>hoc</span> <span class='ocrx_word' id='word_1_137' title='bbox 1924 1221 2059 1254; x_wconf 82' lang='lat' dir='ltr'>instare</span> <span class='ocrx_word' id='word_1_138' title='bbox 2080 1219 2216 1253; x_wconf 89' lang='lat' dir='ltr'>debent</span> <span class='ocrx_word' id='word_1_139' title='bbox 2234 1220 2329 1265; x_wconf 88' lang='lat' dir='ltr'>prin-</span> 
     </span>
     <span class='ocr_line' id='line_1_15' title="bbox 462 1290 1186 1336; baseline -0.001 -12"><span class='ocrx_word' id='word_1_140' title='bbox 462 1292 573 1336; x_wconf 77' lang='lat' dir='ltr'>cipes,</span> <span class='ocrx_word' id='word_1_141' title='bbox 595 1291 626 1323; x_wconf 93' lang='lat' dir='ltr'>si</span> <span class='ocrx_word' id='word_1_142' title='bbox 647 1290 774 1335; x_wconf 86' lang='lat' dir='ltr'>prelati</span> <span class='ocrx_word' id='word_1_143' title='bbox 796 1297 918 1323; x_wconf 88' lang='lat' dir='ltr'>essent</span> <span class='ocrx_word' id='word_1_144' title='bbox 942 1290 1186 1335; x_wconf 84' lang='lat' dir='ltr'>negligentes.</span> 
     </span>
    </p>

    <p class='ocr_par' dir='ltr' id='par_1_10' title="bbox 463 1353 2327 1469">
     <span class='ocr_line' id='line_1_16' title="bbox 550 1353 2327 1398; baseline -0.001 -9"><span class='ocrx_word' id='word_1_145' title='bbox 550 1358 606 1390; x_wconf 81' lang='lat'>20⁰</span> <span class='ocrx_word' id='word_1_146' title='bbox 633 1357 822 1390; x_wconf 86' lang='lat' dir='ltr'>Exhortari</span> <span class='ocrx_word' id='word_1_147' title='bbox 838 1356 998 1398; x_wconf 89' lang='lat' dir='ltr'>debe[n]t</span> <span class='ocrx_word' id='word_1_148' title='bbox 1016 1369 1077 1390; x_wconf 87' lang='lat' dir='ltr'>rex</span> <span class='ocrx_word' id='word_1_149' title='bbox 1094 1364 1127 1390; x_wconf 82' lang='lat' dir='ltr'>et</span> <span class='ocrx_word' id='word_1_150' title='bbox 1149 1356 1278 1390; x_wconf 83' lang='lat' dir='ltr'>fideles</span> <span class='ocrx_word' id='word_1_151' title='bbox 1299 1356 1343 1389; x_wconf 88' lang='lat' dir='ltr'>ad</span> <span class='ocrx_word' id='word_1_152' title='bbox 1359 1356 1544 1389; x_wconf 83' lang='lat' dir='ltr'>vitandum</span> <span class='ocrx_word' id='word_1_153' title='bbox 1562 1354 1876 1389; x_wconf 86' lang='lat' dir='ltr'>dissimulationes</span> <span class='ocrx_word' id='word_1_154' title='bbox 1892 1355 1936 1388; x_wconf 87' lang='lat' dir='ltr'>ad</span> <span class='ocrx_word' id='word_1_155' title='bbox 1952 1355 2040 1388; x_wconf 84' lang='lat' dir='ltr'>istas</span> <span class='ocrx_word' id='word_1_156' title='bbox 2055 1354 2114 1388; x_wconf 88' lang='lat' dir='ltr'>vel</span> <span class='ocrx_word' id='word_1_157' title='bbox 2129 1353 2218 1388; x_wconf 87' lang='lat' dir='ltr'>alias</span> <span class='ocrx_word' id='word_1_158' title='bbox 2236 1353 2327 1394; x_wconf 86' lang='lat' dir='ltr'>viaS,</span> 
     </span>
     <span class='ocr_line' id='line_1_17' title="bbox 463 1421 2121 1469; baseline -0.002 -13"><span class='ocrx_word' id='word_1_159' title='bbox 463 1425 493 1457; x_wconf 90' lang='lat' dir='ltr'>si</span> <span class='ocrx_word' id='word_1_160' title='bbox 515 1436 583 1469; x_wconf 93' lang='lat' dir='ltr'>que</span> <span class='ocrx_word' id='word_1_161' title='bbox 605 1424 854 1468; x_wconf 86' lang='lat' dir='ltr'>reperirentur</span> <span class='ocrx_word' id='word_1_162' title='bbox 874 1423 969 1456; x_wconf 91' lang='lat' dir='ltr'>bone</span> <span class='ocrx_word' id='word_1_163' title='bbox 991 1423 1033 1456; x_wconf 78' lang='lat' dir='ltr'>ad</span> <span class='ocrx_word' id='word_1_164' title='bbox 1058 1423 1323 1468; x_wconf 89' lang='lat' dir='ltr'>procurandum</span> <span class='ocrx_word' id='word_1_165' title='bbox 1347 1423 1533 1464; x_wconf 86' lang='lat' dir='ltr'>unionem,</span> <span class='ocrx_word' id='word_1_166' title='bbox 1555 1428 1689 1455; x_wconf 85' lang='lat' dir='ltr'>attenta</span> <span class='ocrx_word' id='word_1_167' title='bbox 1710 1421 1896 1455; x_wconf 85' lang='lat' dir='ltr'>excessiva</span> <span class='ocrx_word' id='word_1_168' title='bbox 1918 1421 2121 1454; x_wconf 86' lang='lat' dir='ltr'>duratione.</span> 
     </span>
    </p>

    <p class='ocr_par' dir='ltr' id='par_1_11' title="bbox 464 1485 2328 1601">
     <span class='ocr_line' id='line_1_18' title="bbox 550 1485 2328 1535; baseline -0.002 -13"><span class='ocrx_word' id='word_1_169' title='bbox 550 1491 606 1523; x_wconf 82' lang='lat'>21⁰</span> <span class='ocrx_word' id='word_1_170' title='bbox 632 1491 830 1523; x_wconf 88' lang='lat' dir='ltr'>Hortentur</span> <span class='ocrx_word' id='word_1_171' title='bbox 858 1489 986 1523; x_wconf 87' lang='lat' dir='ltr'>fideles</span> <span class='ocrx_word' id='word_1_172' title='bbox 1012 1489 1056 1523; x_wconf 86' lang='lat' dir='ltr'>ad</span> <span class='ocrx_word' id='word_1_173' title='bbox 1086 1490 1359 1535; x_wconf 74' lang='lat' dir='ltr'>processiones,</span> <span class='ocrx_word' id='word_1_174' title='bbox 1383 1489 1568 1522; x_wconf 85' lang='lat' dir='ltr'>orationes</span> <span class='ocrx_word' id='word_1_175' title='bbox 1589 1495 1624 1522; x_wconf 90' lang='lat' dir='ltr'>et</span> <span class='ocrx_word' id='word_1_176' title='bbox 1651 1488 1866 1521; x_wconf 75' lang='lat' dir='ltr'>afflictiones</span> <span class='ocrx_word' id='word_1_177' title='bbox 1892 1499 1957 1533; x_wconf 92' lang='lat' dir='ltr'>pro</span> <span class='ocrx_word' id='word_1_178' title='bbox 1982 1486 2206 1533; x_wconf 86' lang='lat' dir='ltr'>impetranda</span> <span class='ocrx_word' id='word_1_179' title='bbox 2233 1485 2328 1532; x_wconf 90' lang='lat' dir='ltr'>apud</span> 
     </span>
     <span class='ocr_line' id='line_1_19' title="bbox 464 1556 1241 1601; baseline 0 -12"><span class='ocrx_word' id='word_1_180' title='bbox 464 1558 575 1589; x_wconf 90' lang='lat' dir='ltr'>Deum</span> <span class='ocrx_word' id='word_1_181' title='bbox 597 1556 751 1601; x_wconf 89' lang='lat' dir='ltr'>alicujus</span> <span class='ocrx_word' id='word_1_182' title='bbox 773 1556 867 1589; x_wconf 90' lang='lat' dir='ltr'>bone</span> <span class='ocrx_word' id='word_1_183' title='bbox 889 1557 945 1589; x_wconf 87' lang='lat' dir='ltr'>vie</span> <span class='ocrx_word' id='word_1_184' title='bbox 967 1557 1241 1601; x_wconf 87' lang='lat' dir='ltr'>prosequtione.</span> 
     </span>
    </p>

    <p class='ocr_par' dir='ltr' id='par_1_12' title="bbox 550 1620 2328 1668">
     <span class='ocr_line' id='line_1_20' title="bbox 550 1620 2328 1668; baseline -0.001 -13"><span class='ocrx_word' id='word_1_185' title='bbox 550 1624 607 1655; x_wconf 86' lang='lat'>22⁰</span> <span class='ocrx_word' id='word_1_186' title='bbox 630 1623 826 1655; x_wconf 77' lang='lat' dir='ltr'>Audaciam</span> <span class='ocrx_word' id='word_1_187' title='bbox 844 1623 950 1655; x_wconf 88' lang='lat' dir='ltr'>bonis</span> <span class='ocrx_word' id='word_1_188' title='bbox 968 1623 1123 1656; x_wconf 89' lang='lat' dir='ltr'>ecclesie</span> <span class='ocrx_word' id='word_1_189' title='bbox 1140 1623 1226 1656; x_wconf 88' lang='lat' dir='ltr'>filiis</span> <span class='ocrx_word' id='word_1_190' title='bbox 1241 1624 1440 1668; x_wconf 85' lang='lat' dir='ltr'>imponant,</span> <span class='ocrx_word' id='word_1_191' title='bbox 1458 1635 1502 1656; x_wconf 91' lang='lat' dir='ltr'>ne</span> <span class='ocrx_word' id='word_1_192' title='bbox 1519 1622 1706 1655; x_wconf 87' lang='lat' dir='ltr'>hominum</span> <span class='ocrx_word' id='word_1_193' title='bbox 1724 1629 1842 1655; x_wconf 92' lang='lat' dir='ltr'>terror</span> <span class='ocrx_word' id='word_1_194' title='bbox 1858 1628 1918 1654; x_wconf 85' lang='lat' dir='ltr'>aut</span> <span class='ocrx_word' id='word_1_195' title='bbox 1938 1620 2156 1666; x_wconf 86' lang='lat' dir='ltr'>temporales</span> <span class='ocrx_word' id='word_1_196' title='bbox 2170 1620 2328 1653; x_wconf 84' lang='lat' dir='ltr'>afflictio·</span> 
     </span>
    </p>
   </div>
   <div class='ocr_carea' id='block_1_6' title="bbox 462 1689 1289 1734">
    <p class='ocr_par' dir='ltr' id='par_1_13' title="bbox 462 1689 1289 1734">
     <span class='ocr_line' id='line_1_21' title="bbox 462 1689 1289 1734; baseline 0 -11"><span class='ocrx_word' id='word_1_197' title='bbox 462 1702 527 1723; x_wconf 90' lang='lat' dir='ltr'>nes</span> <span class='ocrx_word' id='word_1_198' title='bbox 549 1701 611 1722; x_wconf 88' lang='lat' dir='ltr'>eos</span> <span class='ocrx_word' id='word_1_199' title='bbox 632 1689 674 1722; x_wconf 84' lang='lat' dir='ltr'>ab</span> <span class='ocrx_word' id='word_1_200' title='bbox 696 1689 760 1722; x_wconf 84' lang='lat' dir='ltr'>hac</span> <span class='ocrx_word' id='word_1_201' title='bbox 782 1690 1069 1734; x_wconf 88' lang='lat' dir='ltr'>prosequutione</span> <span class='ocrx_word' id='word_1_202' title='bbox 1092 1690 1289 1723; x_wconf 81' lang='lat' dir='ltr'>retardent.</span> 
     </span>
    </p>
   </div>
   <div class='ocr_carea' id='block_1_7' title="bbox 459 1784 2362 2796">
    <p class='ocr_par' dir='ltr' id='par_1_14' title="bbox 459 1784 2362 2176">
     <span class='ocr_line' id='line_1_22' title="bbox 553 1784 2327 1819; baseline -0.002 -9"><span class='ocrx_word' id='word_1_203' title='bbox 553 1787 629 1810; x_wconf 77' lang='lat' dir='ltr'>Arch.</span> <span class='ocrx_word' id='word_1_204' title='bbox 645 1788 711 1815; x_wconf 65' lang='lat' dir='ltr'>vat„</span> <span class='ocrx_word' id='word_1_205' title='bbox 727 1795 793 1810; x_wconf 83' lang='lat' dir='ltr'>arm.</span> <span class='ocrx_word' id='word_1_206' title='bbox 808 1788 845 1816; x_wconf 79' lang='lat'>54,</span> <span class='ocrx_word' id='word_1_207' title='bbox 862 1792 891 1810; x_wconf 74' lang='lat'>110</span> <span class='ocrx_word' id='word_1_208' title='bbox 906 1788 944 1815; x_wconf 80' lang='lat'>21,</span> <span class='ocrx_word' id='word_1_209' title='bbox 962 1788 1007 1811; x_wconf 86' lang='lat' dir='ltr'>sol.</span> <span class='ocrx_word' id='word_1_210' title='bbox 1020 1789 1058 1815; x_wconf 75' lang='lat'>32,</span> <span class='ocrx_word' id='word_1_211' title='bbox 1074 1788 1127 1815; x_wconf 88' lang='lat' dir='ltr'>ubi,</span> <span class='ocrx_word' id='word_1_212' title='bbox 1148 1789 1197 1811; x_wconf 89' lang='lat' dir='ltr'>sub</span> <span class='ocrx_word' id='word_1_213' title='bbox 1215 1788 1323 1811; x_wconf 81' lang='lat' dir='ltr'>rubrica</span> <span class='ocrx_word' id='word_1_214' title='bbox 1340 1788 1401 1811; x_wconf 89' lang='lat' dir='ltr'>data</span> <span class='ocrx_word' id='word_1_215' title='bbox 1416 1796 1507 1819; x_wconf 80' lang='lat' dir='ltr'>supra,</span> <span class='ocrx_word' id='word_1_216' title='bbox 1523 1788 1679 1811; x_wconf 87' lang='lat' dir='ltr'>documenta</span> <span class='ocrx_word' id='word_1_217' title='bbox 1694 1787 1728 1810; x_wconf 65' lang='lat' dir='ltr'>ni*</span> <span class='ocrx_word' id='word_1_218' title='bbox 1740 1788 1809 1815; x_wconf 83' lang='lat'>1677,</span> <span class='ocrx_word' id='word_1_219' title='bbox 1829 1787 1890 1810; x_wconf 84' lang='grc'>1679</span> <span class='ocrx_word' id='word_1_220' title='bbox 1906 1789 1931 1809; x_wconf 88' lang='lat' dir='ltr'>et</span> <span class='ocrx_word' id='word_1_221' title='bbox 1944 1786 2005 1809; x_wconf 85' lang='grc'>1680</span> <span class='ocrx_word' id='word_1_222' title='bbox 2017 1785 2088 1809; x_wconf 88' lang='lat' dir='ltr'>edita</span> <span class='ocrx_word' id='word_1_223' title='bbox 2101 1784 2245 1816; x_wconf 83' lang='lat' dir='ltr'>praecedit.</span> <span class='ocrx_word' id='word_1_224' title='bbox 2259 1784 2327 1808; x_wconf 81' lang='lat' dir='ltr'>Haec</span> 
     </span>
     <span class='ocr_line' id='line_1_23' title="bbox 460 1829 2329 1864; baseline -0.001 -10"><span class='ocrx_word' id='word_1_225' title='bbox 460 1835 556 1863; x_wconf 82' lang='lat' dir='ltr'>puncta</span> <span class='ocrx_word' id='word_1_226' title='bbox 572 1835 632 1862; x_wconf 88' lang='lat' dir='ltr'>post</span> <span class='ocrx_word' id='word_1_227' title='bbox 646 1831 717 1854; x_wconf 88' lang='lat' dir='ltr'>Junii</span> <span class='ocrx_word' id='word_1_228' title='bbox 730 1833 744 1854; x_wconf 80' lang='lat'><strong>6</strong></span> <span class='ocrx_word' id='word_1_229' title='bbox 758 1832 879 1862; x_wconf 84' lang='lat' dir='ltr'>ponenda</span> <span class='ocrx_word' id='word_1_230' title='bbox 899 1835 967 1860; x_wconf 78' lang='lat' dir='ltr'>sunt,</span> <span class='ocrx_word' id='word_1_231' title='bbox 983 1841 1042 1855; x_wconf 90' lang='lat' dir='ltr'>cum</span> <span class='ocrx_word' id='word_1_232' title='bbox 1059 1833 1083 1855; x_wconf 89' lang='lat' dir='ltr'>in</span> <span class='ocrx_word' id='word_1_233' title='bbox 1099 1833 1213 1864; x_wconf 78' lang='lat' dir='ltr'>epistola</span> <span class='ocrx_word' id='word_1_234' title='bbox 1233 1833 1305 1856; x_wconf 82' lang='lat' dir='ltr'>Junii</span> <span class='ocrx_word' id='word_1_235' title='bbox 1321 1834 1335 1856; x_wconf 88' lang='grc'><strong>6</strong></span> <span class='ocrx_word' id='word_1_236' title='bbox 1350 1835 1478 1856; x_wconf 83' lang='lat' dir='ltr'>tractatus</span> <span class='ocrx_word' id='word_1_237' title='bbox 1500 1831 1687 1863; x_wconf 76' lang='lat' dir='ltr'>componendi</span> <span class='ocrx_word' id='word_1_238' title='bbox 1706 1831 1803 1854; x_wconf 77' lang='lat' dir='ltr'>mentio</span> <span class='ocrx_word' id='word_1_239' title='bbox 1819 1831 1865 1854; x_wconf 82' lang='lat' dir='ltr'>fiat</span> <span class='ocrx_word' id='word_1_240' title='bbox 1880 1830 1943 1860; x_wconf 85' lang='lat' dir='ltr'>(vid.</span> <span class='ocrx_word' id='word_1_241' title='bbox 1958 1834 2009 1852; x_wconf 76' lang='lat' dir='ltr'>num</span> <span class='ocrx_word' id='word_1_242' title='bbox 2025 1830 2096 1858; x_wconf 84' lang='lat'>1683,</span> <span class='ocrx_word' id='word_1_243' title='bbox 2111 1831 2166 1853; x_wconf 75' lang='lat' dir='ltr'>not.</span> <span class='ocrx_word' id='word_1_244' title='bbox 2182 1829 2232 1859; x_wconf 83' lang='grc'>12).</span> <span class='ocrx_word' id='word_1_245' title='bbox 2248 1829 2284 1853; x_wconf 76' lang='lat' dir='ltr'>Ut</span> <span class='ocrx_word' id='word_1_246' title='bbox 2297 1836 2329 1852; x_wconf 75' lang='lat' dir='ltr'>ex</span> 
     </span>
     <span class='ocr_line' id='line_1_24' title="bbox 461 1872 2330 1908; baseline -0.002 -9"><span class='ocrx_word' id='word_1_247' title='bbox 461 1876 510 1899; x_wconf 83' lang='lat' dir='ltr'>ista</span> <span class='ocrx_word' id='word_1_248' title='bbox 527 1876 638 1907; x_wconf 87' lang='lat' dir='ltr'>epistola</span> <span class='ocrx_word' id='word_1_249' title='bbox 654 1876 732 1899; x_wconf 86' lang='lat' dir='ltr'>etiam</span> <span class='ocrx_word' id='word_1_250' title='bbox 747 1879 866 1907; x_wconf 70' lang='lat' dir='ltr'>apparet,</span> <span class='ocrx_word' id='word_1_251' title='bbox 882 1877 1047 1900; x_wconf 83' lang='lat' dir='ltr'>Universitas</span> <span class='ocrx_word' id='word_1_252' title='bbox 1062 1877 1093 1900; x_wconf 87' lang='lat' dir='ltr'>de</span> <span class='ocrx_word' id='word_1_253' title='bbox 1108 1880 1163 1900; x_wconf 83' lang='lat' dir='ltr'>tota</span> <span class='ocrx_word' id='word_1_254' title='bbox 1178 1877 1204 1900; x_wconf 93' lang='lat' dir='ltr'>in</span> <span class='ocrx_word' id='word_1_255' title='bbox 1216 1885 1311 1908; x_wconf 81' lang='lat' dir='ltr'>genere</span> <span class='ocrx_word' id='word_1_256' title='bbox 1326 1877 1445 1905; x_wconf 81' lang='lat' dir='ltr'>materia,</span> <span class='ocrx_word' id='word_1_257' title='bbox 1458 1885 1509 1900; x_wconf 88' lang='lat' dir='ltr'>non</span> <span class='ocrx_word' id='word_1_258' title='bbox 1525 1877 1611 1899; x_wconf 85' lang='lat' dir='ltr'>solum</span> <span class='ocrx_word' id='word_1_259' title='bbox 1624 1877 1655 1899; x_wconf 91' lang='lat' dir='ltr'>de</span> <span class='ocrx_word' id='word_1_260' title='bbox 1671 1875 1783 1899; x_wconf 86' lang='lat' dir='ltr'>diversis</span> <span class='ocrx_word' id='word_1_261' title='bbox 1795 1875 1856 1903; x_wconf 79' lang='lat' dir='ltr'>viis,</span> <span class='ocrx_word' id='word_1_262' title='bbox 1867 1878 2010 1898; x_wconf 83' lang='lat' dir='ltr'>tractatum</span> <span class='ocrx_word' id='word_1_263' title='bbox 2022 1881 2179 1905; x_wconf 85' lang='lat' dir='ltr'>componere</span> <span class='ocrx_word' id='word_1_264' title='bbox 2189 1872 2330 1904; x_wconf 74' lang='lat' dir='ltr'>cogitavit.</span> 
     </span>
     <span class='ocr_line' id='line_1_25' title="bbox 460 1917 2328 1952; baseline -0.001 -9"><span class='ocrx_word' id='word_1_265' title='bbox 460 1921 499 1943; x_wconf 84' lang='lat' dir='ltr'>lta</span> <span class='ocrx_word' id='word_1_266' title='bbox 515 1928 625 1951; x_wconf 85' lang='lat' dir='ltr'>prorsus</span> <span class='ocrx_word' id='word_1_267' title='bbox 643 1928 690 1951; x_wconf 86' lang='lat' dir='ltr'>per</span> <span class='ocrx_word' id='word_1_268' title='bbox 704 1922 803 1951; x_wconf 83' lang='lat' dir='ltr'>puncta</span> <span class='ocrx_word' id='word_1_269' title='bbox 819 1920 878 1951; x_wconf 87' lang='lat' dir='ltr'>ipsa</span> <span class='ocrx_word' id='word_1_270' title='bbox 896 1921 1051 1944; x_wconf 83' lang='lat' dir='ltr'>ostenditur.</span> <span class='ocrx_word' id='word_1_271' title='bbox 1070 1922 1246 1945; x_wconf 80' lang='lat' dir='ltr'>Nihilominus</span> <span class='ocrx_word' id='word_1_272' title='bbox 1266 1925 1353 1945; x_wconf 84' lang='lat' dir='ltr'>tamen</span> <span class='ocrx_word' id='word_1_273' title='bbox 1373 1921 1538 1945; x_wconf 84' lang='lat' dir='ltr'>Universitas</span> <span class='ocrx_word' id='word_1_274' title='bbox 1560 1921 1585 1944; x_wconf 89' lang='lat' dir='ltr'>in</span> <span class='ocrx_word' id='word_1_275' title='bbox 1607 1920 1759 1952; x_wconf 82' lang='lat' dir='ltr'>praesentia</span> <span class='ocrx_word' id='word_1_276' title='bbox 1779 1928 1795 1943; x_wconf 78' lang='lat' dir='ltr'>a</span> <span class='ocrx_word' id='word_1_277' title='bbox 1819 1919 1955 1951; x_wconf 81' lang='lat' dir='ltr'>proposito</span> <span class='ocrx_word' id='word_1_278' title='bbox 1975 1926 2022 1942; x_wconf 88' lang='lat' dir='ltr'>suo</span> <span class='ocrx_word' id='word_1_279' title='bbox 2042 1917 2151 1946; x_wconf 79' lang='lat' dir='ltr'>destitit,</span> <span class='ocrx_word' id='word_1_280' title='bbox 2170 1926 2230 1941; x_wconf 90' lang='lat' dir='ltr'>cum</span> <span class='ocrx_word' id='word_1_281' title='bbox 2244 1921 2328 1941; x_wconf 76' lang='lat' dir='ltr'>mox-te</span> 
     </span>
     <span class='ocr_line' id='line_1_26' title="bbox 461 1961 2362 1996; baseline -0.002 -8"><span class='ocrx_word' id='word_1_282' title='bbox 461 1965 600 1988; x_wconf 85' lang='lat' dir='ltr'>Clementis</span> <span class='ocrx_word' id='word_1_283' title='bbox 620 1973 677 1987; x_wconf 90' lang='lat' dir='ltr'>mox</span> <span class='ocrx_word' id='word_1_284' title='bbox 692 1965 831 1988; x_wconf 83' lang='lat' dir='ltr'>subsecuta</span> <span class='ocrx_word' id='word_1_285' title='bbox 848 1968 873 1988; x_wconf 88' lang='lat' dir='ltr'>et</span> <span class='ocrx_word' id='word_1_286' title='bbox 885 1966 960 1989; x_wconf 81' lang='lat' dir='ltr'>Petro</span> <span class='ocrx_word' id='word_1_287' title='bbox 974 1966 1005 1989; x_wconf 87' lang='lat' dir='ltr'>dc</span> <span class='ocrx_word' id='word_1_288' title='bbox 1020 1966 1092 1989; x_wconf 78' lang='lat' dir='ltr'>Luna</span> <span class='ocrx_word' id='word_1_289' title='bbox 1108 1966 1189 1990; x_wconf 88' lang='lat' dir='ltr'>electo</span> <span class='ocrx_word' id='word_1_290' title='bbox 1205 1975 1293 1989; x_wconf 80' lang='lat' dir='ltr'>rerum</span> <span class='ocrx_word' id='word_1_291' title='bbox 1306 1970 1390 1989; x_wconf 84' lang='lat' dir='ltr'>status</span> <span class='ocrx_word' id='word_1_292' title='bbox 1407 1969 1523 1989; x_wconf 80' lang='lat' dir='ltr'>mutatus</span> <span class='ocrx_word' id='word_1_293' title='bbox 1540 1965 1583 1994; x_wconf 76' lang='lat' dir='ltr'>sit,</span> <span class='ocrx_word' id='word_1_294' title='bbox 1599 1965 1816 1996; x_wconf 85' lang='lat' dir='ltr'>Universitasque</span> <span class='ocrx_word' id='word_1_295' title='bbox 1830 1963 1914 1987; x_wconf 75' lang='lat' dir='ltr'>Paris.</span> <span class='ocrx_word' id='word_1_296' title='bbox 1930 1963 1956 1986; x_wconf 89' lang='lat' dir='ltr'>in</span> <span class='ocrx_word' id='word_1_297' title='bbox 1970 1966 2106 1994; x_wconf 86' lang='lat' dir='ltr'>posterum</span> <span class='ocrx_word' id='word_1_298' title='bbox 2121 1962 2207 1986; x_wconf 76' lang='lat' dir='ltr'>solum</span> <span class='ocrx_word' id='word_1_299' title='bbox 2223 1970 2273 1993; x_wconf 80' lang='lat' dir='ltr'>pro</span> <span class='ocrx_word' id='word_1_300' title='bbox 2284 1961 2328 1986; x_wconf 74' lang='lat' dir='ltr'>vin</span> <span class='ocrx_word' id='word_1_301' title='bbox 2357 1990 2362 1993; x_wconf 38' lang='lat'>¹</span> 
     </span>
     <span class='ocr_line' id='line_1_27' title="bbox 459 2005 2327 2042; baseline -0.002 -10"><span class='ocrx_word' id='word_1_302' title='bbox 459 2009 585 2032; x_wconf 83' lang='lat' dir='ltr'>cessionis</span> <span class='ocrx_word' id='word_1_303' title='bbox 602 2009 770 2038; x_wconf 76' lang='lat' dir='ltr'>laboraverit,</span> <span class='ocrx_word' id='word_1_304' title='bbox 787 2009 846 2032; x_wconf 84' lang='lat' dir='ltr'>aliis</span> <span class='ocrx_word' id='word_1_305' title='bbox 862 2009 911 2032; x_wconf 84' lang='lat' dir='ltr'>viis</span> <span class='ocrx_word' id='word_1_306' title='bbox 927 2010 1042 2034; x_wconf 83' lang='lat' dir='ltr'>omissis.</span> <span class='ocrx_word' id='word_1_307' title='bbox 1059 2011 1090 2033; x_wconf 90' lang='lat' dir='ltr'>Et</span> <span class='ocrx_word' id='word_1_308' title='bbox 1110 2010 1147 2033; x_wconf 89' lang='lat' dir='ltr'>sic</span> <span class='ocrx_word' id='word_1_309' title='bbox 1165 2010 1247 2034; x_wconf 87' lang='lat' dir='ltr'>solius</span> <span class='ocrx_word' id='word_1_310' title='bbox 1263 2010 1400 2042; x_wconf 84' lang='lat' dir='ltr'>epistolae,</span> <span class='ocrx_word' id='word_1_311' title='bbox 1420 2010 1527 2033; x_wconf 85' lang='lat' dir='ltr'>minime</span> <span class='ocrx_word' id='word_1_312' title='bbox 1546 2013 1673 2033; x_wconf 83' lang='lat' dir='ltr'>tractatus</span> <span class='ocrx_word' id='word_1_313' title='bbox 1692 2008 1818 2041; x_wconf 78' lang='lat' dir='ltr'>promissi</span> <span class='ocrx_word' id='word_1_314' title='bbox 1837 2007 2023 2032; x_wconf 84' lang='lat' dir='ltr'>Universitatis</span> <span class='ocrx_word' id='word_1_315' title='bbox 2043 2007 2140 2030; x_wconf 89' lang='lat' dir='ltr'>mentio</span> <span class='ocrx_word' id='word_1_316' title='bbox 2154 2007 2184 2030; x_wconf 81' lang='lat' dir='ltr'>fit</span> <span class='ocrx_word' id='word_1_317' title='bbox 2200 2008 2236 2037; x_wconf 78' lang='grc' dir='ltr'>(ν.</span> <span class='ocrx_word' id='word_1_318' title='bbox 2255 2014 2282 2038; x_wconf 76' lang='lat' dir='ltr'>g.</span> <span class='ocrx_word' id='word_1_319' title='bbox 2299 2005 2327 2030; x_wconf 81' lang='lat' dir='ltr'>in</span> 
     </span>
     <span class='ocr_line' id='line_1_28' title="bbox 460 2051 2327 2085; baseline -0.001 -9"><span class='ocrx_word' id='word_1_320' title='bbox 460 2054 557 2084; x_wconf 80' lang='lat' dir='ltr'>scripto</span> <span class='ocrx_word' id='word_1_321' title='bbox 575 2053 649 2084; x_wconf 79' lang='lat' dir='ltr'>Opus</span> <span class='ocrx_word' id='word_1_322' title='bbox 664 2054 753 2078; x_wconf 81' lang='lat' dir='ltr'>unius</span> <span class='ocrx_word' id='word_1_323' title='bbox 773 2054 871 2083; x_wconf 71' lang='lat' dir='ltr'>maqni</span> <span class='ocrx_word' id='word_1_324' title='bbox 880 2055 996 2085; x_wconf 77' lang='lat' dir='ltr'>prelati.</span> <span class='ocrx_word' id='word_1_325' title='bbox 1014 2055 1128 2078; x_wconf 85' lang='lat' dir='ltr'>Simonis</span> <span class='ocrx_word' id='word_1_326' title='bbox 1146 2055 1177 2079; x_wconf 80' lang='lat' dir='ltr'>de</span> <span class='ocrx_word' id='word_1_327' title='bbox 1193 2056 1350 2083; x_wconf 82' lang='lat' dir='ltr'>Cramaudo,</span> <span class='ocrx_word' id='word_1_328' title='bbox 1372 2069 1404 2072; x_wconf 97' lang='lat'><strong>—</strong></span> <span class='ocrx_word' id='word_1_329' title='bbox 1419 2055 1473 2079; x_wconf 82' lang='lat' dir='ltr'>vid.</span> <span class='ocrx_word' id='word_1_330' title='bbox 1498 2055 1599 2079; x_wconf 78' lang='lat' dir='ltr'>Chron.</span> <span class='ocrx_word' id='word_1_331' title='bbox 1618 2055 1659 2078; x_wconf 83' lang='lat' dir='ltr'>du</span> <span class='ocrx_word' id='word_1_332' title='bbox 1682 2054 1734 2078; x_wconf 75' lang='lat' dir='ltr'>rel.</span> <span class='ocrx_word' id='word_1_333' title='bbox 1750 2055 1782 2077; x_wconf 83' lang='lat' dir='ltr'>de</span> <span class='ocrx_word' id='word_1_334' title='bbox 1799 2053 1999 2083; x_wconf 75' lang='lat' dir='ltr'>Saint-Denys,</span> <span class='ocrx_word' id='word_1_335' title='bbox 2025 2052 2056 2080; x_wconf 91' lang='lat'>11,</span> <span class='ocrx_word' id='word_1_336' title='bbox 2080 2051 2222 2081; x_wconf 72' lang='lat' dir='ltr'>230)‚1icet</span> <span class='ocrx_word' id='word_1_337' title='bbox 2234 2054 2327 2082; x_wconf 78' lang='lat' dir='ltr'>postea</span> 
     </span>
     <span class='ocr_line' id='line_1_29' title="bbox 461 2095 2326 2131; baseline -0.002 -10"><span class='ocrx_word' id='word_1_338' title='bbox 461 2098 622 2121; x_wconf 85' lang='lat' dir='ltr'>Universitas</span> <span class='ocrx_word' id='word_1_339' title='bbox 639 2101 779 2120; x_wconf 77' lang='lat' dir='ltr'>tractatum</span> <span class='ocrx_word' id='word_1_340' title='bbox 799 2098 830 2121; x_wconf 81' lang='lat' dir='ltr'>de</span> <span class='ocrx_word' id='word_1_341' title='bbox 848 2099 892 2122; x_wconf 78' lang='lat' dir='ltr'>uia</span> <span class='ocrx_word' id='word_1_342' title='bbox 917 2099 1045 2124; x_wconf 74' lang='lat' dir='ltr'>cessionis</span> <span class='ocrx_word' id='word_1_343' title='bbox 1066 2100 1254 2131; x_wconf 81' lang='lat' dir='ltr'>composuerit.</span> <span class='ocrx_word' id='word_1_344' title='bbox 1278 2100 1314 2123; x_wconf 87' lang='lat' dir='ltr'>Ne</span> <span class='ocrx_word' id='word_1_345' title='bbox 1338 2099 1484 2123; x_wconf 80' lang='lat' dir='ltr'>confundas</span> <span class='ocrx_word' id='word_1_346' title='bbox 1507 2102 1649 2122; x_wconf 85' lang='lat' dir='ltr'>tractatum</span> <span class='ocrx_word' id='word_1_347' title='bbox 1673 2097 1884 2129; x_wconf 84' lang='lat' dir='ltr'>componendum</span> <span class='ocrx_word' id='word_1_348' title='bbox 1907 2104 1967 2120; x_wconf 91' lang='lat' dir='ltr'>cum</span> <span class='ocrx_word' id='word_1_349' title='bbox 1988 2099 2103 2119; x_wconf 79' lang='lat' dir='ltr'>tractatu</span> <span class='ocrx_word' id='word_1_350' title='bbox 2121 2103 2203 2127; x_wconf 78' lang='lat' dir='ltr'>supra</span> <span class='ocrx_word' id='word_1_351' title='bbox 2219 2099 2249 2118; x_wconf 85' lang='lat' dir='ltr'>n0</span> <span class='ocrx_word' id='word_1_352' title='bbox 2265 2095 2326 2119; x_wconf 68' lang='lat'><strong>166³</strong></span> 
     </span>
     <span class='ocr_line' id='line_1_30' title="bbox 460 2141 2164 2176; baseline -0.001 -11"><span class='ocrx_word' id='word_1_353' title='bbox 460 2145 590 2174; x_wconf 78' lang='lat' dir='ltr'>excerpto,</span> <span class='ocrx_word' id='word_1_354' title='bbox 604 2142 648 2173; x_wconf 91' lang='lat' dir='ltr'>qui</span> <span class='ocrx_word' id='word_1_355' title='bbox 663 2142 696 2165; x_wconf 84' lang='lat' dir='ltr'>ad</span> <span class='ocrx_word' id='word_1_356' title='bbox 712 2142 793 2165; x_wconf 86' lang='lat' dir='ltr'>alium</span> <span class='ocrx_word' id='word_1_357' title='bbox 806 2143 911 2166; x_wconf 89' lang='lat' dir='ltr'>omnino</span> <span class='ocrx_word' id='word_1_358' title='bbox 928 2144 1005 2166; x_wconf 87' lang='lat' dir='ltr'>finem</span> <span class='ocrx_word' id='word_1_359' title='bbox 1018 2144 1109 2172; x_wconf 85' lang='lat' dir='ltr'>tendit,</span> <span class='ocrx_word' id='word_1_360' title='bbox 1123 2147 1147 2167; x_wconf 87' lang='lat' dir='ltr'>et</span> <span class='ocrx_word' id='word_1_361' title='bbox 1161 2144 1186 2167; x_wconf 91' lang='lat' dir='ltr'>in</span> <span class='ocrx_word' id='word_1_362' title='bbox 1203 2153 1253 2176; x_wconf 89' lang='lat' dir='ltr'>quo</span> <span class='ocrx_word' id='word_1_363' title='bbox 1269 2144 1374 2167; x_wconf 86' lang='lat' dir='ltr'>diversa</span> <span class='ocrx_word' id='word_1_364' title='bbox 1389 2144 1476 2167; x_wconf 89' lang='lat' dir='ltr'>minus</span> <span class='ocrx_word' id='word_1_365' title='bbox 1493 2146 1604 2172; x_wconf 87' lang='lat' dir='ltr'>mature,</span> <span class='ocrx_word' id='word_1_366' title='bbox 1621 2143 1701 2166; x_wconf 88' lang='lat' dir='ltr'>immo</span> <span class='ocrx_word' id='word_1_367' title='bbox 1714 2142 1742 2165; x_wconf 93' lang='lat' dir='ltr'>in</span> <span class='ocrx_word' id='word_1_368' title='bbox 1756 2150 1836 2166; x_wconf 85' lang='lat' dir='ltr'>sensu</span> <span class='ocrx_word' id='word_1_369' title='bbox 1851 2141 1993 2170; x_wconf 88' lang='lat' dir='ltr'>contrario,</span> <span class='ocrx_word' id='word_1_370' title='bbox 2008 2143 2164 2164; x_wconf 78' lang='lat' dir='ltr'>tractantur.</span> 
     </span>
    </p>

    <p class='ocr_par' dir='ltr' id='par_1_15' title="bbox 460 2183 2327 2748">
     <span class='ocr_line' id='line_1_31' title="bbox 552 2183 2326 2219; baseline -0.002 -10"><span class='ocrx_word' id='word_1_371' title='bbox 552 2186 728 2209; x_wconf 81' lang='lat' dir='ltr'>Nihilominus</span> <span class='ocrx_word' id='word_1_372' title='bbox 743 2184 890 2210; x_wconf 79' lang='lat' dir='ltr'>invenimus</span> <span class='ocrx_word' id='word_1_373' title='bbox 906 2188 1045 2219; x_wconf 79' lang='lat' dir='ltr'>quemdam</span> <span class='ocrx_word' id='word_1_374' title='bbox 1058 2191 1201 2212; x_wconf 85' lang='lat' dir='ltr'>tractatum</span> <span class='ocrx_word' id='word_1_375' title='bbox 1216 2189 1320 2212; x_wconf 84' lang='lat' dir='ltr'>nomine</span> <span class='ocrx_word' id='word_1_376' title='bbox 1331 2188 1521 2213; x_wconf 84' lang='lat' dir='ltr'>Universitatis</span> <span class='ocrx_word' id='word_1_377' title='bbox 1532 2196 1547 2211; x_wconf 92' lang='lat' dir='ltr'>a</span> <span class='ocrx_word' id='word_1_378' title='bbox 1558 2188 1672 2219; x_wconf 87' lang='lat' dir='ltr'>quodam</span> <span class='ocrx_word' id='word_1_379' title='bbox 1684 2187 1789 2210; x_wconf 87' lang='lat' dir='ltr'>doctore</span> <span class='ocrx_word' id='word_1_380' title='bbox 1805 2186 1901 2210; x_wconf 78' lang='lat' dir='ltr'>decret.</span> <span class='ocrx_word' id='word_1_381' title='bbox 1915 2185 2006 2209; x_wconf 85' lang='lat' dir='ltr'>eodem</span> <span class='ocrx_word' id='word_1_382' title='bbox 2021 2192 2089 2208; x_wconf 87' lang='lat' dir='ltr'>anno</span> <span class='ocrx_word' id='word_1_383' title='bbox 2104 2183 2288 2215; x_wconf 82' lang='lat' dir='ltr'>compositum,</span> <span class='ocrx_word' id='word_1_384' title='bbox 2299 2183 2326 2207; x_wconf 87' lang='lat' dir='ltr'>in</span> 
     </span>
     <span class='ocr_line' id='line_1_32' title="bbox 461 2228 2327 2264; baseline -0.001 -11"><span class='ocrx_word' id='word_1_385' title='bbox 461 2230 528 2253; x_wconf 89' lang='lat' dir='ltr'>Bibl.</span> <span class='ocrx_word' id='word_1_386' title='bbox 545 2234 598 2254; x_wconf 84' lang='lat' dir='ltr'>nat.</span> <span class='ocrx_word' id='word_1_387' title='bbox 610 2230 692 2254; x_wconf 86' lang='lat' dir='ltr'>Paris.</span> <span class='ocrx_word' id='word_1_388' title='bbox 705 2239 753 2254; x_wconf 71' lang='grc' dir='ltr'>ως.</span> <span class='ocrx_word' id='word_1_389' title='bbox 765 2232 835 2260; x_wconf 78' lang='lat'>1481,</span> <span class='ocrx_word' id='word_1_390' title='bbox 847 2232 892 2255; x_wconf 82' lang='lat' dir='ltr'>sol.</span> <span class='ocrx_word' id='word_1_391' title='bbox 909 2232 1025 2261; x_wconf 75' lang='lat'>136-145,</span> <span class='ocrx_word' id='word_1_392' title='bbox 1043 2233 1087 2264; x_wconf 88' lang='lat' dir='ltr'>qui</span> <span class='ocrx_word' id='word_1_393' title='bbox 1102 2233 1209 2264; x_wconf 79' lang='lat' dir='ltr'>incipit:</span> <span class='ocrx_word' id='word_1_394' title='bbox 1223 2243 1235 2255; x_wconf 74' lang='grc' dir='ltr'>α</span> <span class='ocrx_word' id='word_1_395' title='bbox 1245 2233 1311 2261; x_wconf 81' lang='lat' dir='ltr'>Quia</span> <span class='ocrx_word' id='word_1_396' title='bbox 1324 2233 1420 2256; x_wconf 84' lang='lat' dir='ltr'>scisma</span> <span class='ocrx_word' id='word_1_397' title='bbox 1435 2233 1528 2264; x_wconf 80' lang='lat' dir='ltr'>vigens</span> <span class='ocrx_word' id='word_1_398' title='bbox 1540 2232 1678 2256; x_wconf 79' lang='lat' dir='ltr'>ecclesium</span> <span class='ocrx_word' id='word_1_399' title='bbox 1690 2234 1809 2255; x_wconf 83' lang='lat' dir='ltr'>sanctam</span> <span class='ocrx_word' id='word_1_400' title='bbox 1821 2230 1867 2254; x_wconf 83' lang='lat' dir='ltr'>Dei</span> <span class='ocrx_word' id='word_1_401' title='bbox 1880 2230 1997 2253; x_wconf 88' lang='lat' dir='ltr'>omnium</span> <span class='ocrx_word' id='word_1_402' title='bbox 2011 2228 2201 2252; x_wconf 85' lang='lat' dir='ltr'>catholicorum</span> <span class='ocrx_word' id='word_1_403' title='bbox 2216 2231 2327 2251; x_wconf 80' lang='lat' dir='ltr'>matrem</span> 
     </span>
     <span class='ocr_line' id='line_1_33' title="bbox 461 2273 2326 2309; baseline -0.002 -11"><span class='ocrx_word' id='word_1_404' title='bbox 461 2279 485 2298; x_wconf 79' lang='lat' dir='ltr'>ct</span> <span class='ocrx_word' id='word_1_405' title='bbox 499 2275 631 2298; x_wconf 85' lang='lat' dir='ltr'>dominam</span> <span class='ocrx_word' id='word_1_406' title='bbox 646 2275 758 2306; x_wconf 84' lang='lat' dir='ltr'>turpiter</span> <span class='ocrx_word' id='word_1_407' title='bbox 771 2275 913 2305; x_wconf 81' lang='lat' dir='ltr'>difformat,</span> <span class='ocrx_word' id='word_1_408' title='bbox 926 2277 1026 2300; x_wconf 83' lang='lat' dir='ltr'>lacerat</span> <span class='ocrx_word' id='word_1_409' title='bbox 1040 2280 1065 2300; x_wconf 85' lang='lat' dir='ltr'>et</span> <span class='ocrx_word' id='word_1_410' title='bbox 1075 2278 1172 2309; x_wconf 79' lang='lat' dir='ltr'>affligit</span> <span class='ocrx_word' id='word_1_411' title='bbox 1186 2287 1209 2301; x_wconf 67' lang='grc' dir='ltr'>ι).</span> <span class='ocrx_word' id='word_1_412' title='bbox 1221 2278 1389 2309; x_wconf 86' lang='lat' dir='ltr'>Propositum</span> <span class='ocrx_word' id='word_1_413' title='bbox 1402 2281 1531 2301; x_wconf 83' lang='lat' dir='ltr'>tractatus</span> <span class='ocrx_word' id='word_1_414' title='bbox 1544 2276 1651 2308; x_wconf 84' lang='lat' dir='ltr'>exponit</span> <span class='ocrx_word' id='word_1_415' title='bbox 1665 2277 1756 2300; x_wconf 87' lang='lat' dir='ltr'>doctor</span> <span class='ocrx_word' id='word_1_416' title='bbox 1771 2276 1816 2299; x_wconf 81' lang='lat' dir='ltr'>sol.</span> <span class='ocrx_word' id='word_1_417' title='bbox 1828 2275 1888 2299; x_wconf 79' lang='lat' dir='ltr'>136b</span> <span class='ocrx_word' id='word_1_418' title='bbox 1896 2274 1934 2298; x_wconf 82' lang='lat' dir='ltr'>sic</span> <span class='ocrx_word' id='word_1_419' title='bbox 1944 2282 1949 2298; x_wconf 88' lang='lat'>:</span> <span class='ocrx_word' id='word_1_420' title='bbox 1960 2284 1973 2296; x_wconf 91' lang='lat'>«</span> <span class='ocrx_word' id='word_1_421' title='bbox 1983 2274 2075 2305; x_wconf 84' lang='lat' dir='ltr'>jussus</span> <span class='ocrx_word' id='word_1_422' title='bbox 2088 2281 2136 2305; x_wconf 86' lang='lat' dir='ltr'>per</span> <span class='ocrx_word' id='word_1_423' title='bbox 2147 2273 2326 2305; x_wconf 82' lang='lat' dir='ltr'>juramentum</span> 
     </span>
     <span class='ocr_line' id='line_1_34' title="bbox 461 2316 2326 2354; baseline -0.001 -13"><span class='ocrx_word' id='word_1_424' title='bbox 461 2319 653 2342; x_wconf 85' lang='lat' dir='ltr'>conclusionem</span> <span class='ocrx_word' id='word_1_425' title='bbox 670 2320 867 2351; x_wconf 77' lang='lat' dir='ltr'>infrascriptam</span> <span class='ocrx_word' id='word_1_426' title='bbox 887 2324 967 2351; x_wconf 88' lang='lat' dir='ltr'>prout</span> <span class='ocrx_word' id='word_1_427' title='bbox 987 2322 1062 2352; x_wconf 88' lang='lat' dir='ltr'>potui</span> <span class='ocrx_word' id='word_1_428' title='bbox 1081 2322 1186 2353; x_wconf 86' lang='lat' dir='ltr'>juribus</span> <span class='ocrx_word' id='word_1_429' title='bbox 1207 2323 1319 2346; x_wconf 84' lang='lat' dir='ltr'>colorari</span> <span class='ocrx_word' id='word_1_430' title='bbox 1336 2322 1411 2354; x_wconf 85' lang='lat' dir='ltr'>juxta</span> <span class='ocrx_word' id='word_1_431' title='bbox 1430 2322 1500 2345; x_wconf 86' lang='lat' dir='ltr'>vires</span> <span class='ocrx_word' id='word_1_432' title='bbox 1519 2330 1575 2345; x_wconf 87' lang='lat' dir='ltr'>mee</span> <span class='ocrx_word' id='word_1_433' title='bbox 1594 2320 1784 2344; x_wconf 71' lang='lat' dir='ltr'>imbecillitatis</span> <span class='ocrx_word' id='word_1_434' title='bbox 1803 2323 1830 2343; x_wconf 91' lang='lat' dir='ltr'>et</span> <span class='ocrx_word' id='word_1_435' title='bbox 1846 2318 1998 2342; x_wconf 89' lang='lat' dir='ltr'>sufficientie</span> <span class='ocrx_word' id='word_1_436' title='bbox 2017 2317 2118 2341; x_wconf 85' lang='lat' dir='ltr'>modice</span> <span class='ocrx_word' id='word_1_437' title='bbox 2133 2334 2170 2341; x_wconf 88' lang='grc'>....</span> <span class='ocrx_word' id='word_1_438' title='bbox 2187 2316 2326 2341; x_wconf 79' lang='lat' dir='ltr'>Conclusio</span> 
     </span>
     <span class='ocr_line' id='line_1_35' title="bbox 461 2361 2326 2397; baseline -0.001 -12"><span class='ocrx_word' id='word_1_439' title='bbox 461 2363 541 2392; x_wconf 80' lang='lat' dir='ltr'>igitur</span> <span class='ocrx_word' id='word_1_440' title='bbox 557 2363 674 2394; x_wconf 78' lang='lat' dir='ltr'>tangitur</span> <span class='ocrx_word' id='word_1_441' title='bbox 689 2363 714 2386; x_wconf 95' lang='lat' dir='ltr'>in</span> <span class='ocrx_word' id='word_1_442' title='bbox 729 2365 846 2394; x_wconf 76' lang='lat' dir='ltr'>epistula</span> <span class='ocrx_word' id='word_1_443' title='bbox 861 2365 952 2388; x_wconf 77' lang='lat' dir='ltr'>matris</span> <span class='ocrx_word' id='word_1_444' title='bbox 968 2369 1057 2389; x_wconf 87' lang='lat' dir='ltr'>nostre</span> <span class='ocrx_word' id='word_1_445' title='bbox 1077 2366 1270 2391; x_wconf 78' lang='lat' dir='ltr'>Universitatis</span> <span class='ocrx_word' id='word_1_446' title='bbox 1286 2367 1313 2389; x_wconf 92' lang='lat' dir='ltr'>in</span> <span class='ocrx_word' id='word_1_447' title='bbox 1326 2367 1372 2390; x_wconf 89' lang='lat' dir='ltr'>hec</span> <span class='ocrx_word' id='word_1_448' title='bbox 1388 2366 1469 2390; x_wconf 87' lang='lat' dir='ltr'>verba</span> <span class='ocrx_word' id='word_1_449' title='bbox 1485 2376 1508 2396; x_wconf 84' lang='lat'>»‚</span> <span class='ocrx_word' id='word_1_450' title='bbox 1521 2369 1547 2389; x_wconf 85' lang='lat' dir='ltr'>et</span> <span class='ocrx_word' id='word_1_451' title='bbox 1562 2365 1667 2397; x_wconf 88' lang='lat' dir='ltr'>quidem</span> <span class='ocrx_word' id='word_1_452' title='bbox 1684 2365 1733 2388; x_wconf 82' lang='lat' dir='ltr'>hac</span> <span class='ocrx_word' id='word_1_453' title='bbox 1749 2363 1878 2387; x_wconf 82' lang='lat' dir='ltr'>sententia</span> <span class='ocrx_word' id='word_1_454' title='bbox 1894 2371 1899 2387; x_wconf 83' lang='lat' dir='ltr'>z</span> <span class='ocrx_word' id='word_1_455' title='bbox 1917 2373 1930 2385; x_wconf 76' lang='grc' dir='ltr'>α</span> <span class='ocrx_word' id='word_1_456' title='bbox 1944 2363 2065 2386; x_wconf 87' lang='lat' dir='ltr'>Ceterum</span> <span class='ocrx_word' id='word_1_457' title='bbox 2083 2369 2163 2384; x_wconf 88' lang='lat' dir='ltr'>unum</span> <span class='ocrx_word' id='word_1_458' title='bbox 2178 2361 2244 2384; x_wconf 87' lang='lat' dir='ltr'>illud</span> <span class='ocrx_word' id='word_1_459' title='bbox 2257 2368 2326 2384; x_wconf 85' lang='lat' dir='ltr'>nuuc</span> 
     </span>
     <span class='ocr_line' id='line_1_36' title="bbox 460 2405 2324 2442; baseline -0.001 -13"><span class='ocrx_word' id='word_1_460' title='bbox 460 2407 584 2430; x_wconf 77' lang='lat' dir='ltr'>audacter</span> <span class='ocrx_word' id='word_1_461' title='bbox 598 2407 740 2430; x_wconf 82' lang='lat' dir='ltr'>asserimus</span> <span class='ocrx_word' id='word_1_462' title='bbox 756 2408 821 2431; x_wconf 84' lang='lat' dir='ltr'>alias</span> <span class='ocrx_word' id='word_1_463' title='bbox 838 2409 901 2432; x_wconf 84' lang='lat' dir='ltr'>satis</span> <span class='ocrx_word' id='word_1_464' title='bbox 919 2410 1085 2440; x_wconf 85' lang='lat' dir='ltr'>probandum</span> <span class='ocrx_word' id='word_1_465' title='bbox 1100 2411 1123 2434; x_wconf 82' lang='lat' dir='ltr'>si</span> <span class='ocrx_word' id='word_1_466' title='bbox 1143 2419 1209 2442; x_wconf 90' lang='lat' dir='ltr'>opus</span> <span class='ocrx_word' id='word_1_467' title='bbox 1226 2411 1260 2434; x_wconf 89' lang='lat' dir='ltr'>sit</span> <span class='ocrx_word' id='word_1_468' title='bbox 1324 2411 1415 2442; x_wconf 89' lang='lat' dir='ltr'>porcio</span> <span class='ocrx_word' id='word_1_469' title='bbox 1437 2411 1492 2442; x_wconf 90' lang='lat' dir='ltr'>ejus</span> <span class='ocrx_word' id='word_1_470' title='bbox 1514 2410 1635 2433; x_wconf 78' lang='lat' dir='ltr'>habenda</span> <span class='ocrx_word' id='word_1_471' title='bbox 1654 2419 1668 2431; x_wconf 87' lang='lat'>»</span> <span class='ocrx_word' id='word_1_472' title='bbox 1684 2411 1776 2440; x_wconf 82' lang='lat' dir='ltr'>(supra</span> <span class='ocrx_word' id='word_1_473' title='bbox 1795 2417 1822 2440; x_wconf 91' lang='lat' dir='ltr'>p.</span> <span class='ocrx_word' id='word_1_474' title='bbox 1837 2408 1903 2439; x_wconf 84' lang='lat'>621).</span> <span class='ocrx_word' id='word_1_475' title='bbox 1926 2407 1998 2430; x_wconf 79' lang='lat' dir='ltr'>Tunc</span> <span class='ocrx_word' id='word_1_476' title='bbox 2021 2409 2113 2429; x_wconf 78' lang='lat' dir='ltr'>auctor</span> <span class='ocrx_word' id='word_1_477' title='bbox 2135 2405 2324 2437; x_wconf 79' lang='lat' dir='ltr'>prosequitur:</span> 
     </span>
     <span class='ocr_line' id='line_1_37' title="bbox 461 2450 2325 2487; baseline -0.001 -13"><span class='ocrx_word' id='word_1_478' title='bbox 461 2460 473 2471; x_wconf 84' lang='lat'>«</span> <span class='ocrx_word' id='word_1_479' title='bbox 488 2451 570 2478; x_wconf 84' lang='lat' dir='ltr'>Quam</span> <span class='ocrx_word' id='word_1_480' title='bbox 589 2452 781 2475; x_wconf 82' lang='lat' dir='ltr'>conclusionem</span> <span class='ocrx_word' id='word_1_481' title='bbox 797 2453 845 2476; x_wconf 89' lang='lat' dir='ltr'>sub</span> <span class='ocrx_word' id='word_1_482' title='bbox 862 2453 912 2476; x_wconf 89' lang='lat' dir='ltr'>hiis</span> <span class='ocrx_word' id='word_1_483' title='bbox 928 2454 1015 2477; x_wconf 85' lang='lat' dir='ltr'>verbis</span> <span class='ocrx_word' id='word_1_484' title='bbox 1031 2455 1223 2486; x_wconf 85' lang='lat' dir='ltr'>comprehendo</span> <span class='ocrx_word' id='word_1_485' title='bbox 1239 2464 1244 2479; x_wconf 89' lang='lat'>:</span> <span class='ocrx_word' id='word_1_486' title='bbox 1259 2455 1406 2487; x_wconf 86' lang='lat' dir='ltr'>Unicuique</span> <span class='ocrx_word' id='word_1_487' title='bbox 1421 2455 1634 2479; x_wconf 88' lang='lat' dir='ltr'>contendentium</span> <span class='ocrx_word' id='word_1_488' title='bbox 1645 2454 1677 2477; x_wconf 91' lang='lat' dir='ltr'>de</span> <span class='ocrx_word' id='word_1_489' title='bbox 1691 2456 1801 2485; x_wconf 77' lang='lat' dir='ltr'>papatu,</span> <span class='ocrx_word' id='word_1_490' title='bbox 1812 2452 1863 2475; x_wconf 88' lang='lat' dir='ltr'>nisi</span> <span class='ocrx_word' id='word_1_491' title='bbox 1877 2451 1991 2475; x_wconf 83' lang='lat' dir='ltr'>monitus</span> <span class='ocrx_word' id='word_1_492' title='bbox 2009 2450 2086 2474; x_wconf 81' lang='lat' dir='ltr'>suerit</span> <span class='ocrx_word' id='word_1_493' title='bbox 2100 2450 2126 2473; x_wconf 89' lang='lat' dir='ltr'>in</span> <span class='ocrx_word' id='word_1_494' title='bbox 2142 2450 2212 2473; x_wconf 88' lang='lat' dir='ltr'>viam</span> <span class='ocrx_word' id='word_1_495' title='bbox 2227 2452 2325 2473; x_wconf 81' lang='lat' dir='ltr'>certam</span> 
     </span>
     <span class='ocr_line' id='line_1_38' title="bbox 462 2493 2327 2531; baseline -0.001 -13"><span class='ocrx_word' id='word_1_496' title='bbox 462 2495 564 2518; x_wconf 89' lang='lat' dir='ltr'>unionis</span> <span class='ocrx_word' id='word_1_497' title='bbox 579 2496 733 2526; x_wconf 88' lang='lat' dir='ltr'>possibilem</span> <span class='ocrx_word' id='word_1_498' title='bbox 750 2497 940 2521; x_wconf 79' lang='lat' dir='ltr'>condescendat</span> <span class='ocrx_word' id='word_1_499' title='bbox 954 2502 999 2522; x_wconf 85' lang='lat' dir='ltr'>aut</span> <span class='ocrx_word' id='word_1_500' title='bbox 1014 2499 1045 2522; x_wconf 86' lang='lat' dir='ltr'>de</span> <span class='ocrx_word' id='word_1_501' title='bbox 1060 2499 1118 2530; x_wconf 83' lang='lat' dir='ltr'>jure</span> <span class='ocrx_word' id='word_1_502' title='bbox 1136 2508 1183 2523; x_wconf 85' lang='lat' dir='ltr'>suo</span> <span class='ocrx_word' id='word_1_503' title='bbox 1198 2500 1315 2531; x_wconf 81' lang='lat' dir='ltr'>legitime</span> <span class='ocrx_word' id='word_1_504' title='bbox 1331 2500 1431 2528; x_wconf 81' lang='lat' dir='ltr'>doceat,</span> <span class='ocrx_word' id='word_1_505' title='bbox 1447 2502 1535 2531; x_wconf 86' lang='lat' dir='ltr'>potest</span> <span class='ocrx_word' id='word_1_506' title='bbox 1549 2499 1572 2522; x_wconf 92' lang='lat' dir='ltr'>ei</span> <span class='ocrx_word' id='word_1_507' title='bbox 1584 2507 1615 2522; x_wconf 85' lang='lat' dir='ltr'>ex</span> <span class='ocrx_word' id='word_1_508' title='bbox 1627 2502 1689 2522; x_wconf 88' lang='lat' dir='ltr'>tunc</span> <span class='ocrx_word' id='word_1_509' title='bbox 1704 2496 1854 2521; x_wconf 87' lang='lat' dir='ltr'>ohedientia</span> <span class='ocrx_word' id='word_1_510' title='bbox 1869 2495 2027 2527; x_wconf 76' lang='lat' dir='ltr'>generaliter</span> <span class='ocrx_word' id='word_1_511' title='bbox 2041 2494 2167 2526; x_wconf 77' lang='lat' dir='ltr'>denegari</span> <span class='ocrx_word' id='word_1_512' title='bbox 2181 2498 2206 2518; x_wconf 86' lang='lat' dir='ltr'>et</span> <span class='ocrx_word' id='word_1_513' title='bbox 2218 2493 2327 2525; x_wconf 82' lang='lat' dir='ltr'>pontifi-</span> 
     </span>
     <span class='ocr_line' id='line_1_39' title="bbox 461 2537 2326 2575; baseline -0.001 -13"><span class='ocrx_word' id='word_1_514' title='bbox 461 2539 524 2562; x_wconf 85' lang='lat' dir='ltr'>calis</span> <span class='ocrx_word' id='word_1_515' title='bbox 541 2539 676 2570; x_wconf 82' lang='lat' dir='ltr'>dignitatis</span> <span class='ocrx_word' id='word_1_516' title='bbox 691 2540 884 2564; x_wconf 77' lang='lat' dir='ltr'>administratio</span> <span class='ocrx_word' id='word_1_517' title='bbox 900 2542 1020 2567; x_wconf 83' lang='lat' dir='ltr'>subtrahi</span> <span class='ocrx_word' id='word_1_518' title='bbox 1037 2560 1076 2568; x_wconf 83' lang='grc'><strong>....</strong></span> <span class='ocrx_word' id='word_1_519' title='bbox 1089 2544 1150 2575; x_wconf 83' lang='lat' dir='ltr'>quin</span> <span class='ocrx_word' id='word_1_520' title='bbox 1162 2552 1208 2567; x_wconf 89' lang='lat' dir='ltr'>nec</span> <span class='ocrx_word' id='word_1_521' title='bbox 1221 2544 1247 2567; x_wconf 95' lang='lat' dir='ltr'>in</span> <span class='ocrx_word' id='word_1_522' title='bbox 1261 2551 1279 2568; x_wconf 88' lang='grc' dir='ltr'><em>α</em></span> <span class='ocrx_word' id='word_1_523' title='bbox 1296 2552 1343 2568; x_wconf 88' lang='lat' dir='ltr'>nec</span> <span class='ocrx_word' id='word_1_524' title='bbox 1356 2544 1382 2567; x_wconf 91' lang='lat' dir='ltr'>in</span> <span class='ocrx_word' id='word_1_525' title='bbox 1398 2545 1413 2568; x_wconf 89' lang='lat' dir='ltr'>b</span> <span class='ocrx_word' id='word_1_526' title='bbox 1426 2552 1525 2575; x_wconf 82' lang='lat' dir='ltr'>papam</span> <span class='ocrx_word' id='word_1_527' title='bbox 1540 2551 1568 2567; x_wconf 84' lang='lat' dir='ltr'>se</span> <span class='ocrx_word' id='word_1_528' title='bbox 1585 2543 1686 2566; x_wconf 89' lang='lat' dir='ltr'>dicente</span> <span class='ocrx_word' id='word_1_529' title='bbox 1701 2542 1789 2565; x_wconf 85' lang='lat' dir='ltr'>unitas</span> <span class='ocrx_word' id='word_1_530' title='bbox 1802 2540 1911 2564; x_wconf 84' lang='lat' dir='ltr'>ecclesie</span> <span class='ocrx_word' id='word_1_531' title='bbox 1926 2539 2083 2571; x_wconf 87' lang='lat' dir='ltr'>simpliciter</span> <span class='ocrx_word' id='word_1_532' title='bbox 2097 2538 2227 2568; x_wconf 79' lang='lat' dir='ltr'>consistit,</span> <span class='ocrx_word' id='word_1_533' title='bbox 2240 2538 2286 2561; x_wconf 88' lang='lat' dir='ltr'>sed</span> <span class='ocrx_word' id='word_1_534' title='bbox 2299 2537 2326 2561; x_wconf 82' lang='lat' dir='ltr'>in</span> 
     </span>
     <span class='ocr_line' id='line_1_40' title="bbox 461 2582 2325 2620; baseline -0.001 -14"><span class='ocrx_word' id='word_1_535' title='bbox 461 2583 564 2606; x_wconf 87' lang='lat' dir='ltr'>Christo</span> <span class='ocrx_word' id='word_1_536' title='bbox 580 2584 643 2606; x_wconf 85' lang='lat' dir='ltr'>Jesu</span> <span class='ocrx_word' id='word_1_537' title='bbox 658 2584 785 2607; x_wconf 79' lang='lat' dir='ltr'>Altissimi</span> <span class='ocrx_word' id='word_1_538' title='bbox 805 2585 858 2608; x_wconf 89' lang='lat' dir='ltr'>filio</span> <span class='ocrx_word' id='word_1_539' title='bbox 877 2587 1020 2610; x_wconf 85' lang='lat' dir='ltr'>secundum</span> <span class='ocrx_word' id='word_1_540' title='bbox 1040 2588 1168 2618; x_wconf 85' lang='lat' dir='ltr'>doctores,</span> <span class='ocrx_word' id='word_1_541' title='bbox 1185 2597 1216 2612; x_wconf 85' lang='lat' dir='ltr'>ne</span> <span class='ocrx_word' id='word_1_542' title='bbox 1231 2592 1357 2620; x_wconf 82' lang='lat' dir='ltr'>sequatur</span> <span class='ocrx_word' id='word_1_543' title='bbox 1376 2588 1572 2616; x_wconf 81' lang='lat' dir='ltr'>inconveniens,</span> <span class='ocrx_word' id='word_1_544' title='bbox 1586 2587 1655 2619; x_wconf 89' lang='lat' dir='ltr'>quod</span> <span class='ocrx_word' id='word_1_545' title='bbox 1677 2589 1787 2609; x_wconf 78' lang='lat' dir='ltr'>vacante</span> <span class='ocrx_word' id='word_1_546' title='bbox 1807 2585 1869 2608; x_wconf 86' lang='lat' dir='ltr'>sede</span> <span class='ocrx_word' id='word_1_547' title='bbox 1890 2593 1939 2616; x_wconf 85' lang='lat' dir='ltr'>per</span> <span class='ocrx_word' id='word_1_548' title='bbox 1958 2587 2069 2607; x_wconf 81' lang='lat' dir='ltr'>mortem</span> <span class='ocrx_word' id='word_1_549' title='bbox 2090 2582 2163 2606; x_wconf 88' lang='lat' dir='ltr'>illius</span> <span class='ocrx_word' id='word_1_550' title='bbox 2182 2586 2228 2606; x_wconf 84' lang='lat' dir='ltr'>aut</span> <span class='ocrx_word' id='word_1_551' title='bbox 2248 2582 2325 2606; x_wconf 81' lang='lat' dir='ltr'>istius</span> 
     </span>
     <span class='ocr_line' id='line_1_41' title="bbox 461 2626 2327 2664; baseline 0.001 -14"><span class='ocrx_word' id='word_1_552' title='bbox 461 2627 562 2650; x_wconf 89' lang='lat' dir='ltr'>dicatur</span> <span class='ocrx_word' id='word_1_553' title='bbox 577 2628 686 2651; x_wconf 89' lang='lat' dir='ltr'>ecclesia</span> <span class='ocrx_word' id='word_1_554' title='bbox 701 2629 826 2659; x_wconf 80' lang='lat' dir='ltr'>acephala</span> <span class='ocrx_word' id='word_1_555' title='bbox 840 2639 862 2653; x_wconf 76' lang='grc' dir='ltr'>ι).</span> <span class='ocrx_word' id='word_1_556' title='bbox 877 2630 973 2654; x_wconf 81' lang='lat' dir='ltr'>Deinde</span> <span class='ocrx_word' id='word_1_557' title='bbox 989 2636 1134 2663; x_wconf 82' lang='lat' dir='ltr'>sequuntur</span> <span class='ocrx_word' id='word_1_558' title='bbox 1149 2633 1318 2664; x_wconf 79' lang='lat' dir='ltr'>probationes</span> <span class='ocrx_word' id='word_1_559' title='bbox 1334 2641 1365 2656; x_wconf 87' lang='lat' dir='ltr'>ex</span> <span class='ocrx_word' id='word_1_560' title='bbox 1377 2633 1445 2664; x_wconf 89' lang='lat' dir='ltr'>jure.</span> <span class='ocrx_word' id='word_1_561' title='bbox 1463 2633 1491 2656; x_wconf 94' lang='lat' dir='ltr'>In</span> <span class='ocrx_word' id='word_1_562' title='bbox 1509 2632 1560 2655; x_wconf 89' lang='lat' dir='ltr'>fine</span> <span class='ocrx_word' id='word_1_563' title='bbox 1575 2640 1581 2655; x_wconf 93' lang='grc'>·.</span> <span class='ocrx_word' id='word_1_564' title='bbox 1603 2641 1616 2653; x_wconf 82' lang='lat'>«</span> <span class='ocrx_word' id='word_1_565' title='bbox 1637 2630 1751 2662; x_wconf 83' lang='lat' dir='ltr'>Explicit</span> <span class='ocrx_word' id='word_1_566' title='bbox 1765 2629 1898 2653; x_wconf 81' lang='lat' dir='ltr'>conclusio</span> <span class='ocrx_word' id='word_1_567' title='bbox 1916 2627 2103 2652; x_wconf 83' lang='lat' dir='ltr'>Universitatis</span> <span class='ocrx_word' id='word_1_568' title='bbox 2115 2627 2221 2659; x_wconf 77' lang='lat' dir='ltr'>juribus</span> <span class='ocrx_word' id='word_1_569' title='bbox 2237 2626 2327 2650; x_wconf 72' lang='lat' dir='ltr'>taliter</span> 
     </span>
     <span class='ocr_line' id='line_1_42' title="bbox 461 2670 2325 2708; baseline 0.001 -14"><span class='ocrx_word' id='word_1_570' title='bbox 461 2671 573 2702; x_wconf 79' lang='lat' dir='ltr'>qualiter</span> <span class='ocrx_word' id='word_1_571' title='bbox 594 2671 684 2694; x_wconf 81' lang='lat' dir='ltr'>fulcita</span> <span class='ocrx_word' id='word_1_572' title='bbox 700 2681 722 2695; x_wconf 62' lang='lat' dir='ltr'>io.</span> <span class='ocrx_word' id='word_1_573' title='bbox 748 2673 872 2700; x_wconf 85' lang='lat' dir='ltr'>Quamvis</span> <span class='ocrx_word' id='word_1_574' title='bbox 893 2677 1020 2698; x_wconf 86' lang='lat' dir='ltr'>tractatus</span> <span class='ocrx_word' id='word_1_575' title='bbox 1041 2684 1083 2700; x_wconf 87' lang='lat' dir='ltr'>an.</span> <span class='ocrx_word' id='word_1_576' title='bbox 1107 2677 1167 2700; x_wconf 78' lang='lat'>1394</span> <span class='ocrx_word' id='word_1_577' title='bbox 1188 2677 1314 2706; x_wconf 81' lang='lat' dir='ltr'>(schisma</span> <span class='ocrx_word' id='word_1_578' title='bbox 1334 2677 1448 2700; x_wconf 79' lang='lat' dir='ltr'>durabat</span> <span class='ocrx_word' id='word_1_579' title='bbox 1469 2686 1483 2698; x_wconf 88' lang='lat'>«</span> <span class='ocrx_word' id='word_1_580' title='bbox 1499 2684 1547 2708; x_wconf 91' lang='lat' dir='ltr'>per</span> <span class='ocrx_word' id='word_1_581' title='bbox 1562 2684 1595 2699; x_wconf 82' lang='lat' dir='ltr'>xv</span> <span class='ocrx_word' id='word_1_582' title='bbox 1624 2682 1754 2699; x_wconf 82' lang='lat' dir='ltr'>annorum</span> <span class='ocrx_word' id='word_1_583' title='bbox 1775 2673 1891 2705; x_wconf 84' lang='lat' dir='ltr'>spatium</span> <span class='ocrx_word' id='word_1_584' title='bbox 1908 2682 1921 2694; x_wconf 73' lang='grc' dir='ltr'><strong>υ</strong></span> <span class='ocrx_word' id='word_1_585' title='bbox 1948 2672 2110 2704; x_wconf 82' lang='lat' dir='ltr'>compositus</span> <span class='ocrx_word' id='word_1_586' title='bbox 2126 2671 2169 2699; x_wconf 77' lang='lat' dir='ltr'>sit,</span> <span class='ocrx_word' id='word_1_587' title='bbox 2185 2674 2272 2694; x_wconf 74' lang='lat' dir='ltr'>tamen</span> <span class='ocrx_word' id='word_1_588' title='bbox 2291 2670 2325 2694; x_wconf 77' lang='lat' dir='ltr'>ud</span> 
     </span>
     <span class='ocr_line' id='line_1_43' title="bbox 460 2716 991 2748; baseline 0.009 -11"><span class='ocrx_word' id='word_1_589' title='bbox 460 2718 641 2746; x_wconf 82' lang='lat' dir='ltr'>tempestatem</span> <span class='ocrx_word' id='word_1_590' title='bbox 663 2726 675 2737; x_wconf 78' lang='grc' dir='ltr'>α</span> <span class='ocrx_word' id='word_1_591' title='bbox 696 2716 854 2740; x_wconf 82' lang='lat' dir='ltr'>Benedicti»</span> <span class='ocrx_word' id='word_1_592' title='bbox 869 2718 991 2748; x_wconf 84' lang='lat' dir='ltr'>pertinet.</span> 
     </span>
    </p>

    <p class='ocr_par' dir='ltr' id='par_1_16' title="bbox 538 2759 2325 2796">
     <span class='ocr_line' id='line_1_44' title="bbox 538 2759 2325 2796; baseline 0 -14"><span class='ocrx_word' id='word_1_593' title='bbox 538 2760 593 2782; x_wconf 89' lang='lat' dir='ltr'>Non</span> <span class='ocrx_word' id='word_1_594' title='bbox 610 2760 658 2783; x_wconf 80' lang='lat' dir='ltr'>fuit</span> <span class='ocrx_word' id='word_1_595' title='bbox 677 2760 821 2790; x_wconf 84' lang='lat' dir='ltr'>insolitum,</span> <span class='ocrx_word' id='word_1_596' title='bbox 838 2762 1040 2786; x_wconf 76' lang='lat' dir='ltr'>Universitatem</span> <span class='ocrx_word' id='word_1_597' title='bbox 1056 2764 1109 2787; x_wconf 86' lang='lat' dir='ltr'>suis</span> <span class='ocrx_word' id='word_1_598' title='bbox 1125 2765 1246 2796; x_wconf 85' lang='lat' dir='ltr'>epistolis</span> <span class='ocrx_word' id='word_1_599' title='bbox 1266 2774 1312 2788; x_wconf 81' lang='lat' dir='ltr'>seu</span> <span class='ocrx_word' id='word_1_600' title='bbox 1327 2765 1485 2789; x_wconf 88' lang='lat' dir='ltr'>tractatibus</span> <span class='ocrx_word' id='word_1_601' title='bbox 1499 2763 1687 2796; x_wconf 88' lang='lat' dir='ltr'>componendis</span> <span class='ocrx_word' id='word_1_602' title='bbox 1700 2766 1798 2794; x_wconf 87' lang='lat' dir='ltr'>puncta</span> <span class='ocrx_word' id='word_1_603' title='bbox 1812 2761 1992 2793; x_wconf 84' lang='lat' dir='ltr'>praemisisse.</span> <span class='ocrx_word' id='word_1_604' title='bbox 2010 2760 2053 2784; x_wconf 85' lang='lat' dir='ltr'>Sic</span> <span class='ocrx_word' id='word_1_605' title='bbox 2065 2769 2090 2784; x_wconf 88' lang='lat' dir='ltr'>v.</span> <span class='ocrx_word' id='word_1_606' title='bbox 2106 2768 2133 2792; x_wconf 75' lang='lat' dir='ltr'>g.</span> <span class='ocrx_word' id='word_1_607' title='bbox 2145 2759 2172 2783; x_wconf 86' lang='lat' dir='ltr'>in</span> <span class='ocrx_word' id='word_1_608' title='bbox 2187 2759 2257 2783; x_wconf 83' lang='lat' dir='ltr'>Bibl.</span> <span class='ocrx_word' id='word_1_609' title='bbox 2269 2761 2325 2783; x_wconf 74' lang='lat' dir='ltr'>nat.</span> 
     </span>
    </p>
   </div>
   <div class='ocr_carea' id='block_1_8' title="bbox 461 2803 2004 2841">
    <p class='ocr_par' dir='ltr' id='par_1_17' title="bbox 461 2803 2004 2841">
     <span class='ocr_line' id='line_1_45' title="bbox 461 2803 2004 2841; baseline 0.001 -14"><span class='ocrx_word' id='word_1_610' title='bbox 461 2803 554 2832; x_wconf 79' lang='lat' dir='ltr'>Paris.,</span> <span class='ocrx_word' id='word_1_611' title='bbox 570 2804 631 2826; x_wconf 65' lang='lat' dir='ltr'>msto</span> <span class='ocrx_word' id='word_1_612' title='bbox 647 2804 731 2832; x_wconf 70' lang='lat'>14643,</span> <span class='ocrx_word' id='word_1_613' title='bbox 746 2806 763 2828; x_wconf 85' lang='lat' dir='ltr'>s.</span> <span class='ocrx_word' id='word_1_614' title='bbox 780 2806 825 2828; x_wconf 88' lang='grc'>306</span> <span class='ocrx_word' id='word_1_615' title='bbox 838 2814 888 2837; x_wconf 61' lang='lat' dir='ltr'>sq„</span> <span class='ocrx_word' id='word_1_616' title='bbox 904 2806 1072 2831; x_wconf 81' lang='lat' dir='ltr'>inveniuntur</span> <span class='ocrx_word' id='word_1_617' title='bbox 1085 2812 1182 2839; x_wconf 88' lang='lat' dir='ltr'>puncta</span> <span class='ocrx_word' id='word_1_618' title='bbox 1197 2818 1245 2841; x_wconf 89' lang='lat' dir='ltr'>pro</span> <span class='ocrx_word' id='word_1_619' title='bbox 1260 2810 1438 2841; x_wconf 86' lang='lat' dir='ltr'>appellatione</span> <span class='ocrx_word' id='word_1_620' title='bbox 1453 2809 1540 2841; x_wconf 88' lang='lat' dir='ltr'>prima</span> <span class='ocrx_word' id='word_1_621' title='bbox 1557 2807 1743 2832; x_wconf 87' lang='lat' dir='ltr'>Universitatis</span> <span class='ocrx_word' id='word_1_622' title='bbox 1761 2817 1774 2828; x_wconf 94' lang='lat'>«</span> <span class='ocrx_word' id='word_1_623' title='bbox 1790 2806 1818 2829; x_wconf 92' lang='lat' dir='ltr'>Si</span> <span class='ocrx_word' id='word_1_624' title='bbox 1832 2805 1966 2829; x_wconf 82' lang='lat' dir='ltr'>tramitem</span> <span class='ocrx_word' id='word_1_625' title='bbox 1981 2814 2004 2828; x_wconf 72' lang='lat' dir='ltr'>n.</span> 
     </span>
    </p>
   </div>
   <div class='ocr_carea' id='block_1_9' title="bbox 555 2895 2325 2964">
    <p class='ocr_par' dir='ltr' id='par_1_18' title="bbox 555 2895 2325 2964">
     <span class='ocr_line' id='line_1_46' title="bbox 555 2895 2325 2934; baseline 0 -15"><span class='ocrx_word' id='word_1_626' title='bbox 555 2897 577 2920; x_wconf 84' lang='lat'>1.</span> <span class='ocrx_word' id='word_1_627' title='bbox 597 2897 653 2920; x_wconf 90' lang='lat' dir='ltr'>Non</span> <span class='ocrx_word' id='word_1_628' title='bbox 669 2897 756 2928; x_wconf 79' lang='lat' dir='ltr'>agitur</span> <span class='ocrx_word' id='word_1_629' title='bbox 776 2898 807 2921; x_wconf 92' lang='lat' dir='ltr'>de</span> <span class='ocrx_word' id='word_1_630' title='bbox 827 2899 871 2923; x_wconf 82' lang='lat' dir='ltr'>via</span> <span class='ocrx_word' id='word_1_631' title='bbox 885 2900 954 2930; x_wconf 77' lang='lat' dir='ltr'>faeti</span> <span class='ocrx_word' id='word_1_632' title='bbox 968 2904 1058 2924; x_wconf 82' lang='lat' dir='ltr'>contra</span> <span class='ocrx_word' id='word_1_633' title='bbox 1080 2910 1172 2932; x_wconf 81' lang='lat' dir='ltr'>papas,</span> <span class='ocrx_word' id='word_1_634' title='bbox 1195 2910 1261 2934; x_wconf 82' lang='lat' dir='ltr'>quae</span> <span class='ocrx_word' id='word_1_635' title='bbox 1283 2903 1362 2931; x_wconf 71' lang='lat' dir='ltr'>infra,</span> <span class='ocrx_word' id='word_1_636' title='bbox 1377 2906 1406 2926; x_wconf 85' lang='lat' dir='ltr'>ut</span> <span class='ocrx_word' id='word_1_637' title='bbox 1426 2910 1508 2934; x_wconf 88' lang='lat' dir='ltr'>supra</span> <span class='ocrx_word' id='word_1_638' title='bbox 1529 2906 1558 2924; x_wconf 88' lang='lat' dir='ltr'>n⁰</span> <span class='ocrx_word' id='word_1_639' title='bbox 1578 2902 1647 2930; x_wconf 83' lang='grc'>1680,</span> <span class='ocrx_word' id='word_1_640' title='bbox 1670 2900 1826 2930; x_wconf 84' lang='lat' dir='ltr'>excluditur,</span> <span class='ocrx_word' id='word_1_641' title='bbox 1846 2899 1901 2928; x_wconf 79' lang='lat' dir='ltr'>sed,</span> <span class='ocrx_word' id='word_1_642' title='bbox 1925 2902 1954 2922; x_wconf 90' lang='lat' dir='ltr'>ut</span> <span class='ocrx_word' id='word_1_643' title='bbox 1974 2897 2128 2930; x_wconf 82' lang='lat' dir='ltr'>explicatur,</span> <span class='ocrx_word' id='word_1_644' title='bbox 2145 2897 2177 2920; x_wconf 84' lang='lat' dir='ltr'>de</span> <span class='ocrx_word' id='word_1_645' title='bbox 2199 2896 2244 2920; x_wconf 80' lang='lat' dir='ltr'>via</span> <span class='ocrx_word' id='word_1_646' title='bbox 2262 2895 2325 2920; x_wconf 77' lang='lat' dir='ltr'>faeti</span> 
     </span>
     <span class='ocr_line' id='line_1_47' title="bbox 585 2942 624 2964; baseline 0 0"><span class='ocrx_word' id='word_1_647' title='bbox 585 2942 624 2964; x_wconf 82' lang='grc'>79.</span> 
     </span>
    </p>
   </div>
  </div>
 </body>
</html>
