2488 3386
419 302 482 333 392
995 305 1315 329 anR‘rULARmM
1351 303 1540 326 UNivssns.
1578 303 1707 324 rmus.
2148 290 2149 293 ’
2181 288 2280 325 [1385

419 384 547 416 cedere
575 389 609 414 et
640 382 833 426 predictam
856 381 1066 413 citacionem
1094 379 1330 412 obtinuerunt
1359 390 1376 410 a
1402 376 1521 414 vobiS,
1550 383 1605 408 est
1632 375 1908 420 subrepticium,
1937 387 1980 407 ex
2010 386 2052 407 eo
2080 381 2115 406 et
2145 386 2209 419 pro
2237 386 2279 406 eo

419 450 514 494 quod
536 449 725 481 occasione
756 448 1028 492 premissorum,
1053 458 1121 490 que
1149 444 1302 490 predicti
1332 450 1472 476 actores
1493 449 1621 475 vocant
1650 441 1800 482 abusus,
1828 441 1913 474 licet
1941 453 2013 474 non
2041 441 2114 473 sint
2142 442 2278 484 (eorum

420 515 625 548 reverencia
647 526 791 558 semper
812 514 932 556 salva),
955 525 993 545 ac
1015 513 1170 557 plurium
1193 510 1438 556 gravaminum
1462 515 1585 541 contra
1607 508 1741 541 dictum
1762 507 2017 540 cancellarium
2039 514 2074 540 et
2089 508 2184 552 jura,
2207 507 2279 552 pri-

418 582 562 626 vilegia,
585 581 770 613 libertates
791 587 826 612 et
846 579 1131 612 consuetudines
1152 576 1353 610 laudabiles
1375 576 1430 608 sui
1453 575 1559 607 officii
1581 574 1787 607 cancellarii
1809 586 1852 607 ex
1877 580 1977 619 parte
1998 574 2160 618 ipsorum
2183 580 2280 606 acto-

420 660 496 680 rum
519 647 711 687 illatorum,
729 653 763 679 et
783 646 935 679 aliorum
956 652 1165 678 conatorum
1187 650 1219 676 et
1237 641 1505 675 verissimiliter
1526 641 1561 673 in
1583 642 1741 674 futurum
1760 641 2048 681 inserendorum,
2065 640 2277 685 jamdudum

419 714 655 747 cancellarius
676 720 799 746 contra
827 719 945 744 certos
974 711 1135 755 ejusdem
1162 709 1427 746 Universitatis,
1450 707 1655 740 facultatum
1679 714 1711 740 et
1738 708 1929 740 nacionum
1952 713 2143 747 rectorem,
2167 707 2280 752 depu-

420 788 525 822 tatos,
543 781 699 813 decanos
721 786 755 811 et
776 785 1040 823 procuratores,
1059 789 1098 809 ac
1119 775 1315 808 nonnullos
1337 774 1441 816 alios,
1459 781 1527 807 tam
1545 774 1765 818 conjunctim
1789 786 1893 819 quam
1917 774 2075 815 divisim,
2093 773 2137 806 ad
2154 774 2277 807 sedem

419 847 651 891 apostolicam
673 845 865 890 appellavit
886 851 919 877 et
940 843 1159 889 provocavit,
1181 841 1440 886 apostolosque
1462 841 1583 885 peciit,
1606 847 1642 873 et
1661 840 1727 873 alia
1748 841 1833 873 fecit
1853 852 1923 885 que
1948 841 1985 873 in
2006 840 2138 873 talibus
2160 840 2280 885 requi-

419 920 558 945 runtur.

508 979 733 1022 Causamque
754 976 1006 1022 appellationis
1028 974 1236 1019 hujusmodi
1258 973 1433 1006 committi
1455 973 1613 1006 obtinuit
1632 973 1942 1006 reverendissimo
1963 973 2000 1005 in
2021 972 2168 1007 Christo
2189 973 2281 1018 patri

420 1045 565 1078 domino
593 1044 765 1077 cardinali
795 1042 1012 1082 Vivariensi,
1042 1048 1077 1074 et
1102 1040 1301 1086 appellatos
1329 1040 1439 1072 citare
1465 1051 1583 1072 coram
1613 1052 1655 1072 eo
1686 1052 1766 1072 cum
1799 1039 2024 1072 inhibicione
2049 1045 2222 1072 consueta
2248 1046 2282 1072 et

420 1111 552 1150 debita,
575 1123 618 1142 ne
641 1111 733 1142 dicta
754 1121 859 1142 causa
882 1108 1064 1153 pendente
1085 1107 1221 1151 aliquid
1243 1113 1366 1139 contra
1388 1106 1589 1151 predictum
1612 1105 1867 1139 cancellarium
1890 1117 1954 1139 seu
1976 1107 2055 1150 ejus
2076 1105 2282 1138 cancellarii

419 1177 591 1210 officiales
612 1182 864 1220 attemptarent
878 1175 935 1207 vel
955 1175 1059 1207 etiam
1083 1174 1297 1207 innovarent
1312 1175 1394 1218 (que
1416 1173 1543 1206 citacio
1564 1185 1642 1205 cum
1666 1173 1743 1206 suis
1765 1172 2053 1205 inhibicionibus
2073 1173 2140 1205 fuit
2159 1179 2282 1206 contra

419 1244 535 1276 dictos
564 1250 704 1275 actores
729 1242 928 1287 appellatos
960 1241 1080 1274 debite
1111 1242 1270 1283 executa)
1298 1252 1304 1272 ι
1336 1246 1489 1284 postque
1518 1246 1552 1272 et
1580 1240 1633 1272 eis
1664 1246 1783 1272 tamen
1812 1251 1885 1272 non
1913 1238 2142 1272 obstantibus
2172 1239 2280 1272 iidem

418 1310 584 1354 appellati
616 1316 648 1342 et
678 1315 818 1341 actores
849 1308 1019 1340 antedicti
1051 1314 1133 1352 post
1163 1314 1197 1339 et
1227 1313 1351 1339 contra
1379 1305 1679 1351 appellacionem,
1703 1306 1765 1338 lite
1789 1306 1985 1351 pendente,
2013 1306 2226 1339 citacioneni
2249 1312 2284 1338 et

419 1376 675 1408 inhibicionem
705 1375 886 1420 predictas
916 1381 1051 1407 temere
1078 1373 1259 1406 veniendo
1290 1379 1547 1417 attemptarunt
1577 1385 1616 1405 ac
1647 1373 1749 1417 plura
1782 1379 1913 1405 statuta
1947 1384 2023 1413 sua,
2052 1384 2133 1417 ymo
2161 1372 2284 1406 verius

419 1443 601 1482 destituta,
624 1442 661 1474 in
682 1453 789 1486 grave
812 1441 1051 1485 prejudicium
1075 1439 1280 1472 cancellarii
1302 1446 1337 1472 et
1363 1439 1577 1472 cancellarie
1604 1439 1711 1472 officii
1742 1439 1987 1484 predictorum
2013 1439 2191 1480 fecerunt,
2213 1450 2283 1484 que

419 1509 570 1541 inferius
593 1508 820 1540 declarantur
840 1514 875 1540 et
900 1507 1122 1547 inseruntur,
1149 1518 1261 1550 eaque
1293 1506 1553 1538 mandaverunt
1573 1512 1607 1538 et
1634 1506 1694 1547 [in]
1717 1505 1828 1538 scolis
1850 1512 1885 1538 et
1905 1505 2137 1538 sermonibus
2162 1505 2284 1538 solen-

420 1575 526 1614 niter,
549 1582 586 1607 ut
606 1574 649 1607 ad
671 1586 811 1607 omnem
841 1574 1054 1606 devenirent
1080 1573 1262 1613 noticiam,
1286 1572 1479 1617 publicari3
1513 1579 1547 1605 et
1577 1572 1642 1605 hec
1669 1573 1790 1605 omnia
1817 1573 1854 1605 in
1882 1572 1978 1605 dicto
2009 1572 2186 1617 rescripto
2219 1584 2282 1605 seu

420 1641 676 1673 commissione
698 1647 898 1674 tacuerunt.
917 1639 1049 1684 quibus
1070 1646 1188 1672 tamen
1210 1639 1394 1682 expressis
1417 1651 1505 1684 papa
1526 1639 1639 1684 ipsam
1662 1639 1957 1672 commissionem
1981 1650 2046 1671 seu
2068 1639 2284 1683 rescriptum

422 1707 627 1740 nullatenus
644 1714 703 1739 aut
720 1707 844 1739 saltem
864 1719 934 1739 non
952 1707 998 1739 ita
1013 1706 1165 1739 faciliter
1185 1706 1448 1738 concessisset¹
1470 1708 1516 1749 (et
1532 1705 1622 1738 nulli
1644 1705 1795 1738 dubium
1817 1706 1914 1750 quod
1934 1706 1971 1738 in
1991 1706 2105 1738 forma
2126 1717 2190 1738 sua
2211 1717 2284 1738 non

420 1774 677 1814 concessisset,
700 1774 781 1818 quia
803 1773 927 1806 saltem
950 1773 1156 1805 mandasset
1175 1779 1256 1805 ante
1278 1773 1396 1805 omnia
1420 1772 1579 1817 predicta
1600 1779 1807 1817 attemptata
1829 1772 1991 1806 revocari
2012 1772 2048 1804 in
2070 1772 2226 1813 irritum,
2249 1778 2283 1805 et

420 1841 537 1873 omnia
566 1840 610 1872 ad
640 1846 768 1872 statum
799 1840 990 1884 pristinum
1019 1839 1156 1879 reduci,
1180 1851 1258 1871 cum
1278 1839 1373 1883 juris
1395 1839 1485 1871 ordo
1514 1839 1582 1872 hoc
1610 1839 1780 1884 requirat)
1805 1851 1811 1871 :
1836 1851 1879 1872 ex
1899 1838 2032 1883 quibus
2058 1838 2153 1871 clare
2174 1845 2282 1884 patet,

421 1907 553 1939 dictum
577 1907 791 1951 rescriptum
813 1918 877 1939 seu
898 1906 1191 1938 commissionem
1215 1918 1296 1938 esse
1319 1905 1581 1951 subrepticiuln
1600 1912 1634 1938 et
1655 1906 1788 1939 nullam
1806 1905 2100 1951 jurisdictionem
2123 1905 2283 1939 tribuere

420 1973 455 2005 in
473 1973 613 2005 effectu.
630 1974 672 2005 Et
688 1985 752 2017 per
767 1984 997 2017 consequens
1014 1973 1130 2017 ipsius
1146 1972 1290 2005 virtutis
1307 1972 1506 2017 procedere
1524 1985 1596 2005 non
1614 1973 1767 2017 potestis
1784 1973 1913 2017 quovis
1930 1972 2051 2005 modo.
2065 1972 2196 2015 Quare,
2215 1978 2283 2005 etc.

510 2041 610 2079 Item,
649 2039 717 2072 etsi
754 2039 929 2084 premissa
961 2051 1033 2071 non
1066 2039 1319 2083 procederent,
1356 2038 1428 2071 illis
1464 2038 1707 2071 obstarenL...
1747 2039 1844 2084 quod
1880 2039 2000 2072 citatio
2038 2039 2283 2084 predictorum

420 2112 579 2138 actorum
609 2104 782 2150 prelibata
814 2105 858 2137 ad
889 2105 1085 2137 videndum
1116 2105 1228 2149 recipi
1262 2111 1297 2137 et
1331 2106 1455 2149 jurare
1492 2112 1604 2138 testes
1637 2117 1748 2150 super
1787 2105 1978 2150 principali
2017 2104 2125 2149 hujus
2162 2116 2283 2144 cause,

421 2171 591 2204 videlicet
617 2183 727 2216 super
757 2171 939 2216 pretensis
966 2171 1141 2204 abusibus
1169 2171 1374 2211 antedictis,
1402 2178 1537 2204 temere
1565 2172 1632 2204 fuit
1666 2172 1824 2212 obtenta,
1857 2178 1892 2204 et
1923 2178 2047 2204 contra
2079 2171 2283 2216 predictum

422 2237 672 2270 cancellarium
696 2245 730 2270 et
750 2237 836 2270 alias
858 2238 985 2270 citatos
1007 2244 1141 2270 temere
1168 2244 1329 2279 executa,
1352 2245 1386 2271 et
1411 2239 1515 2271 etiam
1544 2245 1761 2283 premature.
1793 2240 1833 2271 Et
1853 2238 1919 2271 hec
1940 2244 2115 2283 apparent
2135 2250 2178 2270 ex
2198 2249 2284 2282 qua-

423 2310 514 2336 tuor.

510 2370 637 2403 Primo
658 2370 751 2402 enim
775 2376 917 2415 tempus
943 2377 975 2403 et
1005 2371 1217 2404 dilacionem
1241 2371 1374 2404 habere
1396 2371 1522 2404 debuit
1542 2372 1661 2405 dictus
1679 2383 1763 2404 reus
1784 2372 1828 2404 ad
1849 2371 2042 2404 dicendum
2064 2377 2188 2404 contra
2209 2371 2284 2404 dic-

424 2442 494 2467 tum
519 2436 732 2480 rescriptum
754 2443 788 2469 et
815 2436 881 2469 alia
909 2436 1077 2478 exhibita,
1106 2444 1141 2470 et
1166 2438 1268 2482 copia
1296 2438 1473 2470 dictorum
1506 2439 1764 2483 rescriptorum
1794 2444 1829 2470 et
1857 2437 2009 2470 aliorum
2040 2437 2282 2470 exhibitorum

423 2501 491 2533 sibi
515 2502 614 2546 prius
636 2502 779 2534 decerni
801 2509 907 2547 atque
928 2503 1032 2544 tradi,
1057 2504 1247 2548 presertim
1269 2516 1349 2536 cum
1372 2504 1506 2537 nullam
1524 2505 1844 2549 jurisdic[t]i0nem
1867 2503 2030 2537 habeatis
2056 2516 2122 2537 nec
2149 2503 2283 2537 habere

424 2568 575 2612 potestis
596 2569 632 2600 in
653 2568 716 2600 hac
743 2575 853 2613 parte,
881 2569 951 2601 nisi
980 2570 1096 2614 ipsius
1122 2570 1302 2615 rescripti,
1330 2571 1412 2615 quia
1440 2571 1476 2603 in
1504 2571 1572 2603 hoc
1601 2583 1672 2603 non
1695 2571 1783 2603 estis
1811 2571 2029 2611 ordinarius,
2058 2571 2121 2603 sed
2150 2583 2168 2603 a
2196 2571 2283 2603 sede

423 2634 632 2678 apostolica,
662 2641 700 2666 ut
729 2641 868 2667 actores
898 2642 1077 2675 asserunt,
1106 2636 1311 2680 deputatus.
1344 2638 1386 2669 Et
1416 2649 1485 2681 que
1516 2644 1634 2670 tamen
1661 2638 1751 2670 facta
1778 2649 1851 2670 non
1878 2637 1945 2670 fuit
1974 2644 2055 2670 ante
2086 2637 2281 2682 predictam

424 2700 635 2732 citacionem
657 2707 851 2733 emanatam
880 2708 913 2733 et
938 2702 1049 2733 eciam
1071 2709 1268 2741 executani,
1293 2703 1357 2735 sed
1386 2704 1533 2735 omnino
1561 2705 1707 2736 suerunt
1736 2704 1969 2748 pretermissa
1996 2715 2059 2748 per
2079 2710 2221 2736 actores
2247 2710 2282 2736 ut

425 2766 557 2798 dictum
581 2778 680 2799 reum
702 2766 935 2799 declinatorie
958 2768 1151 2811 privarent,
1178 2775 1212 2800 et
1233 2769 1336 2801 etiam
1360 2769 1550 2802 dilacionis
1572 2777 1695 2803 contra
1712 2771 1805 2814 jura.

512 2832 668 2866 Secundo
693 2833 775 2877 quia
809 2840 889 2877 post
919 2840 954 2866 et
985 2840 1107 2866 contra
1137 2834 1420 2878 appellacionem
1453 2836 1692 2880 supradictam
1725 2836 1903 2881 ejusdem,
1935 2836 2188 2881 appellationis
2221 2836 2282 2869 lite
