<?xml version="1.0" encoding="UTF-8"?>
<!DOCTYPE html PUBLIC "-//W3C//DTD XHTML 1.0 Transitional//EN"
    "http://www.w3.org/TR/xhtml1/DTD/xhtml1-transitional.dtd">
<html xmlns="http://www.w3.org/1999/xhtml" xml:lang="en" lang="en">
 <head>
  <title>
</title>
<meta http-equiv="Content-Type" content="text/html;charset=utf-8" />
  <meta name='ocr-system' content='tesseract 3.04.00' />
  <meta name='ocr-capabilities' content='ocr_page ocr_carea ocr_par ocr_line ocrx_word'/>
</head>
<body>
  <div class='ocr_page' id='page_1' title='image "auctariumchartul03univuoft_0187.png"; bbox 0 0 2488 3386; ppageno 0'>
   <div class='ocr_carea' id='block_1_1' title="bbox 150 400 2006 440">
    <p class='ocr_par' dir='ltr' id='par_1_1' title="bbox 150 400 2006 440">
     <span class='ocr_line' id='line_1_1' title="bbox 150 400 2006 440; baseline 0.002 -5"><span class='ocrx_word' id='word_1_1' title='bbox 150 400 245 437; x_wconf 87' lang='lat'>1365]</span> <span class='ocrx_word' id='word_1_2' title='bbox 563 414 610 436; x_wconf 74' lang='grc' dir='ltr'>ΑΒ</span> <span class='ocrx_word' id='word_1_3' title='bbox 644 413 750 435; x_wconf 70' lang='grc' dir='ltr'>ΑΝΝο</span> <span class='ocrx_word' id='word_1_4' title='bbox 783 412 914 435; x_wconf 74' lang='grc' dir='ltr'>Μοοοῐ,</span> <span class='ocrx_word' id='word_1_5' title='bbox 947 412 1079 440; x_wconf 77' lang='lat' dir='ltr'><strong>USQUE</strong></span> <span class='ocrx_word' id='word_1_6' title='bbox 1114 413 1162 434; x_wconf 66' lang='lat' dir='ltr'>An</span> <span class='ocrx_word' id='word_1_7' title='bbox 1197 413 1463 435; x_wconf 78' lang='lat' dir='ltr'>BENEDICTUM</span> <span class='ocrx_word' id='word_1_8' title='bbox 1497 415 1586 435; x_wconf 84' lang='lat' dir='ltr'>x111.</span> <span class='ocrx_word' id='word_1_9' title='bbox 1945 406 2006 438; x_wconf 88' lang='grc'>139</span> 
     </span>
    </p>
   </div>
   <div class='ocr_carea' id='block_1_2' title="bbox 146 486 2007 796">
    <p class='ocr_par' dir='ltr' id='par_1_2' title="bbox 146 486 2007 796">
     <span class='ocr_line' id='line_1_2' title="bbox 146 486 2005 533; baseline 0.002 -14"><span class='ocrx_word' id='word_1_10' title='bbox 146 486 320 532; x_wconf 78' lang='lat' dir='ltr'>sopiatur,</span> <span class='ocrx_word' id='word_1_11' title='bbox 349 487 543 520; x_wconf 87' lang='lat' dir='ltr'>scribimus</span> <span class='ocrx_word' id='word_1_12' title='bbox 574 486 774 521; x_wconf 87' lang='lat' dir='ltr'>venerabili</span> <span class='ocrx_word' id='word_1_13' title='bbox 805 486 904 519; x_wconf 86' lang='lat' dir='ltr'>fratri</span> <span class='ocrx_word' id='word_1_14' title='bbox 935 492 1061 518; x_wconf 89' lang='lat' dir='ltr'>nostro</span> <span class='ocrx_word' id='word_1_15' title='bbox 1098 512 1118 518; x_wconf 88' lang='lat'>..</span> <span class='ocrx_word' id='word_1_16' title='bbox 1155 486 1328 531; x_wconf 90' lang='lat' dir='ltr'>episcopo</span> <span class='ocrx_word' id='word_1_17' title='bbox 1359 487 1567 528; x_wconf 63' lang='lat' dir='ltr'>parisiensi,</span> <span class='ocrx_word' id='word_1_18' title='bbox 1604 488 1665 532; x_wconf 91' lang='lat' dir='ltr'>qui</span> <span class='ocrx_word' id='word_1_19' title='bbox 1699 495 1755 521; x_wconf 88' lang='lat' dir='ltr'>est</span> <span class='ocrx_word' id='word_1_20' title='bbox 1782 488 1826 521; x_wconf 87' lang='lat' dir='ltr'>de</span> <span class='ocrx_word' id='word_1_21' title='bbox 1853 501 2005 533; x_wconf 88' lang='lat' dir='ltr'>corpore</span> 
     </span>
     <span class='ocr_line' id='line_1_3' title="bbox 146 552 2007 599; baseline 0.001 -13"><span class='ocrx_word' id='word_1_22' title='bbox 146 559 282 594; x_wconf 81' lang='lat' dir='ltr'>vestro,</span> <span class='ocrx_word' id='word_1_23' title='bbox 304 553 402 598; x_wconf 88' lang='lat' dir='ltr'>quod</span> <span class='ocrx_word' id='word_1_24' title='bbox 429 565 495 598; x_wconf 91' lang='lat' dir='ltr'>pro</span> <span class='ocrx_word' id='word_1_25' title='bbox 525 553 719 587; x_wconf 84' lang='lat' dir='ltr'>concordia</span> <span class='ocrx_word' id='word_1_26' title='bbox 744 552 908 597; x_wconf 87' lang='lat' dir='ltr'>ejusdem</span> <span class='ocrx_word' id='word_1_27' title='bbox 930 552 1069 597; x_wconf 84' lang='lat' dir='ltr'>negotii</span> <span class='ocrx_word' id='word_1_28' title='bbox 1090 552 1294 597; x_wconf 80' lang='lat' dir='ltr'>interponat</span> <span class='ocrx_word' id='word_1_29' title='bbox 1317 553 1458 586; x_wconf 79' lang='lat' dir='ltr'>solicite</span> <span class='ocrx_word' id='word_1_30' title='bbox 1480 560 1599 598; x_wconf 82' lang='lat' dir='ltr'>partes</span> <span class='ocrx_word' id='word_1_31' title='bbox 1620 565 1717 587; x_wconf 88' lang='lat' dir='ltr'>suas.</span> <span class='ocrx_word' id='word_1_32' title='bbox 1740 555 1922 599; x_wconf 81' lang='lat' dir='ltr'>Rogamus</span> <span class='ocrx_word' id='word_1_33' title='bbox 1942 567 2007 588; x_wconf 87' lang='lat' dir='ltr'>vos</span> 
     </span>
     <span class='ocr_line' id='line_1_4' title="bbox 147 619 2006 664; baseline 0.001 -12"><span class='ocrx_word' id='word_1_34' title='bbox 147 619 260 664; x_wconf 82' lang='lat' dir='ltr'>igitur</span> <span class='ocrx_word' id='word_1_35' title='bbox 288 626 324 652; x_wconf 91' lang='lat' dir='ltr'>et</span> <span class='ocrx_word' id='word_1_36' title='bbox 351 619 537 653; x_wconf 86' lang='lat' dir='ltr'>hortamur</span> <span class='ocrx_word' id='word_1_37' title='bbox 565 619 743 653; x_wconf 82' lang='lat' dir='ltr'>attencius</span> <span class='ocrx_word' id='word_1_38' title='bbox 771 619 982 652; x_wconf 84' lang='lat' dir='ltr'>mandantes</span> <span class='ocrx_word' id='word_1_39' title='bbox 1017 619 1186 664; x_wconf 85' lang='lat' dir='ltr'>quatinus</span> <span class='ocrx_word' id='word_1_40' title='bbox 1222 631 1333 664; x_wconf 87' lang='lat' dir='ltr'>super</span> <span class='ocrx_word' id='word_1_41' title='bbox 1365 619 1575 664; x_wconf 87' lang='lat' dir='ltr'>hujusmodi</span> <span class='ocrx_word' id='word_1_42' title='bbox 1609 620 1788 653; x_wconf 83' lang='lat' dir='ltr'>amicabili</span> <span class='ocrx_word' id='word_1_43' title='bbox 1822 621 1877 654; x_wconf 79' lang='lat' dir='ltr'>via</span> <span class='ocrx_word' id='word_1_44' title='bbox 1911 621 2006 654; x_wconf 90' lang='lat' dir='ltr'>dicto</span> 
     </span>
     <span class='ocr_line' id='line_1_5' title="bbox 148 685 2005 731; baseline -0.001 -12"><span class='ocrx_word' id='word_1_45' title='bbox 148 685 321 731; x_wconf 84' lang='lat' dir='ltr'>episcopo</span> <span class='ocrx_word' id='word_1_46' title='bbox 352 685 543 719; x_wconf 88' lang='lat' dir='ltr'>efficaciter</span> <span class='ocrx_word' id='word_1_47' title='bbox 570 686 737 731; x_wconf 74' lang='lat' dir='ltr'>pareatis,</span> <span class='ocrx_word' id='word_1_48' title='bbox 767 691 801 718; x_wconf 91' lang='lat' dir='ltr'>et</span> <span class='ocrx_word' id='word_1_49' title='bbox 827 685 971 718; x_wconf 78' lang='lat' dir='ltr'>interim</span> <span class='ocrx_word' id='word_1_50' title='bbox 999 697 1017 718; x_wconf 84' lang='lat' dir='ltr'>a</span> <span class='ocrx_word' id='word_1_51' title='bbox 1043 685 1161 718; x_wconf 90' lang='lat' dir='ltr'>solitis</span> <span class='ocrx_word' id='word_1_52' title='bbox 1190 685 1411 719; x_wconf 84' lang='lat' dir='ltr'>lectionibus</span> <span class='ocrx_word' id='word_1_53' title='bbox 1436 692 1471 718; x_wconf 88' lang='lat' dir='ltr'>et</span> <span class='ocrx_word' id='word_1_54' title='bbox 1491 686 1612 719; x_wconf 86' lang='lat' dir='ltr'>studio</span> <span class='ocrx_word' id='word_1_55' title='bbox 1638 698 1710 719; x_wconf 89' lang='lat' dir='ltr'>non</span> <span class='ocrx_word' id='word_1_56' title='bbox 1736 687 1901 720; x_wconf 85' lang='lat' dir='ltr'>cessetis.</span> <span class='ocrx_word' id='word_1_57' title='bbox 1929 688 2005 720; x_wconf 86' lang='lat' dir='ltr'>Dat.</span> 
     </span>
     <span class='ocr_line' id='line_1_6' title="bbox 148 752 964 796; baseline 0 -12"><span class='ocrx_word' id='word_1_58' title='bbox 148 752 326 785; x_wconf 87' lang='lat' dir='ltr'>Avinione</span> <span class='ocrx_word' id='word_1_59' title='bbox 347 752 370 796; x_wconf 88' lang='lat' dir='ltr'>ij</span> <span class='ocrx_word' id='word_1_60' title='bbox 392 752 441 785; x_wconf 87' lang='lat' dir='ltr'>id.</span> <span class='ocrx_word' id='word_1_61' title='bbox 463 752 692 794; x_wconf 82' lang='lat' dir='ltr'>Novembris,</span> <span class='ocrx_word' id='word_1_62' title='bbox 709 763 804 785; x_wconf 87' lang='lat' dir='ltr'>anno</span> <span class='ocrx_word' id='word_1_63' title='bbox 825 758 964 796; x_wconf 88' lang='lat' dir='ltr'>quarto.</span> 
     </span>
    </p>
   </div>
   <div class='ocr_carea' id='block_1_3' title="bbox 242 849 878 880">
    <p class='ocr_par' dir='ltr' id='par_1_3' title="bbox 242 849 878 880">
     <span class='ocr_line' id='line_1_7' title="bbox 242 849 878 880; baseline 0 -8"><span class='ocrx_word' id='word_1_64' title='bbox 242 849 303 880; x_wconf 82' lang='lat' dir='ltr'>Reg.</span> <span class='ocrx_word' id='word_1_65' title='bbox 322 849 378 873; x_wconf 75' lang='lat' dir='ltr'>Vnt.</span> <span class='ocrx_word' id='word_1_66' title='bbox 395 850 492 873; x_wconf 53' lang='lat' dir='ltr'>sceret.</span> <span class='ocrx_word' id='word_1_67' title='bbox 511 849 611 873; x_wconf 83' lang='lat' dir='ltr'>Urbuni</span> <span class='ocrx_word' id='word_1_68' title='bbox 627 850 656 879; x_wconf 82' lang='lat' dir='ltr'>V,</span> <span class='ocrx_word' id='word_1_69' title='bbox 675 854 703 872; x_wconf 84' lang='lat' dir='ltr'>n0</span> <span class='ocrx_word' id='word_1_70' title='bbox 722 850 776 875; x_wconf 68' lang='lat'>248.</span> <span class='ocrx_word' id='word_1_71' title='bbox 794 850 838 873; x_wconf 80' lang='lat' dir='ltr'>fot.</span> <span class='ocrx_word' id='word_1_72' title='bbox 855 851 878 872; x_wconf 88' lang='lat'>5.</span> 
     </span>
    </p>
   </div>
   <div class='ocr_carea' id='block_1_4' title="bbox 150 1025 2015 1313">
    <p class='ocr_par' dir='ltr' id='par_1_4' title="bbox 150 1025 2012 1072">
     <span class='ocr_line' id='line_1_8' title="bbox 150 1025 2012 1072; baseline 0 -10"><span class='ocrx_word' id='word_1_73' title='bbox 150 1025 291 1062; x_wconf 83' lang='grc'><strong>1314.</strong></span> <span class='ocrx_word' id='word_1_74' title='bbox 320 1034 450 1060; x_wconf 80' lang='lat' dir='ltr'>Urbanus</span> <span class='ocrx_word' id='word_1_75' title='bbox 476 1035 500 1061; x_wconf 82' lang='lat' dir='ltr'><em>V</em></span> <span class='ocrx_word' id='word_1_76' title='bbox 514 1034 664 1070; x_wconf 83' lang='lat' dir='ltr'>(Grimerio</span> <span class='ocrx_word' id='word_1_77' title='bbox 680 1034 837 1068; x_wconf 80' lang='lat' dir='ltr'>Bonifacii)</span> <span class='ocrx_word' id='word_1_78' title='bbox 853 1034 1028 1061; x_wconf 85' lang='lat' dir='ltr'>cancellario</span> <span class='ocrx_word' id='word_1_79' title='bbox 1043 1034 1206 1060; x_wconf 84' lang='lat' dir='ltr'>Parisiensi</span> <span class='ocrx_word' id='word_1_80' title='bbox 1220 1035 1343 1070; x_wconf 80' lang='lat' dir='ltr'>injungit</span> <span class='ocrx_word' id='word_1_81' title='bbox 1358 1038 1388 1060; x_wconf 90' lang='lat' dir='ltr'>ut</span> <span class='ocrx_word' id='word_1_82' title='bbox 1407 1034 1531 1060; x_wconf 80' lang='lat' dir='ltr'>Alanum</span> <span class='ocrx_word' id='word_1_83' title='bbox 1550 1035 1646 1069; x_wconf 85' lang='lat' dir='ltr'>Tardi,</span> <span class='ocrx_word' id='word_1_84' title='bbox 1673 1035 1738 1062; x_wconf 91' lang='lat' dir='ltr'>Ord.</span> <span class='ocrx_word' id='word_1_85' title='bbox 1755 1037 1842 1069; x_wconf 80' lang='lat' dir='ltr'><strong><em>fratr.</em></strong></span> <span class='ocrx_word' id='word_1_86' title='bbox 1864 1036 1944 1071; x_wconf 62' lang='lat' dir='ltr'>Min„</span> <span class='ocrx_word' id='word_1_87' title='bbox 1963 1037 2012 1072; x_wconf 84' lang='lat' dir='ltr'>qui</span> 
     </span>
    </p>

    <p class='ocr_par' dir='ltr' id='par_1_5' title="bbox 218 1082 2015 1120">
     <span class='ocr_line' id='line_1_9' title="bbox 218 1082 2015 1120; baseline 0.002 -12"><span class='ocrx_word' id='word_1_88' title='bbox 218 1084 265 1120; x_wconf 31' lang='lat' dir='ltr'>&#39;in</span> <span class='ocrx_word' id='word_1_89' title='bbox 289 1083 386 1109; x_wconf 82' lang='lat' dir='ltr'>multis</span> <span class='ocrx_word' id='word_1_90' title='bbox 408 1083 478 1109; x_wconf 86' lang='lat' dir='ltr'>locis</span> <span class='ocrx_word' id='word_1_91' title='bbox 502 1083 573 1109; x_wconf 82' lang='lat' dir='ltr'>dicti</span> <span class='ocrx_word' id='word_1_92' title='bbox 600 1083 715 1109; x_wconf 82' lang='lat' dir='ltr'>Ordinis</span> <span class='ocrx_word' id='word_1_93' title='bbox 738 1082 826 1108; x_wconf 76' lang='lat' dir='ltr'>lector</span> <span class='ocrx_word' id='word_1_94' title='bbox 846 1084 911 1117; x_wconf 80' lang='lat' dir='ltr'>fuit,</span> <span class='ocrx_word' id='word_1_95' title='bbox 930 1087 958 1109; x_wconf 85' lang='lat' dir='ltr'>et</span> <span class='ocrx_word' id='word_1_96' title='bbox 971 1087 1090 1119; x_wconf 84' lang='lat' dir='ltr'>propter</span> <span class='ocrx_word' id='word_1_97' title='bbox 1113 1092 1279 1109; x_wconf 83' lang='lat' dir='ltr'>concursum</span> <span class='ocrx_word' id='word_1_98' title='bbox 1300 1083 1422 1109; x_wconf 85' lang='lat' dir='ltr'>aliorum</span> <span class='ocrx_word' id='word_1_99' title='bbox 1446 1083 1581 1109; x_wconf 88' lang='lat' dir='ltr'>lectorum</span> <span class='ocrx_word' id='word_1_100' title='bbox 1597 1083 1626 1109; x_wconf 89' lang='lat' dir='ltr'>in</span> <span class='ocrx_word' id='word_1_101' title='bbox 1641 1084 1737 1110; x_wconf 87' lang='lat' dir='ltr'>studio</span> <span class='ocrx_word' id='word_1_102' title='bbox 1752 1085 1847 1111; x_wconf 83' lang='lat' dir='ltr'>Paris.</span> <span class='ocrx_word' id='word_1_103' title='bbox 1862 1094 1916 1120; x_wconf 84' lang='lat' dir='ltr'>per</span> <span class='ocrx_word' id='word_1_104' title='bbox 1937 1084 2015 1120; x_wconf 77' lang='lat' dir='ltr'>longi</span> 
     </span>
    </p>

    <p class='ocr_par' dir='ltr' id='par_1_6' title="bbox 238 1131 2015 1168">
     <span class='ocr_line' id='line_1_10' title="bbox 238 1131 2015 1168; baseline 0.002 -11"><span class='ocrx_word' id='word_1_105' title='bbox 238 1132 372 1168; x_wconf 81' lang='lat' dir='ltr'>temporis</span> <span class='ocrx_word' id='word_1_106' title='bbox 390 1132 517 1168; x_wconf 82' lang='lat' dir='ltr'>spatium</span> <span class='ocrx_word' id='word_1_107' title='bbox 533 1135 701 1168; x_wconf 74' lang='lat' dir='ltr'>exspectare</span> <span class='ocrx_word' id='word_1_108' title='bbox 717 1131 840 1166; x_wconf 82' lang='lat' dir='ltr'>deberet,</span> <span class='ocrx_word' id='word_1_109' title='bbox 859 1132 899 1158; x_wconf 89' lang='lat' dir='ltr'>ad</span> <span class='ocrx_word' id='word_1_110' title='bbox 914 1132 1052 1167; x_wconf 79' lang='lat' dir='ltr'>legendas</span> <span class='ocrx_word' id='word_1_111' title='bbox 1069 1133 1232 1158; x_wconf 84' lang='lat' dir='ltr'>Sententias</span> <span class='ocrx_word' id='word_1_112' title='bbox 1249 1133 1278 1158; x_wconf 84' lang='lat' dir='ltr'>in</span> <span class='ocrx_word' id='word_1_113' title='bbox 1292 1132 1489 1158; x_wconf 73' lang='lat' dir='ltr'>vacationibus</span> <span class='ocrx_word' id='word_1_114' title='bbox 1508 1132 1624 1168; x_wconf 84' lang='lat' dir='ltr'>deputet</span> <span class='ocrx_word' id='word_1_115' title='bbox 1638 1136 1665 1158; x_wconf 91' lang='lat' dir='ltr'>et</span> <span class='ocrx_word' id='word_1_116' title='bbox 1680 1133 1817 1168; x_wconf 79' lang='lat' dir='ltr'>assignet,</span> <span class='ocrx_word' id='word_1_117' title='bbox 1836 1137 1863 1159; x_wconf 85' lang='lat' dir='ltr'>et</span> <span class='ocrx_word' id='word_1_118' title='bbox 1877 1134 2015 1160; x_wconf 84' lang='lat' dir='ltr'>concedat</span> 
     </span>
    </p>

    <p class='ocr_par' dir='ltr' id='par_1_7' title="bbox 238 1181 2011 1219">
     <span class='ocr_line' id='line_1_11' title="bbox 238 1181 2011 1219; baseline 0.001 -12"><span class='ocrx_word' id='word_1_119' title='bbox 238 1181 315 1216; x_wconf 88' lang='lat' dir='ltr'>quod</span> <span class='ocrx_word' id='word_1_120' title='bbox 329 1185 439 1217; x_wconf 81' lang='lat' dir='ltr'>tempus</span> <span class='ocrx_word' id='word_1_121' title='bbox 455 1181 582 1207; x_wconf 80' lang='lat' dir='ltr'>tecturae</span> <span class='ocrx_word' id='word_1_122' title='bbox 597 1181 760 1216; x_wconf 80' lang='lat' dir='ltr'>hujusmodi</span> <span class='ocrx_word' id='word_1_123' title='bbox 774 1181 814 1207; x_wconf 89' lang='lat' dir='ltr'>ad</span> <span class='ocrx_word' id='word_1_124' title='bbox 829 1181 961 1207; x_wconf 82' lang='lat' dir='ltr'>honorem</span> <span class='ocrx_word' id='word_1_125' title='bbox 977 1181 1138 1215; x_wconf 81' lang='lat' dir='ltr'>magisterii</span> <span class='ocrx_word' id='word_1_126' title='bbox 1153 1181 1347 1217; x_wconf 82' lang='lat' dir='ltr'>recipiendum</span> <span class='ocrx_word' id='word_1_127' title='bbox 1365 1181 1485 1217; x_wconf 81' lang='lat' dir='ltr'>perinde</span> <span class='ocrx_word' id='word_1_128' title='bbox 1501 1181 1592 1207; x_wconf 81' lang='lat' dir='ltr'>eidem</span> <span class='ocrx_word' id='word_1_129' title='bbox 1607 1181 1701 1207; x_wconf 86' lang='lat' dir='ltr'>Alano</span> <span class='ocrx_word' id='word_1_130' title='bbox 1719 1182 1824 1208; x_wconf 85' lang='lat' dir='ltr'>debeat</span> <span class='ocrx_word' id='word_1_131' title='bbox 1844 1184 2011 1219; x_wconf 82' lang='lat' dir='ltr'>computari,</span> 
     </span>
    </p>

    <p class='ocr_par' dir='ltr' id='par_1_8' title="bbox 237 1229 2014 1313">
     <span class='ocr_line' id='line_1_12' title="bbox 237 1229 2014 1266; baseline 0.002 -11"><span class='ocrx_word' id='word_1_132' title='bbox 237 1239 271 1255; x_wconf 91' lang='lat' dir='ltr'>ac</span> <span class='ocrx_word' id='word_1_133' title='bbox 286 1231 314 1256; x_wconf 84' lang='lat' dir='ltr'>si</span> <span class='ocrx_word' id='word_1_134' title='bbox 327 1230 389 1266; x_wconf 84' lang='lat' dir='ltr'>ipse</span> <span class='ocrx_word' id='word_1_135' title='bbox 403 1231 521 1256; x_wconf 82' lang='lat' dir='ltr'>statutis</span> <span class='ocrx_word' id='word_1_136' title='bbox 538 1230 711 1266; x_wconf 80' lang='lat' dir='ltr'>temporibus</span> <span class='ocrx_word' id='word_1_137' title='bbox 727 1230 819 1256; x_wconf 84' lang='lat' dir='ltr'>dictos</span> <span class='ocrx_word' id='word_1_138' title='bbox 839 1230 927 1256; x_wconf 86' lang='lat' dir='ltr'>libros</span> <span class='ocrx_word' id='word_1_139' title='bbox 943 1230 972 1256; x_wconf 91' lang='lat' dir='ltr'>in</span> <span class='ocrx_word' id='word_1_140' title='bbox 987 1229 1084 1256; x_wconf 81' lang='lat' dir='ltr'>eodem</span> <span class='ocrx_word' id='word_1_141' title='bbox 1100 1230 1196 1255; x_wconf 80' lang='lat' dir='ltr'>studio</span> <span class='ocrx_word' id='word_1_142' title='bbox 1217 1230 1359 1265; x_wconf 75' lang='lat' dir='ltr'>legisset‘.</span> <span class='ocrx_word' id='word_1_143' title='bbox 1383 1231 1447 1256; x_wconf 29' lang='lat' dir='ltr'>Dat‘</span> <span class='ocrx_word' id='word_1_144' title='bbox 1472 1230 1613 1257; x_wconf 84' lang='lat' dir='ltr'>Avinione</span> <span class='ocrx_word' id='word_1_145' title='bbox 1634 1231 1663 1265; x_wconf 83' lang='lat' dir='ltr'>iij</span> <span class='ocrx_word' id='word_1_146' title='bbox 1682 1231 1721 1257; x_wconf 91' lang='lat' dir='ltr'>id.</span> <span class='ocrx_word' id='word_1_147' title='bbox 1743 1232 1919 1262; x_wconf 81' lang='lat' dir='ltr'>Decembris,</span> <span class='ocrx_word' id='word_1_148' title='bbox 1935 1241 2014 1259; x_wconf 88' lang='lat' dir='ltr'>anno</span> 
     </span>
     <span class='ocr_line' id='line_1_13' title="bbox 237 1279 688 1313; baseline 0 -8"><span class='ocrx_word' id='word_1_149' title='bbox 237 1281 352 1312; x_wconf 85' lang='lat' dir='ltr'>quarto.</span> <span class='ocrx_word' id='word_1_150' title='bbox 372 1289 385 1303; x_wconf 78' lang='grc' dir='ltr'>ι(</span> <span class='ocrx_word' id='word_1_151' title='bbox 401 1279 556 1313; x_wconf 85' lang='lat' dir='ltr'>Religionis</span> <span class='ocrx_word' id='word_1_152' title='bbox 570 1280 648 1306; x_wconf 89' lang='lat' dir='ltr'>zelus</span> <span class='ocrx_word' id='word_1_153' title='bbox 664 1290 688 1305; x_wconf 71' lang='lat' dir='ltr'>n.</span> 
     </span>
    </p>
   </div>
   <div class='ocr_carea' id='block_1_5' title="bbox 245 1329 1731 1407">
    <p class='ocr_par' dir='ltr' id='par_1_9' title="bbox 245 1329 1731 1407">
     <span class='ocr_line' id='line_1_14' title="bbox 1307 1329 1731 1358; baseline 0.002 -4"><span class='ocrx_word' id='word_1_154' title='bbox 1307 1329 1379 1358; x_wconf 82' lang='grc'><strong><em>1365,</em></strong></span> <span class='ocrx_word' id='word_1_155' title='bbox 1393 1329 1538 1355; x_wconf 76' lang='lat' dir='ltr'>Decembris</span> <span class='ocrx_word' id='word_1_156' title='bbox 1555 1329 1586 1358; x_wconf 91' lang='grc'>11.</span> <span class='ocrx_word' id='word_1_157' title='bbox 1602 1329 1731 1355; x_wconf 73' lang='lat' dir='ltr'>Arenlone.</span> 
     </span>
     <span class='ocr_line' id='line_1_15' title="bbox 245 1375 942 1407; baseline 0.001 -8"><span class='ocrx_word' id='word_1_158' title='bbox 245 1375 308 1407; x_wconf 81' lang='lat' dir='ltr'>Reg.</span> <span class='ocrx_word' id='word_1_159' title='bbox 326 1376 383 1399; x_wconf 78' lang='lat' dir='ltr'>Vat.</span> <span class='ocrx_word' id='word_1_160' title='bbox 402 1376 482 1400; x_wconf 80' lang='lat' dir='ltr'>Aven.</span> <span class='ocrx_word' id='word_1_161' title='bbox 498 1376 600 1400; x_wconf 83' lang='lat' dir='ltr'>Urbani</span> <span class='ocrx_word' id='word_1_162' title='bbox 618 1377 646 1406; x_wconf 75' lang='lat' dir='ltr'>V,</span> <span class='ocrx_word' id='word_1_163' title='bbox 659 1376 711 1399; x_wconf 82' lang='lat' dir='ltr'>vol.</span> <span class='ocrx_word' id='word_1_164' title='bbox 726 1377 789 1405; x_wconf 87' lang='lat' dir='ltr'>XIV,</span> <span class='ocrx_word' id='word_1_165' title='bbox 809 1377 855 1400; x_wconf 83' lang='lat' dir='ltr'>fol.</span> <span class='ocrx_word' id='word_1_166' title='bbox 870 1376 942 1400; x_wconf 73' lang='lat'>25111.</span> 
     </span>
    </p>
   </div>
   <div class='ocr_carea' id='block_1_6' title="bbox 152 1460 2015 1537">
    <p class='ocr_par' dir='ltr' id='par_1_10' title="bbox 152 1460 2015 1537">
     <span class='ocr_line' id='line_1_16' title="bbox 246 1460 2015 1492; baseline 0.002 -9"><span class='ocrx_word' id='word_1_167' title='bbox 246 1461 268 1484; x_wconf 90' lang='lat'>1.</span> <span class='ocrx_word' id='word_1_168' title='bbox 292 1460 343 1483; x_wconf 84' lang='lat' dir='ltr'>Sed</span> <span class='ocrx_word' id='word_1_169' title='bbox 358 1468 389 1484; x_wconf 84' lang='lat' dir='ltr'>ex</span> <span class='ocrx_word' id='word_1_170' title='bbox 407 1460 539 1490; x_wconf 72' lang='lat' dir='ltr'>Cataloyo</span> <span class='ocrx_word' id='word_1_171' title='bbox 561 1460 652 1484; x_wconf 74' lang='lat' dir='ltr'>licent.</span> <span class='ocrx_word' id='word_1_172' title='bbox 679 1460 711 1485; x_wconf 84' lang='lat' dir='ltr'>in</span> <span class='ocrx_word' id='word_1_173' title='bbox 729 1467 750 1485; x_wconf 82' lang='lat' dir='ltr'>s.</span> <span class='ocrx_word' id='word_1_174' title='bbox 773 1460 855 1485; x_wconf 82' lang='lat' dir='ltr'>theol.</span> <span class='ocrx_word' id='word_1_175' title='bbox 875 1460 1013 1490; x_wconf 77' lang='lat' dir='ltr'><em>facultate</em></span> <span class='ocrx_word' id='word_1_176' title='bbox 1029 1460 1108 1492; x_wconf 75' lang='lat' dir='ltr'>&lt;13th.</span> <span class='ocrx_word' id='word_1_177' title='bbox 1130 1463 1183 1484; x_wconf 82' lang='lat' dir='ltr'>nat.</span> <span class='ocrx_word' id='word_1_178' title='bbox 1207 1460 1289 1483; x_wconf 80' lang='lat' dir='ltr'>Puris.</span> <span class='ocrx_word' id='word_1_179' title='bbox 1314 1468 1378 1485; x_wconf 79' lang='lat' dir='ltr'>mss.</span> <span class='ocrx_word' id='word_1_180' title='bbox 1402 1460 1449 1484; x_wconf 80' lang='lat' dir='ltr'>lat.</span> <span class='ocrx_word' id='word_1_181' title='bbox 1471 1462 1559 1490; x_wconf 80' lang='lat'><strong>5657·,</strong></span> <span class='ocrx_word' id='word_1_182' title='bbox 1581 1461 1666 1492; x_wconf 87' lang='grc'>12850)</span> <span class='ocrx_word' id='word_1_183' title='bbox 1685 1462 1783 1485; x_wconf 81' lang='lat' dir='ltr'>seimus</span> <span class='ocrx_word' id='word_1_184' title='bbox 1807 1463 1917 1486; x_wconf 76' lang='lat' dir='ltr'>Alanum</span> <span class='ocrx_word' id='word_1_185' title='bbox 1936 1463 2015 1486; x_wconf 76' lang='lat' dir='ltr'>Tardi</span> 
     </span>
     <span class='ocr_line' id='line_1_17' title="bbox 152 1503 1986 1537; baseline 0.002 -10"><span class='ocrx_word' id='word_1_186' title='bbox 152 1512 220 1527; x_wconf 81' lang='lat' dir='ltr'>anno</span> <span class='ocrx_word' id='word_1_187' title='bbox 238 1504 298 1528; x_wconf 84' lang='lat'>1383</span> <span class='ocrx_word' id='word_1_188' title='bbox 312 1507 415 1527; x_wconf 80' lang='lat' dir='ltr'>tantum</span> <span class='ocrx_word' id='word_1_189' title='bbox 432 1503 564 1528; x_wconf 78' lang='lat' dir='ltr'>licentiam</span> <span class='ocrx_word' id='word_1_190' title='bbox 580 1504 736 1537; x_wconf 79' lang='lat' dir='ltr'>obtinuisse,</span> <span class='ocrx_word' id='word_1_191' title='bbox 752 1504 779 1527; x_wconf 85' lang='lat' dir='ltr'>id</span> <span class='ocrx_word' id='word_1_192' title='bbox 796 1507 836 1527; x_wconf 84' lang='lat' dir='ltr'>est</span> <span class='ocrx_word' id='word_1_193' title='bbox 847 1512 895 1535; x_wconf 83' lang='lat' dir='ltr'>per</span> <span class='ocrx_word' id='word_1_194' title='bbox 913 1505 942 1527; x_wconf 88' lang='lat'>18</span> <span class='ocrx_word' id='word_1_195' title='bbox 957 1512 1039 1527; x_wconf 81' lang='lat' dir='ltr'>annos</span> <span class='ocrx_word' id='word_1_196' title='bbox 1055 1504 1128 1527; x_wconf 77' lang='lat' dir='ltr'>itlius</span> <span class='ocrx_word' id='word_1_197' title='bbox 1143 1504 1243 1535; x_wconf 79' lang='lat' dir='ltr'>gradus</span> <span class='ocrx_word' id='word_1_198' title='bbox 1260 1504 1386 1528; x_wconf 81' lang='lat' dir='ltr'>honorem</span> <span class='ocrx_word' id='word_1_199' title='bbox 1399 1505 1583 1536; x_wconf 78' lang='lat' dir='ltr'>exspectando.</span> <span class='ocrx_word' id='word_1_200' title='bbox 1600 1506 1635 1529; x_wconf 87' lang='lat' dir='ltr'>De</span> <span class='ocrx_word' id='word_1_201' title='bbox 1652 1505 1711 1536; x_wconf 85' lang='lat' dir='ltr'>ipso</span> <span class='ocrx_word' id='word_1_202' title='bbox 1727 1506 1795 1529; x_wconf 79' lang='lat' dir='ltr'>infra</span> <span class='ocrx_word' id='word_1_203' title='bbox 1813 1507 1845 1529; x_wconf 86' lang='lat' dir='ltr'>nd</span> <span class='ocrx_word' id='word_1_204' title='bbox 1861 1515 1902 1530; x_wconf 80' lang='lat' dir='ltr'>un.</span> <span class='ocrx_word' id='word_1_205' title='bbox 1917 1508 1986 1532; x_wconf 86' lang='lat'>1385.</span> 
     </span>
    </p>
   </div>
   <div class='ocr_carea' id='block_1_7' title="bbox 158 1687 2022 1977">
    <p class='ocr_par' dir='ltr' id='par_1_11' title="bbox 158 1687 2022 1977">
     <span class='ocr_line' id='line_1_18' title="bbox 158 1687 2022 1736; baseline 0.002 -13"><span class='ocrx_word' id='word_1_206' title='bbox 158 1687 299 1724; x_wconf 82' lang='grc'><strong>1315.</strong></span> <span class='ocrx_word' id='word_1_207' title='bbox 328 1697 458 1723; x_wconf 82' lang='lat' dir='ltr'>Urbanus</span> <span class='ocrx_word' id='word_1_208' title='bbox 485 1699 508 1724; x_wconf 92' lang='lat' dir='ltr'><em>V</em></span> <span class='ocrx_word' id='word_1_209' title='bbox 527 1697 649 1724; x_wconf 81' lang='lat' dir='ltr'>Ger-aldo</span> <span class='ocrx_word' id='word_1_210' title='bbox 669 1697 819 1733; x_wconf 76' lang='lat' dir='ltr'>Aymerici,</span> <span class='ocrx_word' id='word_1_211' title='bbox 845 1697 910 1724; x_wconf 91' lang='lat' dir='ltr'>Ord.</span> <span class='ocrx_word' id='word_1_212' title='bbox 933 1699 1019 1732; x_wconf 78' lang='lat' dir='ltr'>fratr.</span> <span class='ocrx_word' id='word_1_213' title='bbox 1037 1698 1154 1724; x_wconf 85' lang='lat' dir='ltr'>Eremit.</span> <span class='ocrx_word' id='word_1_214' title='bbox 1172 1700 1198 1724; x_wconf 89' lang='lat' dir='ltr'>S.</span> <span class='ocrx_word' id='word_1_215' title='bbox 1217 1699 1300 1733; x_wconf 63' lang='lat' dir='ltr'>Aug„</span> <span class='ocrx_word' id='word_1_216' title='bbox 1318 1708 1341 1724; x_wconf 84' lang='lat' dir='ltr'>s.</span> <span class='ocrx_word' id='word_1_217' title='bbox 1361 1698 1522 1733; x_wconf 77' lang='lat' dir='ltr'>theologiae</span> <span class='ocrx_word' id='word_1_218' title='bbox 1541 1699 1710 1735; x_wconf 77' lang='lat' dir='ltr'>professori,</span> <span class='ocrx_word' id='word_1_219' title='bbox 1737 1700 1830 1736; x_wconf 78' lang='lat' dir='ltr'>priori</span> <span class='ocrx_word' id='word_1_220' title='bbox 1850 1701 2022 1736; x_wconf 79' lang='lat' dir='ltr'>provinciali</span> 
     </span>
     <span class='ocr_line' id='line_1_19' title="bbox 244 1745 2022 1783; baseline 0.003 -12"><span class='ocrx_word' id='word_1_221' title='bbox 244 1745 418 1781; x_wconf 76' lang='lat' dir='ltr'>Provinciae,</span> <span class='ocrx_word' id='word_1_222' title='bbox 439 1755 501 1772; x_wconf 87' lang='lat' dir='ltr'>cum</span> <span class='ocrx_word' id='word_1_223' title='bbox 517 1746 634 1782; x_wconf 82' lang='lat' dir='ltr'>quidam</span> <span class='ocrx_word' id='word_1_224' title='bbox 650 1748 744 1781; x_wconf 78' lang='lat' dir='ltr'>frater</span> <span class='ocrx_word' id='word_1_225' title='bbox 755 1746 920 1783; x_wconf 80' lang='lat' dir='ltr'>provinciae</span> <span class='ocrx_word' id='word_1_226' title='bbox 939 1747 1107 1782; x_wconf 80' lang='lat' dir='ltr'>Tolosanae,</span> <span class='ocrx_word' id='word_1_227' title='bbox 1128 1756 1181 1783; x_wconf 84' lang='lat' dir='ltr'>per</span> <span class='ocrx_word' id='word_1_228' title='bbox 1200 1747 1368 1781; x_wconf 81' lang='lat' dir='ltr'>diffinitores</span> <span class='ocrx_word' id='word_1_229' title='bbox 1392 1747 1519 1783; x_wconf 84' lang='lat' dir='ltr'>Capituli</span> <span class='ocrx_word' id='word_1_230' title='bbox 1536 1748 1681 1782; x_wconf 79' lang='lat' dir='ltr'>generalis</span> <span class='ocrx_word' id='word_1_231' title='bbox 1698 1748 1796 1775; x_wconf 87' lang='lat' dir='ltr'>ultimo</span> <span class='ocrx_word' id='word_1_232' title='bbox 1811 1749 1963 1776; x_wconf 77' lang='lat' dir='ltr'>celebrati*</span> <span class='ocrx_word' id='word_1_233' title='bbox 1981 1750 2022 1776; x_wconf 89' lang='lat' dir='ltr'>ad</span> 
     </span>
     <span class='ocr_line' id='line_1_20' title="bbox 242 1794 2021 1834; baseline 0.003 -14"><span class='ocrx_word' id='word_1_234' title='bbox 242 1794 391 1829; x_wconf 78' lang='lat' dir='ltr'>legendum</span> <span class='ocrx_word' id='word_1_235' title='bbox 416 1795 547 1821; x_wconf 86' lang='lat' dir='ltr'>Parisius</span> <span class='ocrx_word' id='word_1_236' title='bbox 574 1804 649 1821; x_wconf 90' lang='lat' dir='ltr'>anno</span> <span class='ocrx_word' id='word_1_237' title='bbox 670 1796 802 1831; x_wconf 74' lang='lat' dir='ltr'>proximo</span> <span class='ocrx_word' id='word_1_238' title='bbox 826 1797 924 1830; x_wconf 78' lang='lat' dir='ltr'>futuro</span> <span class='ocrx_word' id='word_1_239' title='bbox 949 1796 1052 1822; x_wconf 86' lang='lat' dir='ltr'>librum</span> <span class='ocrx_word' id='word_1_240' title='bbox 1081 1796 1292 1822; x_wconf 80' lang='lat' dir='ltr'>Sententiarum</span> <span class='ocrx_word' id='word_1_241' title='bbox 1319 1796 1485 1833; x_wconf 83' lang='lat' dir='ltr'>deputatus,</span> <span class='ocrx_word' id='word_1_242' title='bbox 1504 1796 1630 1823; x_wconf 80' lang='lat' dir='ltr'>debitum</span> <span class='ocrx_word' id='word_1_243' title='bbox 1650 1801 1774 1823; x_wconf 83' lang='lat' dir='ltr'>naturae</span> <span class='ocrx_word' id='word_1_244' title='bbox 1798 1798 1974 1834; x_wconf 73' lang='lat' dir='ltr'>persolverit,</span> <span class='ocrx_word' id='word_1_245' title='bbox 1993 1800 2021 1825; x_wconf 88' lang='lat' dir='ltr'>in</span> 
     </span>
     <span class='ocr_line' id='line_1_21' title="bbox 244 1843 2022 1882; baseline 0.003 -13"><span class='ocrx_word' id='word_1_246' title='bbox 244 1843 377 1869; x_wconf 83' lang='lat' dir='ltr'>absentia</span> <span class='ocrx_word' id='word_1_247' title='bbox 390 1844 498 1880; x_wconf 79' lang='lat' dir='ltr'>prioris</span> <span class='ocrx_word' id='word_1_248' title='bbox 512 1844 684 1879; x_wconf 67' lang='lat' dir='ltr'>generali-3²,</span> <span class='ocrx_word' id='word_1_249' title='bbox 702 1844 742 1870; x_wconf 90' lang='lat' dir='ltr'>ad</span> <span class='ocrx_word' id='word_1_250' title='bbox 755 1853 837 1880; x_wconf 85' lang='lat' dir='ltr'>quem</span> <span class='ocrx_word' id='word_1_251' title='bbox 852 1845 1016 1880; x_wconf 85' lang='lat' dir='ltr'>hujusmodi</span> <span class='ocrx_word' id='word_1_252' title='bbox 1030 1845 1194 1880; x_wconf 72' lang='lat' dir='ltr'>sur-rogatio</span> <span class='ocrx_word' id='word_1_253' title='bbox 1208 1846 1353 1881; x_wconf 82' lang='lat' dir='ltr'>pertinere</span> <span class='ocrx_word' id='word_1_254' title='bbox 1368 1845 1553 1880; x_wconf 80' lang='lat' dir='ltr'>dignoscitur,</span> <span class='ocrx_word' id='word_1_255' title='bbox 1568 1855 1723 1882; x_wconf 81' lang='lat' dir='ltr'>personam</span> <span class='ocrx_word' id='word_1_256' title='bbox 1738 1847 1869 1873; x_wconf 89' lang='lat' dir='ltr'>idoneam</span> <span class='ocrx_word' id='word_1_257' title='bbox 1887 1848 1915 1873; x_wconf 93' lang='lat' dir='ltr'>in</span> <span class='ocrx_word' id='word_1_258' title='bbox 1931 1848 2022 1874; x_wconf 85' lang='lat' dir='ltr'>locum</span> 
     </span>
     <span class='ocr_line' id='line_1_22' title="bbox 244 1892 2019 1931; baseline 0.003 -13"><span class='ocrx_word' id='word_1_259' title='bbox 244 1892 370 1927; x_wconf 82' lang='lat' dir='ltr'>ejusdem</span> <span class='ocrx_word' id='word_1_260' title='bbox 391 1893 522 1927; x_wconf 79' lang='lat' dir='ltr'>defuncti</span> <span class='ocrx_word' id='word_1_261' title='bbox 536 1893 591 1919; x_wconf 81' lang='lat' dir='ltr'>hac</span> <span class='ocrx_word' id='word_1_262' title='bbox 611 1895 667 1920; x_wconf 83' lang='lat' dir='ltr'>vice</span> <span class='ocrx_word' id='word_1_263' title='bbox 688 1893 843 1920; x_wconf 72' lang='lat' dir='ltr'>dumtaoeat</span> <span class='ocrx_word' id='word_1_264' title='bbox 866 1894 1049 1929; x_wconf 83' lang='lat' dir='ltr'>surrogandi,</span> <span class='ocrx_word' id='word_1_265' title='bbox 1067 1898 1094 1920; x_wconf 88' lang='lat' dir='ltr'>et</span> <span class='ocrx_word' id='word_1_266' title='bbox 1109 1894 1149 1920; x_wconf 86' lang='lat' dir='ltr'>ad</span> <span class='ocrx_word' id='word_1_267' title='bbox 1164 1894 1302 1920; x_wconf 82' lang='lat' dir='ltr'>lecturam</span> <span class='ocrx_word' id='word_1_268' title='bbox 1318 1894 1483 1930; x_wconf 84' lang='lat' dir='ltr'>hujusmodi</span> <span class='ocrx_word' id='word_1_269' title='bbox 1503 1895 1672 1931; x_wconf 75' lang='lat' dir='ltr'>deputandi,</span> <span class='ocrx_word' id='word_1_270' title='bbox 1697 1896 1826 1922; x_wconf 84' lang='lat' dir='ltr'>concedit</span> <span class='ocrx_word' id='word_1_271' title='bbox 1840 1897 2019 1931; x_wconf 80' lang='lat' dir='ltr'>facultatem.</span> 
     </span>
     <span class='ocr_line' id='line_1_23' title="bbox 243 1942 1269 1977; baseline 0.002 -10"><span class='ocrx_word' id='word_1_272' title='bbox 243 1942 308 1968; x_wconf 84' lang='lat' dir='ltr'>Dat.</span> <span class='ocrx_word' id='word_1_273' title='bbox 324 1942 466 1970; x_wconf 81' lang='lat' dir='ltr'>Avinione</span> <span class='ocrx_word' id='word_1_274' title='bbox 480 1943 499 1976; x_wconf 90' lang='lat' dir='ltr'>ij</span> <span class='ocrx_word' id='word_1_275' title='bbox 517 1943 555 1969; x_wconf 88' lang='lat' dir='ltr'>id.</span> <span class='ocrx_word' id='word_1_276' title='bbox 571 1943 711 1973; x_wconf 82' lang='lat' dir='ltr'>Januarii‚</span> <span class='ocrx_word' id='word_1_277' title='bbox 728 1951 807 1970; x_wconf 87' lang='lat' dir='ltr'>anno</span> <span class='ocrx_word' id='word_1_278' title='bbox 822 1945 937 1977; x_wconf 81' lang='lat' dir='ltr'>quarto.</span> <span class='ocrx_word' id='word_1_279' title='bbox 956 1954 970 1967; x_wconf 88' lang='lat'>«</span> <span class='ocrx_word' id='word_1_280' title='bbox 986 1944 1030 1970; x_wconf 87' lang='lat' dir='ltr'>Ad</span> <span class='ocrx_word' id='word_1_281' title='bbox 1045 1943 1228 1970; x_wconf 80' lang='lat' dir='ltr'>audienciam</span> <span class='ocrx_word' id='word_1_282' title='bbox 1245 1954 1269 1969; x_wconf 66' lang='lat' dir='ltr'>n.</span> 
     </span>
    </p>
   </div>
   <div class='ocr_carea' id='block_1_8' title="bbox 250 2021 1737 2085">
    <p class='ocr_par' dir='ltr' id='par_1_12' title="bbox 250 2021 1737 2085">
     <span class='ocr_line' id='line_1_24' title="bbox 1343 2021 1737 2050; baseline 0.003 -4"><span class='ocrx_word' id='word_1_283' title='bbox 1343 2021 1414 2050; x_wconf 78' lang='lat'><strong><em>1366,</em></strong></span> <span class='ocrx_word' id='word_1_284' title='bbox 1427 2021 1546 2046; x_wconf 74' lang='lat' dir='ltr'>danum-ii</span> <span class='ocrx_word' id='word_1_285' title='bbox 1559 2021 1594 2050; x_wconf 83' lang='grc'>12,</span> <span class='ocrx_word' id='word_1_286' title='bbox 1608 2021 1737 2047; x_wconf 72' lang='grc' dir='ltr'>Ᾱνοηίοηε.</span> 
     </span>
     <span class='ocr_line' id='line_1_25' title="bbox 250 2053 898 2085; baseline 0.003 -9"><span class='ocrx_word' id='word_1_287' title='bbox 250 2053 311 2085; x_wconf 72' lang='lat' dir='ltr'>Reg.</span> <span class='ocrx_word' id='word_1_288' title='bbox 328 2053 385 2077; x_wconf 75' lang='lat' dir='ltr'>Vnt.</span> <span class='ocrx_word' id='word_1_289' title='bbox 404 2053 501 2077; x_wconf 80' lang='lat' dir='ltr'>Secret.</span> <span class='ocrx_word' id='word_1_290' title='bbox 521 2054 620 2077; x_wconf 88' lang='lat' dir='ltr'>Urbnni</span> <span class='ocrx_word' id='word_1_291' title='bbox 640 2055 669 2083; x_wconf 79' lang='lat' dir='ltr'>V,</span> <span class='ocrx_word' id='word_1_292' title='bbox 686 2059 714 2077; x_wconf 91' lang='lat' dir='ltr'>n⁰</span> <span class='ocrx_word' id='word_1_293' title='bbox 726 2055 780 2082; x_wconf 61' lang='lat'><strong><em>2118,</em></strong></span> <span class='ocrx_word' id='word_1_294' title='bbox 801 2055 845 2078; x_wconf 82' lang='lat' dir='ltr'>rol.</span> <span class='ocrx_word' id='word_1_295' title='bbox 859 2055 898 2079; x_wconf 82' lang='lat'>92.</span> 
     </span>
    </p>
   </div>
   <div class='ocr_carea' id='block_1_9' title="bbox 250 2138 907 2162">
    <p class='ocr_par' dir='ltr' id='par_1_13' title="bbox 250 2138 907 2162">
     <span class='ocr_line' id='line_1_26' title="bbox 250 2138 907 2162; baseline 0.003 -2"><span class='ocrx_word' id='word_1_296' title='bbox 250 2138 272 2160; x_wconf 89' lang='lat'>1.</span> <span class='ocrx_word' id='word_1_297' title='bbox 291 2138 365 2160; x_wconf 81' lang='lat' dir='ltr'>Senis</span> <span class='ocrx_word' id='word_1_298' title='bbox 383 2146 426 2161; x_wconf 83' lang='lat' dir='ltr'>nn.</span> <span class='ocrx_word' id='word_1_299' title='bbox 445 2138 514 2161; x_wconf 78' lang='lat'>1365.</span> <span class='ocrx_word' id='word_1_300' title='bbox 531 2151 561 2156; x_wconf 97' lang='lat'><strong>—</strong></span> <span class='ocrx_word' id='word_1_301' title='bbox 576 2139 599 2162; x_wconf 82' lang='lat'>2.</span> <span class='ocrx_word' id='word_1_302' title='bbox 617 2138 741 2162; x_wconf 78' lang='lat' dir='ltr'>Matthaei</span> <span class='ocrx_word' id='word_1_303' title='bbox 757 2139 788 2162; x_wconf 88' lang='lat' dir='ltr'>de</span> <span class='ocrx_word' id='word_1_304' title='bbox 805 2139 907 2162; x_wconf 75' lang='lat' dir='ltr'>Asculo.</span> 
     </span>
    </p>
   </div>
   <div class='ocr_carea' id='block_1_10' title="bbox 165 2312 2022 2359">
    <p class='ocr_par' dir='ltr' id='par_1_14' title="bbox 165 2312 2022 2359">
     <span class='ocr_line' id='line_1_27' title="bbox 165 2312 2022 2359; baseline 0.002 -10"><span class='ocrx_word' id='word_1_305' title='bbox 165 2312 302 2350; x_wconf 76' lang='grc'><strong>1316.</strong></span> <span class='ocrx_word' id='word_1_306' title='bbox 327 2322 436 2348; x_wconf 85' lang='lat' dir='ltr'>Electio</span> <span class='ocrx_word' id='word_1_307' title='bbox 461 2324 586 2350; x_wconf 81' lang='lat' dir='ltr'>rectoris.</span> <span class='ocrx_word' id='word_1_308' title='bbox 611 2324 756 2358; x_wconf 80' lang='lat' dir='ltr'>Signetum</span> <span class='ocrx_word' id='word_1_309' title='bbox 779 2324 906 2359; x_wconf 80' lang='lat' dir='ltr'>rectoris,</span> <span class='ocrx_word' id='word_1_310' title='bbox 927 2325 990 2350; x_wconf 84' lang='lat' dir='ltr'>sinc</span> <span class='ocrx_word' id='word_1_311' title='bbox 1010 2324 1120 2359; x_wconf 77' lang='lat' dir='ltr'>signeto</span> <span class='ocrx_word' id='word_1_312' title='bbox 1143 2324 1321 2359; x_wconf 83' lang='lat' dir='ltr'>cancellarii,</span> <span class='ocrx_word' id='word_1_313' title='bbox 1345 2325 1469 2358; x_wconf 81' lang='lat' dir='ltr'>sufficiat</span> <span class='ocrx_word' id='word_1_314' title='bbox 1493 2325 1533 2350; x_wconf 90' lang='lat' dir='ltr'>ad</span> <span class='ocrx_word' id='word_1_315' title='bbox 1554 2325 1772 2352; x_wconf 80' lang='lat' dir='ltr'>deliberandum</span> <span class='ocrx_word' id='word_1_316' title='bbox 1794 2327 1884 2352; x_wconf 71' lang='lat' dir='ltr'>vinum</span> <span class='ocrx_word' id='word_1_317' title='bbox 1907 2327 2022 2352; x_wconf 85' lang='lat' dir='ltr'>missum</span> 
     </span>
    </p>
   </div>
   <div class='ocr_carea' id='block_1_11' title="bbox 246 2371 2022 2448">
    <p class='ocr_par' dir='ltr' id='par_1_15' title="bbox 246 2371 2022 2448">
     <span class='ocr_line' id='line_1_28' title="bbox 246 2371 2022 2411; baseline 0.002 -14"><span class='ocrx_word' id='word_1_318' title='bbox 246 2371 444 2406; x_wconf 78' lang='lat' dir='ltr'>scholaribus,-</span> <span class='ocrx_word' id='word_1_319' title='bbox 461 2372 496 2398; x_wconf 87' lang='lat' dir='ltr'>de</span> <span class='ocrx_word' id='word_1_320' title='bbox 511 2372 631 2398; x_wconf 87' lang='lat' dir='ltr'>emenda</span> <span class='ocrx_word' id='word_1_321' title='bbox 644 2373 791 2408; x_wconf 83' lang='lat' dir='ltr'>praestita</span> <span class='ocrx_word' id='word_1_322' title='bbox 804 2382 840 2399; x_wconf 69' lang='lat' dir='ltr'>ea:</span> <span class='ocrx_word' id='word_1_323' title='bbox 852 2377 938 2409; x_wconf 83' lang='lat' dir='ltr'>parte</span> <span class='ocrx_word' id='word_1_324' title='bbox 951 2374 1027 2407; x_wconf 78' lang='lat' dir='ltr'>regis</span> <span class='ocrx_word' id='word_1_325' title='bbox 1039 2383 1093 2410; x_wconf 83' lang='lat' dir='ltr'>pro</span> <span class='ocrx_word' id='word_1_326' title='bbox 1107 2373 1240 2400; x_wconf 69' lang='lat' dir='ltr'>violentia</span> <span class='ocrx_word' id='word_1_327' title='bbox 1253 2376 1335 2407; x_wconf 74' lang='lat' dir='ltr'>facta</span> <span class='ocrx_word' id='word_1_328' title='bbox 1352 2374 1380 2399; x_wconf 93' lang='lat' dir='ltr'>in</span> <span class='ocrx_word' id='word_1_329' title='bbox 1396 2374 1538 2400; x_wconf 85' lang='lat' dir='ltr'>territorio</span> <span class='ocrx_word' id='word_1_330' title='bbox 1552 2374 1665 2409; x_wconf 79' lang='lat' dir='ltr'>collegii</span> <span class='ocrx_word' id='word_1_331' title='bbox 1677 2375 1712 2401; x_wconf 83' lang='lat' dir='ltr'>de</span> <span class='ocrx_word' id='word_1_332' title='bbox 1730 2377 1863 2411; x_wconf 74' lang='lat' dir='ltr'>Lupara5</span> <span class='ocrx_word' id='word_1_333' title='bbox 1878 2375 2022 2401; x_wconf 83' lang='lat' dir='ltr'>Arnoldus</span> 
     </span>
     <span class='ocr_line' id='line_1_29' title="bbox 246 2420 735 2448; baseline 0.004 -3"><span class='ocrx_word' id='word_1_334' title='bbox 246 2420 282 2445; x_wconf 80' lang='lat' dir='ltr'>de</span> <span class='ocrx_word' id='word_1_335' title='bbox 299 2420 506 2447; x_wconf 76' lang='lat' dir='ltr'>Chaustiavilla</span> <span class='ocrx_word' id='word_1_336' title='bbox 522 2421 735 2448; x_wconf 85' lang='lat' dir='ltr'>condemnatur.</span> 
     </span>
    </p>
   </div>
   <div class='ocr_carea' id='block_1_12' title="bbox 1118 2471 1740 2503">
    <p class='ocr_par' dir='ltr' id='par_1_16' title="bbox 1118 2471 1740 2503">
     <span class='ocr_line' id='line_1_30' title="bbox 1118 2471 1740 2503; baseline 0.002 -5"><span class='ocrx_word' id='word_1_337' title='bbox 1118 2472 1190 2502; x_wconf 78' lang='lat'><strong><em>1365,</em></strong></span> <span class='ocrx_word' id='word_1_338' title='bbox 1204 2471 1319 2498; x_wconf 75' lang='lat' dir='ltr'>Decemb.</span> <span class='ocrx_word' id='word_1_339' title='bbox 1338 2472 1459 2502; x_wconf 79' lang='lat'><strong><em>15-1366,</em></strong></span> <span class='ocrx_word' id='word_1_340' title='bbox 1471 2473 1558 2498; x_wconf 77' lang='lat' dir='ltr'>Martii</span> <span class='ocrx_word' id='word_1_341' title='bbox 1566 2472 1610 2503; x_wconf 82' lang='lat'>24.</span> <span class='ocrx_word' id='word_1_342' title='bbox 1626 2473 1740 2499; x_wconf 68' lang='lat' dir='ltr'>Pal-lulis.</span> 
     </span>
    </p>
   </div>
   <div class='ocr_carea' id='block_1_13' title="bbox 161 2553 2025 2933">
    <p class='ocr_par' dir='ltr' id='par_1_17' title="bbox 161 2553 2025 2797">
     <span class='ocr_line' id='line_1_31' title="bbox 249 2553 2022 2601; baseline 0.002 -16"><span class='ocrx_word' id='word_1_343' title='bbox 249 2553 353 2585; x_wconf 87' lang='lat' dir='ltr'>Anno</span> <span class='ocrx_word' id='word_1_344' title='bbox 376 2553 519 2586; x_wconf 90' lang='lat' dir='ltr'>Domini</span> <span class='ocrx_word' id='word_1_345' title='bbox 547 2554 644 2596; x_wconf 84' lang='lat'><strong>1365,</strong></span> <span class='ocrx_word' id='word_1_346' title='bbox 674 2555 714 2587; x_wconf 93' lang='lat'>15</span> <span class='ocrx_word' id='word_1_347' title='bbox 739 2554 797 2587; x_wconf 89' lang='lat' dir='ltr'>die</span> <span class='ocrx_word' id='word_1_348' title='bbox 825 2554 1051 2596; x_wconf 77' lang='lat' dir='ltr'>Decembris,</span> <span class='ocrx_word' id='word_1_349' title='bbox 1073 2555 1246 2600; x_wconf 88' lang='lat' dir='ltr'>magister</span> <span class='ocrx_word' id='word_1_350' title='bbox 1273 2555 1495 2600; x_wconf 85' lang='lat' dir='ltr'>Tylmannus</span> <span class='ocrx_word' id='word_1_351' title='bbox 1516 2556 1561 2589; x_wconf 90' lang='lat' dir='ltr'>de</span> <span class='ocrx_word' id='word_1_352' title='bbox 1584 2556 1693 2601; x_wconf 69' lang='lat' dir='ltr'>Eyke,</span> <span class='ocrx_word' id='word_1_353' title='bbox 1716 2556 1912 2589; x_wconf 86' lang='lat' dir='ltr'>canonicus</span> <span class='ocrx_word' id='word_1_354' title='bbox 1934 2556 2022 2589; x_wconf 87' lang='lat' dir='ltr'>eccl.</span> 
     </span>
     <span class='ocr_line' id='line_1_32' title="bbox 162 2619 2023 2664; baseline 0.002 -13"><span class='ocrx_word' id='word_1_355' title='bbox 162 2619 196 2652; x_wconf 85' lang='lat' dir='ltr'>S.</span> <span class='ocrx_word' id='word_1_356' title='bbox 219 2619 319 2652; x_wconf 82' lang='lat' dir='ltr'>Pauli</span> <span class='ocrx_word' id='word_1_357' title='bbox 341 2620 533 2653; x_wconf 89' lang='lat' dir='ltr'>Leodiens.</span> <span class='ocrx_word' id='word_1_358' title='bbox 557 2627 592 2653; x_wconf 88' lang='lat' dir='ltr'>et</span> <span class='ocrx_word' id='word_1_359' title='bbox 616 2621 810 2654; x_wconf 81' lang='lat' dir='ltr'>investitus</span> <span class='ocrx_word' id='word_1_360' title='bbox 838 2621 993 2655; x_wconf 85' lang='lat' dir='ltr'>ecclesie</span> <span class='ocrx_word' id='word_1_361' title='bbox 1020 2621 1064 2654; x_wconf 90' lang='lat' dir='ltr'>de</span> <span class='ocrx_word' id='word_1_362' title='bbox 1087 2622 1230 2664; x_wconf 84' lang='lat' dir='ltr'>Kessel,</span> <span class='ocrx_word' id='word_1_363' title='bbox 1253 2623 1320 2655; x_wconf 85' lang='lat' dir='ltr'>fuit</span> <span class='ocrx_word' id='word_1_364' title='bbox 1346 2622 1484 2656; x_wconf 87' lang='lat' dir='ltr'>electus</span> <span class='ocrx_word' id='word_1_365' title='bbox 1505 2629 1624 2656; x_wconf 82' lang='lat' dir='ltr'>rector</span> <span class='ocrx_word' id='word_1_366' title='bbox 1646 2623 1900 2657; x_wconf 84' lang='lat' dir='ltr'>Universitatis</span> <span class='ocrx_word' id='word_1_367' title='bbox 1927 2623 2023 2655; x_wconf 82' lang='lat' dir='ltr'>Pari—</span> 
     </span>
     <span class='ocr_line' id='line_1_33' title="bbox 161 2685 2025 2734; baseline 0.002 -16"><span class='ocrx_word' id='word_1_368' title='bbox 161 2685 307 2718; x_wconf 88' lang='lat' dir='ltr'>siensis.</span> <span class='ocrx_word' id='word_1_369' title='bbox 331 2687 371 2718; x_wconf 95' lang='lat' dir='ltr'>In</span> <span class='ocrx_word' id='word_1_370' title='bbox 392 2687 496 2731; x_wconf 82' lang='lat' dir='ltr'>cujus</span> <span class='ocrx_word' id='word_1_371' title='bbox 523 2687 675 2720; x_wconf 87' lang='lat' dir='ltr'>rectoria</span> <span class='ocrx_word' id='word_1_372' title='bbox 695 2688 883 2721; x_wconf 82' lang='lat' dir='ltr'>terminata</span> <span class='ocrx_word' id='word_1_373' title='bbox 904 2688 1051 2721; x_wconf 88' lang='lat' dir='ltr'>suerunt</span> <span class='ocrx_word' id='word_1_374' title='bbox 1070 2688 1149 2730; x_wconf 84' lang='lat' dir='ltr'>tria,</span> <span class='ocrx_word' id='word_1_375' title='bbox 1173 2701 1242 2734; x_wconf 90' lang='lat' dir='ltr'>que</span> <span class='ocrx_word' id='word_1_376' title='bbox 1268 2689 1418 2722; x_wconf 91' lang='lat' dir='ltr'>multum</span> <span class='ocrx_word' id='word_1_377' title='bbox 1440 2690 1587 2722; x_wconf 88' lang='lat' dir='ltr'>fuerunt</span> <span class='ocrx_word' id='word_1_378' title='bbox 1607 2689 1651 2721; x_wconf 86' lang='lat' dir='ltr'>ad</span> <span class='ocrx_word' id='word_1_379' title='bbox 1676 2689 1849 2722; x_wconf 85' lang='lat' dir='ltr'>honorem</span> <span class='ocrx_word' id='word_1_380' title='bbox 1873 2689 2025 2722; x_wconf 83' lang='lat' dir='ltr'>Univer-</span> 
     </span>
     <span class='ocr_line' id='line_1_34' title="bbox 162 2751 794 2797; baseline 0.005 -13"><span class='ocrx_word' id='word_1_381' title='bbox 162 2751 290 2793; x_wconf 83' lang='lat' dir='ltr'>sitatis,</span> <span class='ocrx_word' id='word_1_382' title='bbox 313 2753 513 2797; x_wconf 81' lang='lat' dir='ltr'>profectum</span> <span class='ocrx_word' id='word_1_383' title='bbox 536 2761 570 2786; x_wconf 90' lang='lat' dir='ltr'>et</span> <span class='ocrx_word' id='word_1_384' title='bbox 591 2754 794 2787; x_wconf 81' lang='lat' dir='ltr'>utilitatem.</span> 
     </span>
    </p>

    <p class='ocr_par' dir='ltr' id='par_1_18' title="bbox 163 2819 2023 2933">
     <span class='ocr_line' id='line_1_35' title="bbox 251 2819 2023 2866; baseline 0.002 -16"><span class='ocrx_word' id='word_1_385' title='bbox 251 2819 412 2861; x_wconf 86' lang='lat' dir='ltr'>Quorum</span> <span class='ocrx_word' id='word_1_386' title='bbox 436 2820 596 2864; x_wconf 83' lang='lat' dir='ltr'>primum</span> <span class='ocrx_word' id='word_1_387' title='bbox 623 2832 665 2853; x_wconf 90' lang='lat' dir='ltr'>ex</span> <span class='ocrx_word' id='word_1_388' title='bbox 689 2821 796 2865; x_wconf 87' lang='lat' dir='ltr'>jussu</span> <span class='ocrx_word' id='word_1_389' title='bbox 828 2821 1081 2866; x_wconf 84' lang='lat' dir='ltr'>deputatorum</span> <span class='ocrx_word' id='word_1_390' title='bbox 1108 2821 1215 2854; x_wconf 87' lang='lat' dir='ltr'>debet</span> <span class='ocrx_word' id='word_1_391' title='bbox 1249 2821 1360 2854; x_wconf 81' lang='lat' dir='ltr'>scribi</span> <span class='ocrx_word' id='word_1_392' title='bbox 1390 2822 1427 2854; x_wconf 92' lang='lat' dir='ltr'>in</span> <span class='ocrx_word' id='word_1_393' title='bbox 1454 2821 1549 2854; x_wconf 89' lang='lat' dir='ltr'>libro</span> <span class='ocrx_word' id='word_1_394' title='bbox 1579 2821 1647 2854; x_wconf 85' lang='lat' dir='ltr'>hoc</span> <span class='ocrx_word' id='word_1_395' title='bbox 1675 2829 1710 2854; x_wconf 87' lang='lat' dir='ltr'>et</span> <span class='ocrx_word' id='word_1_396' title='bbox 1735 2822 1771 2853; x_wconf 90' lang='lat' dir='ltr'>in</span> <span class='ocrx_word' id='word_1_397' title='bbox 1801 2821 1880 2853; x_wconf 79' lang='lat' dir='ltr'>aliis</span> <span class='ocrx_word' id='word_1_398' title='bbox 1908 2821 2023 2861; x_wconf 67' lang='lat' dir='ltr'>libris,</span> 
     </span>
     <span class='ocr_line' id='line_1_36' title="bbox 163 2884 2023 2933; baseline 0.001 -16"><span class='ocrx_word' id='word_1_399' title='bbox 163 2884 245 2929; x_wconf 89' lang='lat' dir='ltr'>quia</span> <span class='ocrx_word' id='word_1_400' title='bbox 266 2885 296 2917; x_wconf 88' lang='lat' dir='ltr'>si</span> <span class='ocrx_word' id='word_1_401' title='bbox 317 2885 446 2918; x_wconf 86' lang='lat' dir='ltr'>iterum</span> <span class='ocrx_word' id='word_1_402' title='bbox 478 2887 621 2931; x_wconf 82' lang='lat' dir='ltr'>questio</span> <span class='ocrx_word' id='word_1_403' title='bbox 652 2887 821 2929; x_wconf 75' lang='lat' dir='ltr'>oriretur⁷</span> <span class='ocrx_word' id='word_1_404' title='bbox 845 2888 942 2932; x_wconf 88' lang='lat' dir='ltr'>quod</span> <span class='ocrx_word' id='word_1_405' title='bbox 964 2888 1081 2932; x_wconf 82' lang='lat' dir='ltr'>possit</span> <span class='ocrx_word' id='word_1_406' title='bbox 1110 2888 1276 2933; x_wconf 87' lang='lat' dir='ltr'>reperiri.</span> <span class='ocrx_word' id='word_1_407' title='bbox 1301 2890 1343 2920; x_wconf 88' lang='lat' dir='ltr'>Et</span> <span class='ocrx_word' id='word_1_408' title='bbox 1370 2895 1426 2920; x_wconf 87' lang='lat' dir='ltr'>est</span> <span class='ocrx_word' id='word_1_409' title='bbox 1451 2888 1495 2920; x_wconf 92' lang='lat' dir='ltr'>de</span> <span class='ocrx_word' id='word_1_410' title='bbox 1521 2887 1817 2932; x_wconf 82' lang='lat' dir='ltr'>impositionibus</span> <span class='ocrx_word' id='word_1_411' title='bbox 1844 2888 2023 2921; x_wconf 88' lang='lat' dir='ltr'>vinorum.</span> 
     </span>
    </p>
   </div>
   <div class='ocr_carea' id='block_1_14' title="bbox 163 2952 2030 2998">
    <p class='ocr_par' dir='ltr' id='par_1_19' title="bbox 163 2952 2030 2998">
     <span class='ocr_line' id='line_1_37' title="bbox 163 2952 2030 2998; baseline 0.001 -15"><span class='ocrx_word' id='word_1_412' title='bbox 163 2952 248 2983; x_wconf 86' lang='lat' dir='ltr'>Nam</span> <span class='ocrx_word' id='word_1_413' title='bbox 277 2963 357 2984; x_wconf 87' lang='lat' dir='ltr'>cum</span> <span class='ocrx_word' id='word_1_414' title='bbox 385 2958 468 2996; x_wconf 88' lang='lat' dir='ltr'>post</span> <span class='ocrx_word' id='word_1_415' title='bbox 492 2952 777 2986; x_wconf 87' lang='lat' dir='ltr'>innumerabiles</span> <span class='ocrx_word' id='word_1_416' title='bbox 804 2954 1014 2987; x_wconf 82' lang='lat' dir='ltr'>vexationes</span> <span class='ocrx_word' id='word_1_417' title='bbox 1042 2954 1276 2987; x_wconf 83' lang='lat' dir='ltr'>Universitati</span> <span class='ocrx_word' id='word_1_418' title='bbox 1302 2954 1419 2987; x_wconf 81' lang='lat' dir='ltr'>illatas</span> <span class='ocrx_word' id='word_1_419' title='bbox 1444 2974 1501 2994; x_wconf 36' lang='grc' dir='ltr'>μ,</span> <span class='ocrx_word' id='word_1_420' title='bbox 1526 2960 1643 2986; x_wconf 85' lang='lat' dir='ltr'>tamen</span> <span class='ocrx_word' id='word_1_421' title='bbox 1671 2966 1734 2998; x_wconf 92' lang='lat' dir='ltr'>per</span> <span class='ocrx_word' id='word_1_422' title='bbox 1755 2953 1964 2998; x_wconf 85' lang='lat' dir='ltr'>diligentem</span> <span class='ocrx_word' id='word_1_423' title='bbox 1995 2959 2030 2985; x_wconf 85' lang='lat' dir='ltr'>et</span> 
     </span>
    </p>
   </div>
  </div>
 </body>
</html>
