2488 3386
206 324 301 360 1362]
623 337 669 358 AB
704 336 811 358 ANNo
847 336 978 358 MCCCL
1011 337 1142 364 USQUE
1177 337 1225 358 AD
1261 337 1526 360 BENEIssCTUM
1560 339 1650 361 xiii.
2024 333 2063 365 77

202 410 351 443 tenuisti
372 416 407 442 et
425 409 660 455 possedisti²,
682 416 790 454 prout
810 416 912 443 tenes
933 416 969 442 et
988 409 1158 454 possides
1179 410 1326 454 pacifice
1348 416 1382 442 et
1405 411 1537 454 quiete.
1562 412 1651 444 Cum
1673 419 1804 453 autem,
1827 414 1920 447 sicut
1941 416 2063 448 cadem

203 476 328 521 petitio
354 475 611 521 subjungebat,
641 482 678 508 tu
708 475 853 508 dubites
883 475 1038 508 officium
1070 475 1286 520 predictum,
1309 477 1413 520 cujus
1442 477 1581 509 fructus
1611 478 1774 511 redditus
1804 486 1838 511 et
1868 489 2065 524 proventus

201 542 494 587 vigintiquinque
515 541 689 574 librarum
711 541 903 586 parisiens.
927 542 1126 574 secundum
1150 548 1262 574 taxam
1290 542 1429 574 decime
1457 542 1613 575 valorem
1643 556 1815 585 annuum,
1838 553 1943 589 prout
1968 559 2064 580 asse-

202 609 304 649 ritur,
336 620 409 641 non
439 608 630 649 excedunt,
661 608 775 641 fuisse
810 615 973 652 tempore
1003 608 1208 640 collationis
1236 614 1271 640 et
1306 608 1527 652 provisionis
1560 610 1800 654 predictarum
1833 612 2065 656 dispositioni

201 674 300 707 sedis
329 674 528 719 apostolice
560 681 795 715 reservatum,
820 680 927 719 teque
957 686 1067 719 posse
1089 686 1199 719 super
1220 686 1262 706 eo
1292 681 1482 719 propterea
1502 675 1738 720 imposterum
1763 677 1945 710 molestari
1968 690 1974 710 :
2000 691 2065 712 nos

200 740 364 774 volentes
386 747 419 773 te
441 741 489 784 (in
517 740 690 785 predictis
712 740 908 773 Parisiensi
931 747 965 773 et
992 740 1276 785 Rothomagensi
1297 740 1464 773 ccelesiis
1485 743 1717 775 canonicatus
1739 749 1773 775 et
1803 743 2005 787 prebendas
2026 758 2065 778 ac

200 807 237 839 in
258 806 400 840 civitate
427 806 624 839 Parisiensi
655 806 833 851 quandam
861 813 1070 851 perpetuam
1096 806 1344 851 capellaniam,
1372 819 1441 851 que
1473 807 1727 841 Universitatis
1754 810 1948 842 Parisicns.
1972 823 2065 843 111111-

199 879 362 918 cupatur,
391 872 627 914 obtinentem,
658 879 693 905 et
717 872 934 905 beneficium
962 873 1247 906 ecclesiasticum
1350 873 1393 905 ad
1425 873 1689 919 archiepiscopi
1717 875 1928 920 Rothomag.
1957 877 2066 910 colla-

201 939 335 972 tionem
439 940 713 984 expectantem),
744 939 955 972 meritorum
989 946 1132 972 tuorum
1166 940 1297 972 intuitu
1329 951 1470 971 necnon
1501 940 1793 974 consideratione
1822 943 1998 975 carissimi
2029 945 2064 976 in

199 1004 345 1039 Christo
374 1005 438 1038 filii
469 1005 585 1038 nostri
610 1005 786 1038 Johannis
817 1005 915 1050 regis
946 1007 1163 1038 Francorum
1194 1005 1349 1038 illustris
1376 1018 1441 1050 pro
1470 1013 1504 1038 te
1607 1007 1844 1052 supplicantis
1945 1010 2066 1043 favore

201 1071 373 1116 prosequi
471 1071 668 1116 apostolica
690 1071 755 1104 tibi
776 1072 986 1105 auctoritate
1007 1072 1255 1111 concedimus,
1278 1072 1375 1116 quod
1403 1072 1546 1105 collatio
1568 1080 1603 1105 et
1632 1074 1792 1118 provisio
1814 1075 1974 1119 predicte
2003 1089 2068 1121 per

200 1138 355 1170 eundem
387 1138 598 1182 episcopum
711 1144 745 1170 et
772 1150 988 1183 quecunque
1017 1139 1101 1171 inde
1130 1145 1253 1171 secuta
1282 1150 1300 1170 a
1328 1138 1406 1171 data
1433 1140 1656 1183 presentium
1690 1141 1832 1174 valeant
1860 1148 1892 1174 et
1924 1142 2063 1186 plenam

200 1203 346 1236 roboris
376 1203 579 1236 firmitatem
606 1203 793 1236 obtineant
890 1204 987 1237 Nulli
1009 1217 1109 1249 ergo,
1128 1210 1190 1238 etc.
1215 1206 1292 1237 Dat.
1316 1204 1495 1237 Avinione
1516 1206 1599 1250 xviij
1623 1207 1690 1239 kal.
1711 1208 1948 1252 Septembris,
1970 1221 2065 1242 anno

199 1270 352 1303 decimo.

291 1367 354 1397 Reg.
371 1368 428 1391 Vat.
445 1368 525 1391 Aven.
542 1368 686 1391 Innocentii
699 1368 741 1398 Vl,
756 1369 808 1391 vol.
825 1368 910 1396 XXIX,
929 1368 972 1391 sol.
990 1369 1060 1391 590b.

290 1451 314 1474 1.
332 1450 389 1473 Vid.
405 1451 436 1474 de
458 1459 487 1474 eo
504 1451 643 1479 Chartul.,
668 1451 700 1478 11,
716 1451 851 1475 Iudicem.
871 1465 902 1468 —
917 1452 939 1475 2.
954 1451 992 1474 Ab
1010 1460 1077 1475 anno
1093 1452 1161 1479 1360,
1180 1452 1312 1483 Septemb.
1336 1453 1375 1476 30.
1395 1452 1437 1475 Sic
1459 1453 1527 1475 enim
1552 1453 1649 1483 legitur
1674 1454 1698 1476 in
1723 1455 1784 1485 ch.
1806 1455 1894 1486 capit„
1912 1456 1988 1479 Arch.
2011 1460 2065 1481 nat.

198 1494 281 1518 Paris.
298 1495 347 1518 LL.
364 1495 430 1523 106⁸,
451 1503 476 1526 p.
498 1496 552 1524 285,
574 1495 606 1518 ad
631 1495 776 1518 crastinum
799 1496 825 1519 S.
849 1495 983 1518 Michaelis
1000 1497 1039 1525 (30
1055 1496 1198 1527 Septemb.)
1215 1505 1257 1519 un.
1272 1497 1333 1519 1360
1347 1504 1352 1519 ;
1370 1506 1381 1519 <⁴
1398 1497 1480 1519 Hodie
1496 1497 1528 1519 ad
1544 1498 1729 1521 cancellariam
1743 1503 1878 1522 vacantem
1893 1508 1940 1530 per
1955 1505 2064 1524 mortem

197 1538 319 1570 magistri
329 1539 457 1562 Johannis
473 1539 504 1562 de
514 1539 607 1563 Aciaco
620 1539 668 1563 suit
680 1543 800 1571 receptus
816 1548 864 1571 per
877 1540 979 1563 litteras
995 1540 1113 1571 episcopi
1128 1540 1212 1564 Puris.
1227 1549 1296 1571 mag.
1309 1541 1454 1564 Grimerius
1470 1541 1608 1570 Bonisacii,
1620 1545 1645 1565 ct
1660 1543 1775 1573 prestitit
1788 1544 2030 1576 [jux-anicinum...]
2044 1555 2065 1569 υ.

198 1583 331 1606 Johannes
347 1584 378 1607 de
393 1584 485 1607 Aciaco
500 1583 568 1607 inter
584 1584 717 1615 Septemb.
734 1584 760 1607 11
778 1587 803 1607 et
815 1585 845 1607 30
860 1584 929 1607 diem
945 1592 1099 1615 supremum
1114 1585 1180 1608 obiit
1194 1585 1277 1615 (ibid.,
1290 1594 1315 1616 p.
1329 1586 1392 1614 283).

201 1765 342 1803 1260.
366 1784 381 1801 «
397 1776 425 1801 F.
443 1775 565 1811 Jaques⁴
590 1775 772 1811 d’Arenceyo‚
795 1776 913 1802 docteur
932 1780 1030 1811 regent
1045 1776 1080 1802 de
1101 1786 1131 1803 ce
1147 1781 1261 1804 convent
1281 1778 1343 1813 (des
1366 1778 1511 1812 Ermites),
1534 1778 1560 1804 le
1581 1779 1614 1805 ‘20
1636 1779 1789 1805 Novembre
1809 1781 1887 1815 1362,
1905 1781 2012 1807 obtient
2027 1782 2063 1808 de

284 1823 465 1850 l'Universite'
480 1823 563 1859 qu'on
573 1826 639 1858 fera
655 1824 684 1850 la
700 1827 774 1859 feste
789 1825 824 1851 de
841 1826 940 1851 Sainct
954 1825 1031 1851 Paul
1042 1826 1167 1862 premier
1181 1827 1307 1852 Hermite
1323 1826 1348 1852 le
1361 1828 1392 1862 xj
1406 1827 1527 1861 Janvier,
1542 1831 1569 1852 et
1584 1827 1666 1862 qu’on
1680 1830 1745 1862 fera
1760 1829 1837 1854 deux
1849 1839 1974 1856 sermons
1988 1831 2061 1857 dans

283 1876 379 1899 nostre
395 1872 493 1907 eglise,
511 1872 568 1899 l'un
586 1872 612 1899 le
627 1874 726 1908 mutin,
745 1878 773 1900 et
787 1874 891 1900 l¹autre
906 1874 1013 1910 l’apres
1029 1874 1119 1901 disne.
1139 1884 1153 1900 ›

1351 1913 1426 1942 1362,
1442 1911 1587 1938 Novembris
1601 1913 1646 1941 20,
1663 1913 1775 1939 Pari-vile.

287 1995 366 2019 Arch.
382 1999 435 2019 nat.
451 1996 536 2019 Paris.
553 1997 579 2019 S.
597 1997 666 2025 3640,
684 1997 731 2020 sol.
747 1998 770 2025 6,
787 2001 815 2020 n0
829 1998 867 2021 38.
883 2011 913 2015 —
930 1998 958 2020 In
979 1998 1137 2021 Kalendurio
1151 1999 1273 2022 univers.
1289 1999 1435 2029 (Chartul..
1450 2000 1481 2027 ΙΙ,
1499 2001 1553 2029 709)
1569 1999 1618 2022 hoc
1634 2002 1728 2023 festum
1751 2005 1856 2024 notatur
1878 2006 1903 2025 et
1924 2010 2013 2028 sermo
2030 2004 2062 2028 in

195 2040 508 2069 Auaustinensibus.1n
524 2040 676 2064 kalendario
698 2041 731 2064 ad
752 2049 828 2064 usum
852 2045 906 2064 nat.
927 2042 1004 2073 Angl.
1028 2042 1107 2072 (Bihl.
1133 2046 1185 2066 nat.
1202 2043 1296 2071 Paris.v
1313 2044 1358 2067 lut.
1385 2052 1463 2067 nouv.
1483 2052 1550 2075 aeq„
1567 2045 1620 2071 535,
1637 2045 1680 2068 fol.
1699 2046 1721 2074 7)
1737 2046 1769 2068 ud
1792 2046 1817 2068 11
1839 2047 1958 2070 Januurii
1983 2056 2060 2071 manu

196 2083 333 2107 recentiori
349 2087 450 2107 tantum
465 2084 619 2107 inscribitur
633 2093 637 2107 :
657 2093 667 2107 α
681 2085 756 2108 Pauli
771 2085 851 2116 primi
867 2086 1001 2114 heremite,
1019 2086 1060 2109 cui
1076 2095 1170 2110 corvus
1183 2095 1278 2118 panem
1293 2088 1354 2111 tulit
1369 2088 1516 2112 dimidium.
1532 2088 1588 2111 Non
1603 2089 1700 2120 legitur
1714 2098 1734 2112 ».

288 2168 309 2191 1.
329 2168 358 2191 ln
374 2176 422 2191 ms.
439 2168 564 2192 scribitur
578 2177 719 2200 perperam
734 2177 738 2192 2
757 2179 767 2191 «
784 2170 848 2192 Jean
866 2179 886 2192 ».
904 2170 961 2193 Vid.
978 2170 1046 2193 insra
1060 2174 1088 2193 11ο
1104 2171 1173 2194 1262.
1189 2171 1323 2201 Originule
1339 2172 1518 2195 verisimiliter
1531 2173 1654 2203 praebuit
1670 2183 1679 2196 ι(
1697 2175 1720 2197 J.
1737 2183 1757 2198 ι).

198 2350 340 2387 1261.
364 2368 379 2385 ‹
395 2360 519 2386 Articuli
538 2369 697 2386 communes
718 2362 916 2387 Universitatis
935 2362 1121 2397 Parisiensis,
1141 2372 1195 2399 pro
1211 2364 1314 2398 quibus
1329 2365 1477 2400 supplicat
1495 2367 1648 2392 sanctitati
1667 2372 1754 2394 vestre
1770 2369 1899 2403 (Urbano
1926 2370 1954 2401 V)
1974 2370 2057 2396 devo·

283 2409 396 2434 tissima
415 2408 480 2443 filia
497 2413 589 2435 vestra
611 2410 784 2435 Universitas
797 2410 981 2436 Parisiensis.
1001 2420 1016 2437 »

1318 2450 1394 2479 1362,
1409 2450 1553 2477 Novembris
1564 2452 1730 2479 23-Decemb.
1746 2454 1770 2479 5.

285 2527 440 2568 Primus,
463 2540 542 2560 cum
565 2529 768 2572 Gregorius
792 2541 880 2573 papa
902 2541 1020 2562 nonus
1041 2530 1085 2563 se.
1112 2542 1161 2563 re.
1186 2531 1301 2564 eidem
1324 2533 1444 2565 studio
1467 2533 1561 2566 inter
1580 2542 1698 2568 cetera
1722 2536 1932 2569 indulserit¹
1959 2538 2054 2581 quod

194 2592 317 2626 nullus
343 2594 517 2638 magister
543 2601 601 2627 aut
629 2594 780 2627 scolaris
802 2607 866 2640 pro
889 2608 1114 2641 quacumque
1140 2598 1343 2642 suspitione
1370 2599 1479 2631 eciam
1508 2600 1687 2644 probabili
1715 2602 1843 2635 debeat
1870 2604 1959 2648 rapi,
1989 2616 2054 2636 nec

193 2658 229 2691 in
251 2670 395 2692 carcere
417 2660 578 2701 retineri,
601 2661 666 2693 sed
687 2661 852 2694 cautione
874 2662 1014 2706 ydonea
1035 2663 1183 2707 prestita
1209 2664 1437 2697 cessantibus
1463 2666 1784 2700 incarcerentium²
1807 2669 2053 2702 exactionibus

194 2724 336 2757 restitui
354 2725 496 2767 debeat,
514 2726 647 2770 quibus
664 2727 843 2759 contraire
865 2727 1036 2761 officiales
1054 2729 1279 2763 Parisienses
1300 2730 1407 2763 hodie
1429 2743 1501 2764 non
1522 2739 1705 2774 verentur,
1724 2746 1766 2765 eo
1788 2735 1884 2778 quod
1906 2747 1977 2766 non
1999 2742 2052 2767 est

193 2790 254 2834 qui
282 2792 492 2824 auctoritate
522 2799 640 2825 vestra
670 2804 734 2825 eos
761 2793 877 2826 valeat
905 2793 1113 2836 cohercere,
1145 2802 1293 2841 propter
1321 2797 1417 2841 quod
1445 2798 1669 2831 cessationes
1698 2799 1890 2844 aliquando
1918 2813 1956 2832 ac
1986 2800 2051 2833 alia

194 2856 385 2902 dispendia
414 2858 451 2890 in
479 2859 616 2903 prefato
637 2859 758 2891 studio
781 2859 973 2904 sepissime
995 2862 1240 2895 suscitantur:
1264 2863 1443 2908 supplicat
1468 2870 1586 2897 vestra
1613 2864 1685 2897 filia
1711 2866 1913 2909 supradicta
1935 2866 2050 2898 eidem
