2488 3386
438 320 503 353 480
1013 326 1332 350 CHARTULAMUM
1368 326 1556 347 curvans.
1594 325 1721 347 patus.
2031 311 2034 313 ⁴
2204 312 2303 349 [1389

438 403 614 437 Ordinum
637 401 774 434 ratione
795 401 1076 446 presentationis
1098 401 1204 433 citius
1226 399 1476 444 expediantur,
1494 399 1571 432 vult
1592 399 1684 431 dicta
1705 398 1855 431 facultas
1877 399 1974 444 quod
1995 398 2085 432 tales
2106 399 2303 444 presentati

438 470 529 502 ultra
550 468 811 513 responsiones
833 468 886 501 eis
907 467 992 500 alibi
1019 474 1078 500 aut
1104 467 1185 500 aliis
1207 467 1250 499 de
1272 466 1391 499 causis
1418 465 1606 510 impositas
1626 464 1683 497 bis
1704 464 1859 498 habeant
1883 465 1928 498 de
1949 465 2131 498 ordinaria
2152 477 2303 511 respon-

437 536 537 569 dere.
561 535 597 568 Si
617 546 703 567 vero
724 534 910 579 contingat
937 534 1091 579 aliquem
1113 533 1350 566 baccalarium
1373 538 1618 577 presentatum
1641 531 1698 564 vel
1718 531 1827 564 alium
1849 531 1932 564 huic
1955 538 2087 565 statuto
2110 532 2302 574 contraire,

438 602 528 635 nulli
558 601 812 646 magistrorum
841 601 948 633 liceat
980 613 1043 645 pro
1072 600 1133 633 tali
1166 600 1362 644 deponere.
1398 600 1440 631 Et
1470 598 1501 631 si
1529 598 1622 630 sorte
1649 598 1892 643 contingeret,
1923 598 2020 643 quod
2053 599 2216 644 magistri
2244 606 2304 642 aut

437 680 562 701 eorum
592 667 703 712 aliqui
733 679 797 712 pro
824 668 904 712 ipso
927 667 1165 712 deponerent,
1188 672 1247 698 aut
1276 665 1373 710 quod
1400 665 1478 698 sine
1507 664 1737 709 depositione
1764 665 2019 710 magistrorum
2047 677 2112 710 per
2131 665 2303 699 cancella-

437 735 529 768 rium
550 734 810 774 licentiaretur,
838 734 935 778 quod
960 733 1064 774 absit,
1088 733 1169 765 talis
1195 732 1247 765 sic
1273 731 1479 764 licentiatus
1499 743 1682 775 nunquam
1709 731 1746 764 in
1774 738 1960 776 posterum
1981 731 2026 765 ad
2044 731 2247 765 facultatem
2269 739 2305 765 et

438 803 518 846 ejus
539 807 639 833 actus
660 800 878 841 admittatur,
896 800 993 832 omni
1015 799 1288 844 dispensatione
1311 798 1465 830 seclusa.
1487 812 1502 828 »

525 867 666 910 Quibus
688 867 752 907 sic,
771 873 809 899 ut
829 866 1060 911 premittitur,
1080 865 1290 898 deliberatis
1312 864 1498 910 predictus
1521 864 1616 897 dom.
1635 871 1755 898 rector
1771 864 1949 898 conclusit
1973 865 2107 899 dictum
2130 858 2316 911 punctum⁴

436 934 534 967 bulle
556 934 724 978 adjuncto
746 939 877 966 statuto
898 939 933 965 et
961 932 1203 965 declaratione
1230 931 1333 964 factis
1364 943 1428 976 per
1456 931 1659 964 facultatem
1686 931 1871 977 theologie
1896 932 2051 976 precise,
2073 932 2249 978 adequate
2270 938 2306 966 et

434 1001 479 1033 ad
500 1012 671 1045 unguem,
695 999 828 1032 debere
850 999 1049 1032 observari.
1072 1000 1124 1031 De
1146 1011 1214 1043 qua
1236 998 1381 1043 quidem
1404 997 1668 1031 deliberatione
1689 1004 1725 1031 et
1748 997 1985 1031 conclusione
2006 999 2071 1038 sic,
2094 1005 2134 1032 ut
2158 999 2306 1044 premit-

437 1067 535 1108 titur,
566 1067 668 1099 factis
701 1066 818 1099 dictus
854 1066 950 1098 dom.
987 1072 1106 1098 rector
1141 1065 1287 1098 nomine
1320 1071 1355 1097 et
1386 1064 1465 1097 vice
1501 1064 1653 1097 rectoris
1689 1071 1723 1097 et
1753 1065 2009 1098 Universitatis
2044 1065 2157 1098 studii
2190 1066 2303 1099 Paris.

436 1134 670 1178 omniumque
692 1139 727 1165 et
754 1132 980 1177 singulorum
1004 1144 1157 1176 quorum
1178 1131 1332 1164 interest
1350 1130 1407 1164 vel
1438 1131 1615 1172 intererit,
1637 1137 1698 1164 aut
1723 1131 1785 1176 qui
1811 1143 1875 1164 sua
1900 1131 2081 1165 interesse
2102 1132 2307 1177 putaverint

438 1211 502 1232 seu
524 1199 746 1232 crediderint
767 1198 1042 1243 quomodolibet
1068 1199 1104 1231 in
1126 1199 1300 1239 futurum,
1322 1210 1339 1230 a
1361 1209 1417 1230 me
1439 1198 1579 1231 notario
1601 1197 1747 1243 publico
1770 1197 1977 1243 subscripto
2005 1199 2109 1244 petiit
2136 1198 2206 1232 sibi
2227 1199 2306 1232 fieri

438 1278 547 1299 unum
574 1265 631 1299 vel
661 1265 764 1310 plura
792 1265 935 1310 publica
963 1265 1153 1310 originalia
1183 1265 1437 1305 instrumenta,
1470 1276 1646 1309 personas
1675 1264 1859 1298 adstantes
1887 1265 2091 1299 invocando
2116 1266 2154 1299 in
2179 1272 2305 1300 testes.

438 1333 524 1365 Acta
544 1333 690 1365 fuerunt
719 1332 785 1364 hec
814 1332 974 1365 Parisius
996 1332 1146 1364 multum
1169 1331 1394 1373 solemniter,
1417 1331 1631 1372 indictione,
1653 1343 1791 1373 mense,
1815 1331 1886 1373 die,
1908 1331 2009 1374 hora,
2031 1332 2112 1365 loco
2134 1339 2170 1366 et
2189 1333 2308 1378 ponti-

438 1399 542 1432 ficatu
576 1398 765 1444 predictis,
798 1398 1032 1443 presentibus
1058 1389 1332 1431 venerabilibus
1362 1410 1401 1431 ac
1431 1398 1706 1443 circumspectis
1733 1398 1822 1431 viris
1857 1398 2042 1444 magistris
2074 1411 2114 1432 ac
2149 1399 2307 1434 dominis

440 1467 580 1498 Herveo
603 1465 735 1498 Sulvcn
756 1465 836 1498 loco
859 1465 985 1498 decani
1005 1465 1184 1498 facultatis
1205 1464 1404 1510 theologie,
1422 1477 1461 1497 ac
1483 1476 1577 1510 mag.
1601 1464 1798 1498 Guillelmo
1820 1465 1864 1497 de
1885 1465 2059 1507 Gardino,
2083 1465 2120 1498 in
2140 1466 2307 1500 facultate

441 1531 623 1577 theologie
653 1532 850 1577 magistris,
881 1532 1028 1565 Galtero
1059 1532 1202 1572 Grassi,
1233 1531 1370 1564 decano
1402 1531 1582 1564 facultatis
1613 1531 1842 1564 decretorum
1870 1544 1910 1564 ac
1941 1532 2045 1565 etiam
2077 1532 2307 1566 decretorum

439 1598 600 1640 doctore,
619 1598 789 1632 Gaffredo
806 1598 1039 1643 Malpoivre⁶,
1058 1599 1095 1631 in
1112 1598 1291 1631 medicina
1311 1598 1487 1643 magistro
1504 1598 1584 1631 loco
1602 1598 1729 1631 decani
1748 1598 1928 1632 facultatis
1949 1599 2142 1640 medicine,
2161 1599 2307 1633 Simone

441 1665 474 1697 le
496 1665 703 1706 Renvoisie,
726 1666 831 1698 Petro
853 1665 897 1698 de
919 1666 1049 1706 Bosco,
1073 1666 1178 1697 Petro
1201 1664 1398 1706 Barberii⁷,
1423 1665 1579 1697 Henrico
1602 1665 1645 1698 de
1662 1664 1820 1707 Harlein,
1842 1665 2006 1708 Francie,
2023 1666 2200 1708 Picardie,
2217 1667 2309 1700 Nor-

442 1732 557 1764 manie
581 1744 620 1764 ac
643 1731 776 1776 Anglie
805 1732 988 1764 nationum
1017 1731 1327 1776 procuratoribus,
1356 1743 1450 1777 mag.
1473 1731 1636 1765 Johanne
1664 1732 1810 1773 Sanere,
1834 1732 2018 1765 Gaufredo
2046 1732 2204 1775 Morelli,
2232 1733 2310 1767 Fir-

442 1798 539 1831 mino
560 1798 710 1832 Oliverii
732 1799 881 1831 notariis
902 1798 1126 1843 apostolicis,
1149 1805 1185 1831 et
1214 1798 1490 1844 quamplurimis
1517 1798 1598 1832 aliis
1618 1797 1774 1832 testibus
1799 1798 1844 1831 ad
1871 1799 2048 1844 premissa
2068 1800 2206 1833 vocatis
2226 1811 2310 1846 spe-

440 1865 580 1898 cialiter
601 1872 636 1898 et
655 1865 804 1910 rogatis.

530 1933 572 1964 Et
594 1943 661 1977 ego
683 1931 866 1964 Johannes
883 1932 1062 1965 Cardonis
1084 1932 1128 1965 de
1150 1933 1353 1974 Craon[n]a,
1373 1932 1546 1977 magister
1566 1932 1602 1964 in
1623 1931 1775 1974 artibus,
1797 1932 1918 1976 presb.
1943 1933 2175 1967 Laudunens.
2198 1934 2306 1976 dioc.,

442 1997 611 2042 publicus
632 1998 843 2031 auctoritate
864 1998 1060 2043 apostolica
1083 2011 1121 2031 ac
1142 1998 1321 2044 imperiali
1342 1999 1520 2040 notarius,
1537 2004 1601 2032 etc.

534 2107 602 2131 Bibl.
623 2111 676 2131 nat.
693 2108 776 2132 Paris,
799 2116 848 2131 ms.
865 2108 911 2132 lat.
931 2109 960 2131 12
969 2110 1023 2137 849,
1044 2109 1090 2132 sol.
1105 2110 1135 2132 42
1154 2110 1313 2141 (apograph.
1328 2110 1389 2133 coll.
1408 2118 1451 2134 an.
1468 2110 1527 2133 1605
1548 2119 1608 2133 cum
1623 2110 1768 2142 originali).
1785 2111 1883 2134 lterum
1901 2111 1947 2135 fol.
1960 2111 1991 2134 43
2009 2110 2165 2142 (apograph.
2187 2118 2230 2134 an.
2251 2110 2313 2134 1654

441 2151 502 2175 coll.
516 2160 575 2174 cum
590 2152 733 2183 originali).
749 2166 778 2170 -
795 2153 917 2182 Bulaeus,
933 2154 974 2182 lv,
988 2154 1042 2176 637.

537 2249 559 2273 1.
578 2250 675 2280 Apogr.
697 2250 772 2281 prius
795 2250 837 2273 hic
859 2254 885 2274 et
908 2250 998 2274 intra:
1022 2259 1034 2274 α
1054 2251 1234 2282 Courtecoupe
1254 2260 1277 2275 ».
1300 2252 1462 2283 Intelligitur
1481 2253 1614 2277 Johannes
1637 2253 1829 2282 Courtecuisse,
1853 2261 1898 2276 seu
1919 2252 2084 2281 Breviscoxe,
2106 2253 2138 2276 de
2157 2260 2209 2284 quo
2231 2260 2313 2284 supra

444 2301 471 2324 p.
487 2294 540 2320 259,
558 2297 611 2318 not.
631 2295 654 2317 9.
671 2308 702 2311 —
719 2295 741 2318 2.
758 2294 905 2318 Johannem
923 2295 955 2318 de
972 2295 1153 2326 Guignicurte.
1169 2309 1199 2313 ——
1215 2297 1238 2319 3.
1255 2296 1351 2327 Supra,
1367 2305 1394 2328 p.
1413 2297 1457 2320 ‘144
1472 2305 1476 2320 :
1493 2306 1505 2320 «
1522 2298 1585 2321 Item
1601 2298 1764 2326 ordinamus,
1781 2297 1851 2329 quod
1870 2297 1910 2320 illi
1927 2296 2081 2326 bachelarii,
2098 2296 2143 2328 qui
2164 2296 2312 2320 Sententias

444 2337 565 2368 legerunt
579 2347 601 2366 »,
617 2341 664 2361 etc.
684 2353 710 2356 —
726 2340 748 2362 [Δ.
768 2339 823 2362 Vid.
839 2342 941 2370 postea.
956 2353 986 2356 —
1004 2342 1026 2362 5.
1044 2340 1184 2371 Sequentia
1200 2340 1226 2362 in
1244 2341 1350 2364 statutis
1366 2341 1446 2365 theol.
1470 2342 1560 2365 facult.
1582 2342 1761 2366 inveniuntur.
1781 2342 1838 2365 Vid.
1859 2341 1996 2369 Chartul„
2011 2341 2044 2368 11,
2062 2349 2090 2372 p.
2102 2342 2156 2370 700,
2169 2340 2203 2364 η’·
2216 2341 2255 2369 ³9,
2272 2341 2312 2365 40.

446 2381 592 2405 Declaratio
608 2390 688 2413 supra
701 2383 832 2414 exscripta
845 2383 979 2415 antiquior
994 2387 1043 2416 est,
1055 2392 1134 2415 quam
1150 2387 1248 2407 statuta
1261 2385 1349 2414 citata,
1365 2394 1431 2417 quae
1445 2386 1531 2417 quoad
1545 2386 1593 2409 hoc
1608 2394 1621 2409 e
1637 2386 1814 2410 declaratione
1829 2386 1969 2417 desumpta
1985 2388 2054 2408 sunt.
2064 2398 2096 2402 —-
2106 2387 2129 2408 6.
2141 2385 2188 2410 Me.
2206 2393 2211 2408 :
2227 2393 2238 2409 α
2251 2386 2314 2409 Mal.

446 2425 538 2456 ponire
554 2434 575 2454 ›);
591 2426 703 2449 Bulaeus
720 2435 724 2450 :
744 2435 754 2450 ‹(
772 2427 915 2458 Melpomre
932 2436 953 2451 »-
972 2428 1131 2459 Designatur
1146 2429 1290 2452 Gauri-idus
1304 2429 1479 2461 Malipiperis,
1496 2439 1578 2462 supra
1592 2439 1619 2462 p.
1631 2431 1685 2460 265,
1704 2431 1759 2454 449.
1775 2444 1803 2448 —-
1819 2431 1841 2454 7.
1856 2430 1933 2453 Bul-t
1950 2440 1963 2451 «
1978 2429 2103 2453 Barbarie
2119 2437 2141 2452 n.

455 2612 595 2649 1550.
618 2623 743 2648 Litterae
758 2623 836 2649 Petri
851 2624 1021 2659 cardinalis,
1041 2625 1145 2660 quibus
1161 2635 1231 2651 nova
1253 2626 1396 2662 quaedam
1417 2627 1560 2663 componit
1579 2627 1705 2653 dissidia
1725 2626 1931 2653 cancellarium
1951 2627 2024 2653 inter
2046 2630 2073 2653 et
2097 2626 2313 2653 Universitatem

540 2671 733 2697 Parisiensem
749 2675 821 2698 orta.

1695 2712 1770 2741 1389.
1784 2712 1844 2738 Maii
1857 2712 1895 2742 17,
1909 2712 2025 2738 Parisiis.

541 2790 687 2822 Petrus¹
707 2790 751 2822 11¹³
769 2791 937 2824 ‘eratione
955 2792 1075 2825 divina
1091 2793 1184 2825 tituli
1207 2794 1335 2827 Sancte
1352 2794 1517 2827 Susanne
1534 2801 1763 2828 sacrosancte
1780 2796 1939 2828 Romane
1956 2795 2111 2828 ecclesie
2133 2793 2315 2840 presbiter

452 2854 659 2897 cardinalis,
681 2863 795 2901 apost.
819 2857 917 2890 sedis
938 2859 1093 2892 nuncius
1119 2859 1163 2892 ad
1190 2871 1314 2905 regem
1337 2861 1485 2894 Francie
1506 2873 1585 2894 cum
1608 2861 1769 2906 plenaria
1796 2868 1973 2906 potestate
1998 2861 2108 2907 legati
2134 2861 2178 2894 de
2203 2860 2315 2894 latere
