2508 3372
986 292 1278 323 INTRODUCTIO.
1961 302 1965 305 “
1999 294 2062 315 XIII

298 365 498 402 Dolendum
527 369 645 402 autem
671 366 740 402 hoc
761 365 915 401 melioris
937 369 1038 402 notae
1057 366 1213 413 spatium
1230 378 1302 401 non
1321 366 1453 402 tamdiu
1481 367 1516 402 in
1540 367 1690 403 Francia
1716 368 1885 414 quamdiu
1908 368 1942 402 in
1965 368 2063 403 ltalia

201 436 360 473 durasse.
376 439 454 473 Jam
470 440 550 473 ante
567 437 675 472 finem
691 437 824 473 saeculi
840 449 902 472 xiv
917 441 996 473 acta
1017 441 1051 472 et
1073 437 1211 473 litterae
1227 437 1473 473 Universitatis
1490 438 1712 474 intoleranda
1723 439 1825 481 siunt,
1845 438 1935 473 sicut
1951 440 2063 474 Bene-

200 507 283 545 dicti
296 510 378 544 XIII
391 507 572 555 epistolae,
592 512 627 543 et
647 519 687 543 eo
703 508 815 555 magis
835 508 933 555 quod
949 508 1144 544 memoriae
1161 508 1258 543 illius
1275 508 1464 555 scriptores
1479 509 1514 543 in
1530 509 1838 545 lucubrationibus
1855 509 1927 544 suis
1948 513 2065 544 tumo-

202 591 277 615 rem
297 583 331 615 et
350 579 524 626 ampullas
547 582 688 626 captare
715 579 908 615 tentabant.
927 580 1032 627 Apud
1053 581 1222 623 Francos,
1242 579 1371 627 quibus
1387 591 1458 614 non
1475 580 1621 627 contigit
1637 579 1794 615 scholam
1818 580 2007 623 celebrem,
2028 585 2063 615 ut

201 650 312 694 Italis,
330 649 503 694 obtinere,
522 649 545 685 ii
567 650 755 697 scriptores
776 650 914 697 optimi,
934 662 1022 698 quos
1036 650 1312 693 nominavimus,
1330 662 1443 698 usque
1463 651 1506 686 ad
1523 650 1751 686 Guillelmum
1772 651 1895 686 Fichet
1913 651 1965 686 vix
1986 651 2066 686 imi-

200 724 328 757 tatores
343 721 571 765 invenerunt,
591 720 659 756 nisi
677 721 836 756 fortassis
850 722 1008 769 excipias
1026 721 1223 757 Gerardum
1238 722 1454 765 Machetum,
1471 722 1514 757 de
1531 722 1649 768 quoin
1668 722 1734 757 vol.
1755 724 1800 757 IV
1814 726 1944 769 agetur.
1965 722 2064 764 Quod

200 792 380 828 ,lohannes
394 792 496 828 Vatel
513 804 570 827 an.
593 794 681 828 1521
702 793 773 827 ait:
803 807 818 824 «
835 792 1042 840 Clemangio
1064 793 1099 828 id
1113 793 1235 828 schola
1252 793 1460 828 Parisicnsis
1480 792 1583 828 (lebet
1604 793 1699 840 quod
1723 793 1828 827 latine
1852 793 1999 828 scribat¹
2027 809 2062 838 n,

201 863 246 899 de
262 862 412 899 minimo
426 875 603 899 annorum
618 863 730 910 spatio
746 864 878 899 saeculi
894 875 957 900 xiv
976 876 1099 900 verum
1114 868 1180 899 est.

251 935 302 969 De
320 934 389 970 alia
409 938 548 981 septem
570 934 700 970 artium
724 934 924 970 liberalium
949 939 1059 982 parte,
1079 935 1121 970 de
1144 936 1282 971 Musica
1298 935 1474 976 videlicet,
1502 935 1741 982 loquebantur
1760 935 1936 983 peregrini
1954 937 2012 983 qui
2029 947 2068 971 ea

202 1008 412 1052 tempestate
431 1006 571 1041 Parisiis
591 1006 626 1041 in
643 1006 874 1041 Universitate
892 1006 1095 1042 studebant.
1113 1006 1295 1042 Johannes
1317 1006 1360 1042 de
1374 1006 1609 1050 Jenzenstein,
1636 1010 1760 1053 postea
1776 1007 1963 1054 episcopus
1981 1007 2067 1042 Mis-

203 1075 324 1111 nensis
338 1080 371 1111 et
383 1076 673 1124 archiepiscopus
689 1077 870 1124 Pragensis
884 1077 920 1112 in
933 1077 1085 1124 quadam
1099 1077 1215 1113 littera
1229 1077 1370 1113 scribit:
1393 1077 1551 1112 «Musica
1563 1077 1760 1113 considerat
1772 1078 1814 1112 de
1828 1089 1975 1113 numero
1988 1090 2070 1113 con-

204 1151 358 1187 siderato
373 1151 418 1187 ad
433 1163 575 1195 sonum,
599 1164 694 1187 nunc
709 1152 866 1196 dissono,
891 1165 985 1188 nunc
1001 1153 1189 1194 semitono,
1214 1165 1309 1189 nunc
1331 1153 1468 1196 salseto,
1488 1164 1584 1188 nunc
1610 1164 1690 1188 vero
1716 1152 1910 1188 bemolleni
1927 1157 2070 1188 cantum

204 1225 366 1266 exornat,
397 1226 431 1258 et
456 1223 636 1270 quomodo
657 1224 852 1259 secundum
883 1224 1089 1271 gravitatem
1116 1236 1347 1260 numerorum
1379 1228 1412 1259 et
1440 1224 1731 1259 mensuraciones
1756 1228 1968 1259 accentuum
1991 1225 2070 1272 quis

205 1293 383 1338 decantet,
414 1294 510 1340 quod
538 1295 736 1341 peroptime
759 1294 854 1330 noxit
880 1295 1130 1330 parisiensium
1158 1295 1263 1330 turba
1286 1294 1586 1342 quampluri1na2.
1618 1310 1632 1327 »
1667 1296 1728 1330 An.
1761 1297 1866 1338 1403,
1892 1295 2072 1331 Jahannes

206 1365 366 1408 Comitis,
387 1364 527 1400 Ebroic.
544 1365 674 1409 dioec„
693 1369 726 1401 et
741 1366 953 1401 Guillelmus
970 1366 1167 1413 Burgondi,
1187 1367 1296 1402 Paris.
1315 1366 1445 1410 dioec.,
1466 1370 1503 1401 ut
1527 1370 1635 1401 «actu
1657 1366 1842 1401 docentes³
1860 1367 2014 1402 Parisius
2035 1367 2071 1401 in

205 1439 280 1472 arte
304 1436 440 1471 musice
469 1448 510 1471 ex
540 1436 751 1472 auctoritate
781 1441 813 1472 et
838 1437 982 1472 licentia
1013 1438 1260 1473 Universitatis
1295 1437 1404 1473 Paris.
1435 1453 1449 1470 »
1483 1437 1718 1480 afferuntur&
1746 1437 1843 1484 prior
1873 1437 1937 1472 suit
1967 1438 2072 1473 etiam

206 1507 399 1543 instructor
413 1519 607 1554 puerorum
624 1507 723 1543 chori
739 1508 911 1543 ecclesiae
932 1509 1058 1551 Paris„
1077 1508 1167 1544 alter
1188 1523 1201 1540 «
1216 1512 1338 1544 cantor
1353 1509 1593 1544 Universitatis
1606 1523 1620 1541 »
1634 1537 1641 1543 .

305 1580 355 1613 De
378 1578 623 1614 Facultatibus
638 1579 867 1614 Decretormn
891 1583 925 1615 et
939 1580 1131 1615 Medicinae
1150 1592 1264 1627 pauca
1285 1579 1438 1615 dicenda
1458 1583 1551 1614 sunt.
1575 1581 1675 1615 Tunc
1691 1580 1727 1614 in
1746 1579 1926 1615 Facultatc
1947 1581 2075 1614 Decre-

206 1652 324 1684 torum
342 1648 505 1696 vigebant
519 1649 661 1696 quidam
679 1649 896 1686 indubitatae
913 1651 1095 1686 doctrinae
1110 1651 1187 1694 viri,
1209 1662 1363 1698 quorum
1380 1651 1472 1686 sama
1488 1650 1566 1694 suit,
1585 1650 1689 1685 veluti
1706 1651 1886 1686 Johannes
1903 1650 1946 1685 de
1963 1651 2074 1685 Bour-

208 1720 318 1764 nazel‚
332 1720 514 1756 Johannes
531 1720 648 1764 Fabri,
665 1721 788 1757 Simon
802 1722 844 1757 de
857 1722 1077 1766 Cramaudo;
1093 1726 1126 1758 at
1143 1722 1274 1769 scripta
1285 1734 1375 1769 quae
1387 1722 1457 1758 duo
1469 1722 1683 1769 posteriores
1696 1722 1915 1768 reliquerunt
1927 1721 2073 1756 minime

203 1791 296 1839 juris
319 1791 482 1827 canonici
508 1791 767 1828 incrementum
794 1797 1022 1840 pepererunt.
1043 1795 1245 1835 Caeterum,
1265 1793 1414 1828 durante
1434 1793 1633 1828 Schismate
1658 1792 1823 1837 Juristae,
1841 1796 1961 1839 utpote
1979 1792 2075 1828 inso-

208 1861 389 1903 lentiores,
405 1874 476 1898 11011
493 1863 652 1911 theologi
668 1863 703 1898 in
720 1864 974 1912 congressibus
995 1865 1205 1912 plerumque
1226 1864 1382 1912 palmam
1400 1864 1573 1899 ferebant.

307 1934 473 1969 Facultas
489 1934 683 1970 Medicinae
700 1935 809 1982 magis
825 1947 864 1970 ac
882 1936 993 1983 magis
1011 1937 1234 1983 frequentata
1250 1935 1334 1979 fuit3
1354 1948 1451 1970 nunc
1471 1936 1589 1983 major
1606 1947 1777 1970 numerus
1798 1935 2016 1970 studentium
2039 1935 2075 1969 in

209 2004 387 2040 medicina
403 2005 544 2040 Parisiis
560 2005 740 2041 invenitur
755 2018 862 2053 quam
881 2007 1100 2054 temporibus
1117 2006 1372 2054 superioribus.
1394 2007 1578 2054 Magistros
1596 2006 1752 2042 celebres
1773 2005 1912 2050 habuit,
1932 2010 1968 2041 ut
1988 2008 2075 2041 Ger-

208 2075 343 2111 vasium
359 2076 563 2119 Christiani,
581 2077 789 2112 Guibertum
805 2077 847 2113 de
860 2078 1009 2121 Celseto,
1027 2079 1227 2114 Johannein
1242 2078 1284 2114 de
1297 2078 1442 2121 Guistri,
1459 2077 1615 2113 medicos
1627 2078 1718 2125 regis
1731 2078 1847 2112 Caroli
1866 2079 1906 2120 Υ,
1923 2088 2074 2124 quorum

209 2158 293 2182 cura
314 2147 367 2182 vel
386 2147 601 2195 exemplaria
622 2149 948 2196 manuscriptorum
972 2153 1114 2185 exarata
1135 2154 1230 2194 sunt,
1256 2149 1309 2185 vel
1330 2149 1457 2185 bursae
1479 2149 1705 2184 studentibus
1729 2148 1897 2184 fundatae
1924 2148 1980 2194 (de
2007 2160 2076 2195 quo

210 2217 324 2253 fusius
340 2230 423 2253 cum
441 2218 483 2254 de
500 2219 664 2266 Collegiis
680 2220 938 2267 tractabiuius);
958 2221 1020 2256 sed
1036 2233 1141 2267 quem
1158 2221 1181 2256 ii
1197 2221 1233 2256 in
1252 2221 1410 2256 docenda
1427 2221 1604 2255 medicina
1620 2232 1846 2267 progressum
1862 2219 2074 2266 paraverint,

211 2288 343 2325 frustra
355 2289 391 2324 in
409 2289 634 2326 documentis
648 2291 858 2337 quaesieris.

310 2361 519 2396 Schismatis
534 2364 629 2396 aetas
646 2361 841 2408 plurimum
860 2362 986 2398 studiis
1002 2363 1135 2398 nocuit.
1161 2365 1198 2398 In
1219 2362 1367 2399 dubium
1389 2363 1497 2397 animi
1515 2362 1614 2405 moti,
1635 2362 1817 2404 stimulati,
1835 2362 1967 2409 agitati,
1988 2361 2075 2396 vires

211 2443 292 2467 suas
309 2431 538 2479 dissipabant.
558 2432 642 2474 Quis
659 2437 750 2469 esset
766 2445 866 2469 verus
883 2437 993 2481 papa?
1010 2433 1140 2481 quibus
1160 2434 1244 2470 unio
1265 2434 1326 2469 viis
1347 2433 1562 2470 obtinenda?
1585 2435 1631 2468 Ea
1648 2437 1785 2468 tantum
1800 2437 1942 2468 ‚mentes
1966 2432 2076 2478 inagi-

211 2505 365 2538 strorum
395 2503 686 2552 studentiumque
710 2509 898 2552 occupant.
923 2506 1153 2547 Quaestiones
1179 2505 1220 2541 de
1243 2505 1438 2541 Schismate
1460 2505 1607 2552 ejusque
1630 2504 1896 2551 consequentiis
1917 2503 2073 2538 solemn'e

307 2666 328 2690 l.
347 2667 498 2696 LAnnoms,
515 2667 592 2697 Opp.,
609 2667 656 2697 IV,
672 2669 746 2699 parte
760 2668 784 2695 2,
799 2675 823 2699 p.
839 2668 878 2691 63.

304 2710 328 2735 2.
347 2710 405 2734 Vid.
419 2710 480 2735 Cod.
495 2711 668 2743 epistolarem,
682 2711 722 2735 ed.
736 2711 863 2736 Losmmi
878 2712 905 2736 in
918 2714 1022 2737 Archiv
1036 2715 1057 2743 f.
1076 2714 1253 2738 Oesterreztch.
1272 2713 1378 2742 Gesch.,
1393 2711 1446 2736 LV.
1464 2719 1488 2743 p.
1502 2710 1557 2734 386.

305 2754 328 2779 3.
347 2755 403 2779 Non
422 2755 468 2779 abs
491 2763 518 2779 re
538 2755 588 2779 erit.
612 2757 701 2780 notare
718 2764 761 2780 eos
782 2757 870 2780 ambos
890 2757 917 2780 in
932 2757 983 2781 fine
998 2758 1080 2781 totius
1101 2757 1180 2782 rotuli
1200 2757 1296 2786 afferri,
1314 2759 1341 2780 et
1359 2758 1388 2780 ut.
1408 2764 1422 2779 a
1441 2755 1532 2779 ceteris
1556 2753 1708 2785 regentibus
1729 2753 1926 2784 distinguantur
1950 2752 2074 2776 nominari

214 2809 226 2821 α
241 2798 362 2823 docontes
373 2809 395 2828 n,
410 2800 517 2831 perinde
531 2802 610 2831 atque
625 2800 698 2824 hodie
714 2809 761 2825 vox
776 2811 788 2823 α
807 2801 904 2825 Dozent.
919 2811 931 2823 n
947 2802 1022 2825 etiam
1039 2809 1084 2834 pro
1097 2802 1231 2833 magistris
1245 2801 1356 2825 musicae
1368 2800 1546 2830 similiumque
1560 2798 1656 2822 artium
1669 2797 1817 2821 adhibetur.

306 2844 330 2868 4.
348 2843 407 2868 Vid.
423 2845 485 2868 tom.
500 2844 547 2868 IV.

338 2892 384 2908 *³¹⁵*
403 2890 497 2913 Chart.
520 2889 598 2914 Um'v.
616 2889 709 2913 Paris.
726 2890 770 2913 III.
1938 2886 1951 2907 (Ι

2203 939 2308 964 Musica.

2126 1584 2241 1613 Decreta,
2257 1584 2395 1608 Medicina.

2111 2365 2262 2389 Studiorum
2277 2364 2405 2397 prolapsio

2123 2401 2264 2424 Schismate
2278 2399 2397 2423 durante.
