2488 3386
848 330 1035 351 ADDENDA
1071 331 1115 352 ET
1150 330 1423 353 couniosslxns.
2001 323 2065 355 667

293 403 383 428 nostri
399 411 482 437 pape,
497 404 548 437 qui
562 404 691 430 mittitur
706 412 756 438 per
771 405 868 437 ipsum
883 405 963 431 dom.
977 413 1084 439 papam
1095 405 1125 431 in
1142 406 1307 431 Flandriam
1321 407 1355 432 ad
1369 407 1449 432 dom.
1464 407 1569 433 ducem
1583 408 1751 440 Burgundio
1764 415 1816 441 pro
1830 408 1903 433 sacto
1916 408 2063 437 scismatis,

291 451 322 477 in
335 452 542 479 deductionem
558 453 595 486 vj⁰
609 453 673 479 flor.
689 453 753 479 auri
767 455 896 479 current.
909 454 962 479 sibi
975 462 1029 487 pro
1044 455 1122 480 dicto
1136 455 1228 488 viagio
1244 455 1317 480 tradi
1330 455 1545 485 ordinatorum,
1558 457 1637 482 dom.
1651 457 1783 482 Johanne
1798 457 1909 482 Vederii
1925 457 2000 483 socio
2013 465 2065 483 suo

290 508 344 533 pro
360 501 421 534 ipso
436 501 601 535 recipiente,
618 502 660 535 iijc
676 502 738 528 ssor.
755 504 897 531 current..
914 503 1010 528 valent
1024 503 1105 536 ijclvij
1123 504 1187 529 ssor.
1204 511 1291 531 cam..
1308 503 1346 537 iiij
1362 504 1412 529 sol.

362 551 429 576 Cum
444 550 502 583 ipso
514 558 567 583 pro
587 551 680 576 eadem
696 559 779 576 causa
794 551 970 577 mittebantur
986 552 1086 577 Petrus
1101 552 1256 582 Candonis,
1271 552 1326 585 leg.
1341 553 1442 578 doctor
1459 552 1566 586 (recipit
1584 562 1635 586 pro
1658 554 1784 586 carpensis
1807 555 1830 579 et
1851 554 1927 587 equis
1946 555 2065 580 emendis

290 597 322 631 ij0
342 606 415 624 xxxv
430 599 498 633 flor.
517 607 598 629 cam,
617 608 653 625 xx
669 600 732 633 sol.)
747 601 772 625 et
790 600 823 625 sr.
847 600 994 626 ,iohannes
1014 601 1142 630 Hatenis,
1160 600 1228 626 Ord.
1247 601 1340 630 Pred.,
1357 602 1578 634 penitentiarius
1593 603 1704 635 Anglie.
1723 603 1787 635 (rec.
1804 602 1869 636 cliiij
1887 602 1956 637 flor.
1982 611 2062 631 cam.,

291 647 338 681 viij
354 648 426 682 sot).
444 648 512 674 Ibid.
531 649 586 674 Vid.
601 648 744 682 etiamsol.
762 657 820 683 127.

361 697 431 723 Julii
454 705 482 722 11
507 697 687 723 morabantur
710 697 798 723 adhuc
821 697 847 723 in
869 698 1010 726 Flandria.
1030 705 1093 723 nam
1115 698 1166 724 sub
1185 699 1278 724 eadem
1302 699 1430 731 temporis
1455 702 1518 724 nota
1543 699 1686 725 Walterus
1709 700 1745 725 (10
1767 701 1943 728 Mentenaco.
1967 709 2065 726 cursor

290 745 370 771 dom.
386 753 469 779 pape,
486 746 616 772 mittitur
638 746 669 772 in
691 746 857 772 Flandriam
873 747 908 772 ad
923 746 1059 772 dominos
1073 747 1219 781 episcopos
1239 747 1376 773 Vaurens.
1393 749 1421 773 et
1436 748 1593 773 Lodovens.
1611 748 1803 782 ((31011101110111
1823 750 1858 775 de
1878 750 2063 778 Gmmmont,

290 802 358 820 cam.
375 796 463 827 apost.
480 795 564 821 audit.
583 796 607 821 et
621 795 672 830 leq.
689 795 772 829 doct.)
787 803 856 821 eum
869 795 954 822 certis
969 796 1056 821 bullis
1071 798 1099 822 et
1112 796 1215 822 litteris
1229 797 1309 822 dom.
1325 804 1399 830 pape
1414 796 1479 830 (sol.
1498 796 1582 824 1631)).

201 893 237 920 ΝΟ
253 892 332 922 1663,
350 895 410 918 1101.
429 892 454 922 ά.
474 893 540 919 Τ105
554 893 614 920 viae
628 893 710 927 (inter
724 894 805 928 alias)
824 894 860 919 ad
875 894 1019 920 tollendum
1036 895 1158 920 Schisma
1180 896 1261 927 aptae
1283 903 1328 920 an.
1349 895 1411 920 1381
1430 895 1465 921 ab
1480 895 1603 921 Ilenrico
1618 895 1652 921 de
1668 896 1762 921 llassia
1776 896 1884 925 allatae,
1907 896 2015 922 minime
2030 897 2065 922 ab

291 942 348 975 ipso
364 942 533 976 excoqitatae
548 950 595 968 seu
611 942 735 968 inventae
742 943 869 976 suerunt,
884 943 931 969 sed
945 943 1078 969 Henricus
1090 951 1161 977 quae
1176 944 1237 969 hinc
1252 944 1325 969 illinc
1340 944 1427 969 media
1440 945 1567 976 separate
1579 945 1804 978 proferebantur,
1823 945 1849 970 in
1865 953 1946 970 unum
1962 946 2066 979 colleyit

290 992 315 1016 et
329 991 515 1024 reassumpsit.
532 993 589 1017 Hoc
603 992 702 1024 optime
717 992 777 1025 quis
797 992 931 1025 conjicere
949 994 1037 1025 potest
1053 1000 1088 1017 ea:
1109 992 1234 1025 Epistola
1250 993 1406 1018 Leviathan
1421 993 1457 1018 ad
1475 992 1737 1026 pseudopraelatos,
1756 1001 1772 1018 a
1794 994 1877 1019 Petro
1898 994 1934 1019 (10
1949 994 2065 1020 :tilliaco

290 1040 381 1065 eodem
397 1048 442 1066 an.
458 1040 521 1065 1381
540 1041 686 1073 composita
699 1041 783 1073 (Bibl.
800 1041 957 1070 Gamerae,
973 1049 1026 1066 ms.
1044 1041 1105 1076 [⁸90¹
1123 1042 1208 1068 Catal.
1228 1041 1351 1075 531‚f0i.
1370 1041 1440 1075 187).
1454 1041 1481 1067 in
1496 1049 1549 1075 qua
1561 1042 1683 1075 refertur
1695 1050 1701 1067 z
1714 1042 1794 1079 Nune
1807 1050 1857 1075 per
1871 1050 1974 1068 eorum
1989 1043 2065 1076 (pre-

290 1089 430 1123 latorum)
445 1089 559 1123 pigram
576 1089 803 1115 sollicitudinem
818 1091 846 1116 et
862 1090 1043 1116 simultatem
1061 1090 1168 1116 dicitur
1182 1099 1188 1115 :
1252 1098 1305 1123 ego
1324 1090 1412 1124 (sum)
1428 1091 1520 1115 futuri
1536 1090 1656 1116 Concilii
1676 1091 1829 1123 generalis:
1846 1099 1899 1124 ego
1914 1092 2067 1117 arbitrialis

290 1138 443 1164 concordie
459 1138 488 1172 (i.
502 1146 524 1163 e.
537 1138 760 1173 compromissi);
775 1146 828 1171 ego
841 1139 1042 1172 resignationis
1056 1139 1210 1172 utriusque
1223 1139 1287 1172 (vid.
1304 1139 1485 1167 Tsehackert,
1498 1141 1579 1165 Peter
1594 1147 1644 1165 von
1659 1140 1733 1169 Ailti,
1750 1140 1912 1173 Appendix,
1925 1149 1954 1173 p.
1972 1149 2017 1175 ¹72
2030 1141 2064 1166 cs.

291 1186 493 1216 Wattenbach,
512 1187 598 1213 Ueber
611 1187 763 1220 ersundene
778 1187 873 1221 Briese
889 1188 916 1213 in
931 1189 990 1213 IIss.
1007 1188 1053 1213 des
1067 1188 1247 1217 Mittelalters,
1261 1188 1406 1213 besonders
1423 1188 1631 1221 Teuselsbriese,
1648 1188 1674 1213 in
1693 1188 1856 1222 Sitzungsb.
1869 1189 1897 1214 d.
1915 1189 1943 1214 k.
1956 1197 2065 1222 preuss.

290 1235 380 1261 Akad.
395 1235 424 1261 d.
442 1236 624 1265 Wissenseh.,
645 1236 721 1271 1892,
735 1244 764 1269 p.
788 1236 821 1271 96
837 1237 900 1270 sq.).
918 1237 1081 1264 Notandum.
1102 1238 1156 1262 tres
1172 1237 1230 1262 vias
1248 1236 1291 1262 hic
1309 1237 1400 1262 eodem
1416 1237 1511 1262 ordine
1533 1245 1565 1262 ac
1581 1237 1607 1262 in
1623 1238 1739 1262 tractatu
1762 1245 1807 1262 (1η.
1830 1237 1905 1272 1391.
1921 1238 1953 1263 de
1972 1246 2025 1271 quo
2042 1238 2067 1264 in

292 1289 322 1309 ηο
339 1284 415 1314 1663,
432 1286 606 1311 enumeratas
623 1293 690 1311 esse.
713 1285 757 1311 Sic
770 1285 851 1311 etiam
874 1286 925 1311 hae
950 1287 1004 1311 tres
1026 1285 1086 1311 viae
1107 1293 1152 1311 an.
1173 1285 1239 1320 1394
1262 1285 1372 1311 minime
1395 1286 1430 1311 ab
1455 1286 1634 1311 Universitate
1648 1286 1738 1312 Paris.
1760 1287 1929 1320 eaecoqilaiae
1938 1287 2065 1320 suerunt.

203 1381 240 1408 N⁰
253 1381 331 1408 1664.
347 1383 433 1408 Notae
443 1390 514 1416 quae
528 1384 687 1416 sequuntur.
701 1384 728 1408 ut
743 1383 808 1411 alia.
823 1383 984 1409 Clementem
999 1385 1044 1409 1³11
1056 1383 1132 1409 nobis
1149 1385 1175 1409 ut
1191 1383 1376 1409 simulatorem
1387 1383 1581 1409 demonstrant.
1595 1383 1715 1416 Speciem
1722 1384 1850 1416 praebuit
1866 1393 1894 1410 se
1903 1393 1955 1417 pro
1972 1385 2069 1411 unione

201 1674 267 1708 (Fol.

200 2163 265 2196 (Fol.

197 2504 266 2540 (Fol.

196 2651 265 2686 (Fol.

197 2749 265 2782 (Fol.

290 1431 417 1456 ecclesiae
430 1431 566 1459 laborare.
583 1439 643 1457 eam
663 1433 762 1461 tamen,
779 1440 838 1457 cum
854 1432 886 1457 de
901 1432 1020 1458 cessione
1032 1434 1169 1466 afferetur,
1188 1432 1365 1465 impediendo.
1387 1433 1531 1466 Hucusque
1546 1441 1560 1457 e
1575 1432 1682 1458 Chron.
1701 1433 1740 1457 (lu
1754 1433 1804 1458 rel.
1821 1433 1856 1458 de
1870 1433 1895 1459 S¹
1912 1434 2016 1466 Denys,
2033 1435 2066 1462 ll,

290 1479 333 1509 46,
351 1480 473 1505 historici
494 1480 658 1509 scribebant,
681 1480 803 1513 priorem
824 1482 964 1506 Astensem
983 1483 1103 1510 Certus„
1123 1483 1234 1507 Petrum
1255 1481 1296 1511 (cle
1312 1481 1474 1514 Monteeici),
1500 1489 1545 1506 an.
1571 1480 1634 1515 1392
1656 1481 1766 1506 consitio
1785 1482 1902 1515 alicujus
1922 1483 2068 1508 cardinalis

290 1528 427 1562 Bonisacii
448 1530 485 1554 IX
499 1530 611 1555 Romam
630 1529 666 1554 ad
686 1529 765 1555 istum
779 1537 883 1562 papam
904 1530 984 1555 ivisse
1002 1530 1038 1555 ab
1056 1538 1140 1563 eoque
1159 1530 1300 1563 epistolam
1312 1537 1365 1562 pro
1387 1537 1450 1564 reye
1468 1531 1635 1555 Francorum
1651 1530 1771 1562 petiisse.
1790 1531 1843 1555 Sed
1859 1539 1873 1555 e
1888 1532 1950 1556 nota
1964 1532 2066 1564 prima,

289 1585 372 1611 quam
394 1585 429 1603 επ
444 1577 529 1603 Arch.
547 1577 621 1607 Vat.‚
639 1578 744 1604 Introit.
761 1580 786 1604 et
801 1578 880 1607 exit..
900 1584 933 1604 n0
951 1578 1012 1607 368,
1025 1579 1209 1608 extraximus,
1223 1579 1314 1612 liquet.
1330 1579 1491 1605 Clementem
1513 1580 1558 1604 VII
1570 1579 1632 1612 jam
1645 1579 1734 1611 prius,
1754 1580 1778 1604 et
1797 1579 1904 1612 quidem
1927 1588 1972 1605 an.
1991 1580 2067 1615 1391,

288 1634 349 1652 cum
365 1626 415 1652 isto
427 1627 523 1659 priore
537 1627 696 1652 relationem
710 1627 847 1653 habuisse.

289 1674 375 1708 1601).)
395 1675 447 1701 Ι)10
463 1681 490 1700 v³
508 1675 614 1701 mensis
634 1675 715 1701 Junii
734 1675 790 1708 (an.
812 1676 888 1710 1391)
909 1676 1030 1702 suerunt
1052 1676 1139 1702 soluti
1162 1676 1243 1703 dom.
1268 1676 1389 1702 Girardo
1411 1676 1446 1702 de
1469 1677 1564 1705 Passu.
1587 1676 1788 1702 elemosinario
1807 1676 1887 1702 dom.
1913 1684 1996 1710 pape,
2018 1677 2069 1710 qui

288 1724 417 1749 mittitur
435 1724 471 1749 ad
484 1724 630 1750 civitatem
643 1725 792 1750 Astensem
808 1725 844 1750 ad
858 1725 986 1758 priorem
1003 1725 1132 1751 Cartusic
1151 1733 1237 1758 super
1252 1725 1336 1751 certis
1354 1726 1476 1757 negotiis
1491 1725 1605 1751 ecclesie
1620 1725 1672 1750 sihi
1687 1725 1836 1758 injunctis.
1853 1725 1903 1758 qui
1917 1726 1997 1751 ducit
2013 1727 2069 1751 ires

289 1780 388 1805 equos,
406 1781 458 1806 pro
474 1773 532 1798 suis
544 1773 674 1806 expensis
687 1773 845 1799 faciendisl
861 1774 924 1799 ssor.
941 1775 1082 1803 current..
1098 1774 1194 1800 valent
1209 1774 1256 1807 xlij
1273 1774 1335 1799 ssor.
1351 1782 1473 1803 camere,
1491 1774 1567 1807 xxiiij
1586 1775 1636 1799 sol.

361 1821 424 1847 Sine
439 1822 520 1847 dubio
528 1822 610 1855 sama
625 1822 708 1856 hujus
725 1823 882 1849 Cartusiani
894 1823 930 1848 ad
943 1830 1025 1848 aures
1036 1823 1161 1856 pervenit
1172 1823 1315 1849 Clementis
1332 1824 1385 1851 VII.
1397 1823 1445 1856 qui
1459 1823 1562 1849 audiuit
1574 1824 1681 1856 partem
1693 1823 1829 1856 Bonifiicii
1842 1824 1878 1848 IX
1887 1831 1917 1848 eo
1933 1823 1972 1849 uti
1985 1823 2070 1849 inten-

289 1870 354 1896 dere
369 1870 396 1896 in
406 1871 484 1904 sacto
500 1871 616 1896 unionis.
635 1872 762 1897 Fortasse
781 1872 902 1898 Clemens
924 1873 968 1897 VII
979 1872 1040 1897 huic
1055 1879 1198 1897 occurrere
1214 1872 1304 1897 volens
1319 1872 1355 1897 ad
1374 1880 1434 1897 eum
1453 1880 1532 1897 suum
1551 1872 1794 1900 eleemosinar1'um‚
1812 1872 1859 1904 qui
1873 1872 1929 1897 Jul.
1950 1880 1981 1896 22
2001 1874 2069 1898 Ave-

291 1919 397 1945 nionem
410 1920 473 1953 Jam
488 1927 614 1946 reversus
629 1922 687 1946 erat
705 1921 767 1954 (sol.
786 1919 860 1955 158b)
874 1920 956 1946 misit.
972 1921 1024 1946 Sed
1045 1921 1111 1954 quid
1126 1921 1151 1946 ei
1174 1921 1328 1954 injunccerit
1351 1921 1517 1955 ignoramus.
1538 1921 1619 1947 Nulla
1640 1921 1716 1946 istius
1732 1920 1836 1953 prioris
1856 1921 1951 1946 deinde
1971 1921 2068 1946 mentio

287 1967 325 2002 fii
344 1968 371 1993 in
385 1968 499 1994 Introit.
517 1970 545 1994 et
560 1969 627 1994 exit.
641 1977 725 2003 usque
740 1969 775 1995 ad
792 1977 838 1995 an.
854 1969 930 2004 1392,
943 1971 1000 1996 Jul.
1018 1978 1061 1998 20,
1075 1970 1102 1996 in
1120 1971 1183 1995 nota
1198 1970 1330 2003 sequenti,
1345 1977 1427 2003 quam
1443 1978 1479 1995 ex
1494 1970 1606 1995 Introit.
1623 1971 1651 1995 01
1665 1970 1744 1998 exit..
1762 1975 1795 1994 n0
1810 1969 1871 2003 369,
1884 1969 2065 1995 eoetraarimus.

289 2018 333 2043 Eae
348 2017 395 2043 illa
410 2017 578 2051 conjicimus,
588 2018 689 2050 primo,
699 2018 821 2051 priorem
832 2020 972 2044 Aslensem
988 2019 1069 2045 etiam
1082 2027 1134 2052 per
1147 2020 1308 2045 Clementem
1327 2020 1370 2045 VII
1382 2021 1494 2045 Romam
1510 2019 1620 2044 missum
1631 2019 1738 2052 suisse;
1754 2018 1878 2047 secundo,
1897 2018 1947 2043 iter
1958 2020 2069 2044 Romam

288 2066 324 2091 ab
339 2066 486 2092 Avenione
502 2067 652 2101 peregisse,
666 2067 836 2101 proindeque
854 2075 900 2093 an.
921 2068 997 2102 1392,
1015 2069 1072 2094 Jul.
1090 2076 1133 2097 20,
1150 2068 1266 2094 secundo
1284 2068 1421 2093 Avenione
1445 2068 1559 2097 stetisse,
1577 2069 1680 2093 attenta
1705 2067 1836 2093 locutione
1855 2075 1864 2092 .·
1889 2067 2067 2093 Avenionem

289 2115 402 2140 noviter
415 2115 526 2141 revenit
541 2115 576 2141 de
591 2115 676 2145 Urbe,
697 2117 746 2142 ete.

285 2163 356 2198 124.)
372 2164 424 2190 Die
439 2170 487 2189 xxa
510 2165 616 2190 mensis
637 2165 706 2190 Julii
722 2165 843 2191 suerunt
865 2165 951 2191 soluti
970 2186 987 2191 ..
1010 2166 1099 2199 priori
1121 2166 1233 2192 Astensi
1254 2166 1322 2191 Ord.
1345 2166 1469 2195 Cartus.,
1487 2165 1537 2199 qui
1556 2165 1751 2199 (Avinionem')
1774 2164 1887 2190 noviter
1901 2165 2011 2190 revenit
2032 2165 2068 2191 de

288 2213 372 2238 Urbe.
389 2213 425 2238 ad
441 2221 532 2246 quam
548 2221 598 2247 per
611 2213 691 2239 dom.
710 2216 844 2240 nostrum
864 2222 970 2248 papam
990 2215 1094 2240 missus
1113 2215 1208 2241 suerat
1227 2223 1280 2248 pro
1301 2214 1425 2247 negociis
1446 2214 1560 2240 ecclesie
1575 2216 1603 2240 et
1618 2221 1725 2247 magno
1745 2215 1876 2246 tempore
1892 2213 1946 2239 suit
1966 2214 1996 2239 in
2012 2214 2066 2243 via,

288 2269 341 2295 pro
356 2262 486 2295 expensis
502 2270 552 2295 per
563 2262 661 2295 ipsum
674 2263 754 2288 saetis
769 2271 784 2288 0
799 2263 862 2289 ssor.
881 2271 955 2289 cam.

361 2312 392 2336 Ut
412 2319 426 2336 e
445 2311 552 2336 Chron.
579 2311 620 2336 du
641 2312 692 2337 rel.
717 2311 753 2338 dc
778 2312 805 2337 8²
821 2312 926 2345 Denys,
940 2313 974 2342 ΙΙ,
992 2312 1035 2342 56,
1054 2312 1163 2342 scimus,
1178 2313 1337 2346 Bonisucius
1356 2314 1392 2338 IX
1403 2312 1493 2345 priori
1510 2311 1626 2340 (islensi,
1644 2311 1687 2336 cui
1705 2312 1766 2337 tunc
1788 2311 2012 2337 Bartholomaeus
2033 2311 2066 2337 de

289 2361 427 2389 Ravenna,
441 2360 522 2392 prior
536 2361 644 2386 Insulae
661 2361 791 2395 Gorqonii
803 2361 1015 2395 acljunyebalur,
1034 2362 1175 2394 epistolam
1188 2370 1241 2395 pro
1262 2369 1324 2395 reye
1337 2362 1433 2388 Carolo
1451 2361 1584 2386 Franciae
1600 2360 1720 2389 tradidit,
1737 2368 1819 2393 quam
1834 2360 1954 2386 Clemens
1970 2361 1994 2386 et
2009 2360 2066 2386 1111ae

288 2408 462 2438 Bituricens.,
480 2410 541 2435 tunc
553 2409 690 2435 Avenione
708 2410 817 2444 deycns.
836 2410 976 2443 inspicere.
995 2410 1184 2444 licetsrustra,
1206 2411 1354 2436 voluerunt.
1376 2410 1444 2435 Ilinc
1461 2410 1513 2435 duo
1533 2409 1718 2435 Cartusienses
1734 2409 1870 2434 Auenione
1882 2409 1979 2434 retenti
1992 2410 2064 2438 sunt,

288 2465 372 2490 usque
387 2457 449 2483 dum
459 2458 543 2491 jussu
557 2458 629 2492 reqis
642 2459 666 2483 et
682 2458 833 2484 interuentu
848 2459 1035 2485 Uniuersitatis
1050 2460 1140 2485 Puris.
1159 2467 1249 2484 mense
1259 2459 1413 2484 Decembris
1427 2459 1477 2484 iter
1492 2458 1613 2483 Parisios
1624 2457 1755 2491 prosequi
1766 2459 1922 2490 potuerunt.

287 2505 359 2539 125.)
379 2506 430 2532 Dic
445 2507 536 2539 xxiiija
551 2507 620 2532 Julii
636 2507 757 2533 suerunt
777 2508 864 2533 soluti
882 2528 900 2533 ..
917 2508 1006 2541 priori
1029 2509 1140 2534 Astensi
1162 2510 1190 2534 et
1208 2528 1225 2533 ..
1250 2508 1338 2541 priori
1361 2508 1456 2533 insule
1472 2507 1620 2539 Gorgonii,
1638 2507 1705 2532 Ord.
1722 2506 1844 2535 Cal-tus,
1866 2507 1916 2539 qui
1935 2508 2003 2531 sunt
2019 2506 2064 2532 hic

286 2554 433 2581 Avenione
448 2555 483 2581 (10
498 2556 638 2581 mandato
655 2556 735 2582 dom.
754 2557 844 2582 nostri
859 2565 943 2590 pape,
965 2565 1017 2590 pro
1041 2565 1145 2583 eorum
1167 2557 1297 2590 expensis
1320 2556 1455 2582 faciendis
1478 2556 1505 2580 xl
1528 2556 1591 2581 ssor.
1613 2557 1754 2584 current„
1771 2555 1867 2580 valent
1888 2555 1982 2587 xxxiiij
1999 2555 2061 2580 flor.

287 2611 374 2632 cam..
389 2604 436 2637 viij
451 2604 502 2629 sol.

286 2652 358 2686 137.)
374 2653 425 2678 Die
441 2653 538 2686 xxviij³
557 2653 680 2686 Augusti
698 2654 819 2680 suerunt
834 2655 921 2680 soluti
939 2675 956 2680 ..
975 2655 1120 2688 prioribus
1138 2655 1249 2680 Astensi
1262 2656 1289 2680 01
1305 2655 1400 2680 lnsule
1417 2653 1566 2687 Gorgonii,
1582 2653 1651 2678 Ord.
1667 2653 1852 2681 Cartusiens.‚
1867 2653 1918 2685 qui
1934 2654 2003 2678 sunt
2018 2652 2064 2677 hic

287 2701 434 2726 Avenione
448 2709 500 2734 pro
515 2702 588 2727 sacto
604 2702 799 2729 scismatis.....
816 2704 860 2736 xxj
879 2704 942 2729 ssor.
960 2712 1046 2733 canr,
1061 2704 1098 2737 xij
1116 2704 1166 2729 sol.

283 2749 352 2778 142.)
369 2750 442 2775 Item
457 2750 503 2776 die
518 2755 547 2775 xa
563 2751 669 2777 mensis
692 2752 867 2785 Septembris
886 2753 1032 2785 prioribus
1053 2753 1163 2778 Astens.
1178 2754 1206 2778 et
1222 2753 1317 2777 Insule
1339 2752 1488 2784 Gorgonii,
1505 2752 1538 2777 O.
1558 2751 1680 2779 Curius„
1698 2750 1749 2783 qui
1765 2750 1800 2775 de
1822 2749 1960 2775 mandato
1982 2749 2060 2774 dom.

286 2806 359 2831 pape
370 2800 558 2824 revertuntur
573 2800 651 2832 apud
666 2801 829 2830 Cartusiam,
854 2809 906 2835 pro
927 2810 1029 2827 eorum
1050 2801 1179 2834 expensis
1200 2802 1279 2827 sactis
1294 2802 1319 2826 01
1338 2801 1472 2826 faciendis
1493 2808 1508 2826 c
1529 2800 1591 2825 ssor.
1610 2801 1750 2828 current,
1770 2799 1865 2824 valent
1890 2798 1973 2823 lxxxv
1998 2798 2060 2823 ssor.

287 2855 372 2876 cam„
390 2855 426 2872 xx
441 2848 491 2873 sol.
