2488 3386
170 326 265 363 1354]
586 338 631 359 AB
666 337 771 359 ANNO
802 336 931 358 mcccx,
965 336 1095 363 USQUE
1131 336 1178 356 AD
1215 336 1476 357 BENEntcTUM
1512 337 1602 358 X111.
1983 327 2026 360 35

257 413 301 445 Et
320 418 491 456 quantum
513 411 555 443 ad
577 409 765 443 articulum
787 410 830 442 de
846 410 1052 452 juramento
1074 408 1158 440 dicti
1181 408 1342 452 magistri
1365 409 1554 453 Reginaldi
1576 409 1800 441 mencionem
1823 410 2024 450 facientem,

167 478 414 511 ordinavimus
436 484 470 510 et
495 476 690 517 voluimus,
717 475 927 508 ordinamus
955 481 990 507 et
1016 474 1197 514 volumus,
1226 474 1323 518 quod
1351 474 1443 507 dicta
1472 481 1505 507 et
1534 475 1622 507 sacta
1650 486 1759 519 super
1780 475 1846 507 hoc
1869 488 1932 519 pro
1955 487 2026 507 non

168 544 274 577 dictis
302 550 337 576 et
365 543 508 575 infectis
536 542 735 575 habeantur
755 541 891 586 absque
918 540 1033 573 nostri
1061 547 1096 573 et
1117 540 1370 573 Universitatis
1397 541 1610 584 prejudicio,
1634 541 1920 584 uniuscujusque
1942 553 2028 572 con-

170 610 327 643 sciencie
355 609 602 653 relinquentes
634 607 731 652 quod
759 607 837 652 ipse
862 608 1106 651 juramentum
1135 618 1240 638 suum
1268 606 1304 638 in
1333 606 1477 638 casibus
1505 605 1686 638 similibus
1714 606 1895 646 observet,
1924 613 2029 650 prout.

170 676 293 709 eadem
316 675 543 708 consciencia
565 686 628 706 sua
649 674 804 706 dictante
832 673 975 705 duxerit
1000 672 1203 705 faciendum
1230 679 1262 704 et
1288 672 1546 704 arbitrandum.
1575 673 1753 715 Quantum
1775 684 1861 704 vero
1882 672 1923 704 ad
1947 672 2028 704 arti-

171 742 289 775 culmn
318 742 362 774 de
390 741 612 773 inhibicione
643 751 864 777 sermonum,
897 739 1143 771 ordinavimus
1173 745 1207 771 et
1235 738 1402 771 volumus
1432 739 1583 783 insuper
1612 751 1650 771 ac
1681 739 1790 771 eciam
1820 739 2029 770 ordinamus

172 808 267 853 quod
289 808 407 840 onmia
429 819 493 852 pro
515 818 586 839 non
609 806 714 838 dictis
736 813 771 838 et
797 817 868 838 non
894 805 996 837 sactis
1017 804 1216 837 habeantur
1237 811 1270 837 et
1298 804 1434 849 absque
1463 805 1664 849 prejudicio
1685 804 1830 849 aliquali
1851 811 1975 837 nostro
1997 811 2032 837 et,

172 874 425 908 Universitatis
441 873 614 918 predicte.
629 873 808 915 Quantum
822 872 932 904 eciam
948 871 991 904 ad
1005 871 1209 912 articulum,
1227 877 1435 915 preceptum
1450 878 1484 903 et
1496 870 1753 903 inhibicionem
1772 871 2030 910 continentem,

171 940 395 973 declaramus
416 946 451 971 et
471 939 625 971 dicimus
647 949 729 971 esse
751 945 786 970 et
806 949 950 982 semper
969 937 1083 969 fuisse
1105 937 1324 969 intencionis
1346 943 1381 969 et
1401 937 1532 969 mentis
1553 943 1689 977 nostre,
1709 936 1805 981 quod
1826 936 1934 969 verba
1956 949 2032 981 pre—

172 1007 265 1039 dicta
286 1018 351 1051 pro
373 1005 479 1038 nobis
496 1005 588 1037 dicta
606 1004 650 1037 de
667 1011 701 1036 et
723 1016 833 1048 super
850 1003 1104 1048 resumpcione
1124 1003 1325 1035 leccionum
1344 1009 1379 1035 et
1398 1015 1470 1035 non
1492 1003 1748 1047 prosequendo
1766 1002 1899 1035 dictum
1922 1003 2033 1047 magi-

174 1079 286 1105 strum
321 1071 560 1115 Reginaldum
596 1070 803 1103 dicerentur
838 1070 1003 1113 dictaque
1038 1069 1182 1101 fuerunt
1218 1081 1281 1113 per
1322 1069 1467 1101 modum
1510 1069 1775 1101 exhortacionis
1811 1076 1956 1113 paterne
1991 1069 2033 1101 ad

175 1139 339 1171 devotam
361 1137 467 1169 filiam
491 1143 649 1169 nostram
667 1136 944 1169 Universitatem
968 1135 1176 1180 predictam,
1196 1142 1229 1167 et
1250 1135 1347 1179 quod
1367 1147 1431 1180 per
1452 1135 1519 1167 hoc
1540 1135 1646 1167 nobis
1668 1135 1783 1167 eidem
1803 1136 2034 1168 Universitati

176 1217 214 1238 ae
236 1205 314 1249 ejus
336 1203 538 1248 privilegiis
560 1203 697 1235 nullum
720 1202 960 1247 prejudicium
982 1208 1189 1246 generetur.

267 1271 446 1311 Quantum
463 1281 549 1302 vero
571 1268 614 1301 ad
635 1268 822 1301 articulum
843 1268 1068 1312 querimonie
1089 1274 1212 1300 contra
1234 1268 1442 1312 magistrum
1466 1267 1702 1312 Reginaldum
1722 1267 1765 1299 de
1783 1268 1913 1300 Aciaco
1934 1268 2036 1307 facte,

180 1337 231 1369 sic
262 1348 326 1381 per
352 1347 419 1368 nos
450 1335 565 1367 extitit
593 1334 811 1371 ordinatum,
843 1334 938 1378 quod
970 1333 1011 1366 ad
1042 1340 1250 1378 preceptum
1282 1340 1443 1366 nostrum
1473 1334 1590 1366 dictus
1619 1334 1790 1378 magister
1818 1333 2039 1378 Reginaldus

180 1402 409 1435 auctoritates
426 1410 460 1434 et
475 1401 764 1446 proposicioneS,
783 1400 827 1432 de
844 1412 992 1444 quarum
1009 1399 1231 1444 allegacione
1253 1400 1345 1432 dicta
1369 1400 1594 1432 Universitas
1614 1399 1704 1432 male
1726 1406 1892 1432 contenta
1912 1401 2038 1439 suerat,

183 1468 406 1501 recensendo
433 1479 471 1500 se
499 1479 579 1499 cum
607 1466 807 1499 humilitate
835 1465 955 1498 debita
983 1466 1164 1498 excusavit
1193 1478 1278 1510 erga
1306 1478 1381 1498 eam
1409 1466 1736 1498 recommendando
1767 1466 1878 1511 ipsam
1909 1473 1942 1499 et
1963 1468 2040 1511 ejus

181 1534 369 1579 supposita
390 1540 423 1566 et
445 1533 620 1577 subjecta,
644 1532 819 1565 honorem
841 1539 876 1564 et
902 1531 1078 1564 beneficia
1099 1544 1168 1576 que
1189 1531 1232 1564 ab
1262 1532 1339 1576 ipsa
1367 1539 1552 1576 receperat
1580 1539 1614 1564 et
1640 1532 1845 1565 obtinuerat
1866 1545 2042 1578 recogno-

182 1601 330 1641 scendo,
348 1601 498 1645 ipsaque
516 1599 741 1632 Universitas
757 1599 801 1631 ad
822 1599 998 1631 instantes
1016 1610 1142 1643 preces
1159 1599 1335 1631 carissimi
1357 1599 1589 1643 primogeniti
1608 1599 1722 1631 nostri
1740 1599 1863 1631 Karoli
1881 1600 2041 1644 delphini

182 1665 403 1698 Viennensis
425 1664 611 1696 emendam
634 1670 667 1696 et
689 1670 806 1695 cetera
828 1675 892 1708 per
913 1675 987 1695 eam
1011 1663 1182 1707 requisita
1205 1663 1240 1694 in
1268 1669 1425 1695 nostram
1448 1662 1666 1695 voluntatem
1697 1670 1731 1695 et
1760 1663 2041 1708 disposicionem

184 1731 362 1776 plenarias
384 1730 564 1763 submisit.
583 1730 660 1772 Qua
681 1729 941 1764 submissione,
967 1729 1009 1761 ad
1037 1740 1164 1773 preces
1185 1729 1294 1761 eciam
1318 1728 1562 1769 humsslssimas
1583 1741 1647 1773 per
1668 1729 1800 1762 dictum
1824 1730 2043 1775 primogeni-

184 1804 256 1830 tum
288 1803 452 1829 nostrum
482 1795 589 1828 nobis
618 1796 741 1837 factas,
763 1796 800 1827 in
830 1804 897 1828 nos
926 1802 1093 1839 suscepta
1123 1795 1297 1839 prefatum
1326 1795 1538 1840 magistrum
1568 1795 1804 1840 Reginaldum
1835 1796 2042 1829 advocatum

185 1870 348 1896 nostrum
370 1862 593 1895 absolvimus
615 1869 650 1895 et
675 1862 718 1894 ad
747 1862 892 1906 plenum
921 1861 1155 1894 liberavimus
1174 1861 1217 1894 ab
1239 1861 1389 1894 emenda
1410 1868 1443 1894 et
1472 1862 1602 1894 ceteris
1630 1863 1751 1906 petitis
1773 1874 1837 1894 seu
1861 1863 2044 1907 requisitis

184 1936 307 1962 contra
337 1941 432 1968 eum,
464 1928 707 1973 precipientes
742 1928 859 1960 eidem
893 1928 929 1959 in
964 1927 1151 1972 presencia
1186 1927 1279 1960 dicte
1310 1928 1564 1960 Universitatis
1599 1928 1695 1972 quod
1730 1929 1843 1973 ipsam
1880 1935 2042 1973 tanquam

186 2002 333 2028 matrem
364 1995 557 2027 honoraret
585 2001 620 2026 et
649 1994 830 2039 diligeret,
854 2000 887 2026 et
909 1994 1039 2034 eidem,
1062 2000 1169 2038 prout
1189 1993 1390 2034 tenebatur,
1418 1995 1572 2026 serviret
1598 2001 1633 2026 et
1661 2002 1813 2039 pareret,
1842 2002 2045 2027 exortantes

186 2062 336 2106 insuper
365 2068 399 2093 et
434 2067 603 2105 rogantes
638 2060 766 2092 dictam
798 2060 1076 2093 Universitatem
1113 2059 1220 2092 filiam
1256 2066 1414 2093 nostram
1447 2061 1667 2093 carissimam
1699 2061 1795 2105 quod
1830 2061 2044 2093 remittendo

187 2127 304 2160 eidem
326 2138 469 2159 omnem
490 2126 677 2167 offensam,
696 2125 865 2170 diligeret
880 2126 997 2170 ipsum
1021 2131 1055 2158 et
1075 2132 1241 2170 tanquam
1264 2125 1397 2158 bonum
1420 2133 1453 2158 et
1475 2126 1642 2159 devotum
1667 2127 1777 2159 silium
1801 2133 2043 2171 pertractaret,

187 2199 222 2226 et
242 2193 339 2237 quod
361 2193 452 2225 dicta
475 2199 507 2224 et
529 2192 712 2236 proposita
735 2203 798 2236 per
820 2198 853 2224 et
874 2191 967 2224 inter
988 2192 1145 2236 prefatos
1166 2192 1360 2237 magistros
1377 2192 1596 2225 Armandum
1615 2199 1650 2225 et
1671 2193 1906 2237 Reginaldum
1930 2194 2045 2225 forent

188 2259 358 2291 hincinde
372 2258 530 2291 *remissa
560 2265 594 2290 et
624 2270 688 2302 pro
717 2270 789 2290 non
811 2258 917 2290 dictis
937 2257 1069 2298 habita,
1094 2264 1127 2290 et
1149 2257 1218 2290 sibi
1247 2258 1400 2290 invicem
1421 2258 1554 2291 bonum
1577 2271 1732 2291 amorem
1757 2266 1789 2291 et
1811 2259 2044 2292 dileccionem

188 2331 358 2369 gererent
379 2331 414 2357 et
434 2324 620 2356 haberent.
638 2325 910 2368 Processusque
932 2330 966 2356 et
987 2323 1214 2368 privaciones
1235 2335 1299 2368 per
1320 2324 1447 2356 dictam
1472 2325 1748 2358 Universitatem
1771 2332 1893 2358 contta
1915 2326 2046 2358 dictum

188 2391 398 2435 magistrum
431 2390 683 2435 Reginaldum,
713 2390 1068 2434 provocacionesque
1101 2396 1131 2422 et
1164 2390 1431 2434 appellaciones
1461 2390 1504 2422 ab
1535 2391 1614 2435 ipso
1645 2392 1817 2436 magistro
1850 2392 2047 2436 Reginaldo

189 2463 310 2489 contra
340 2469 428 2496 eam,
457 2468 652 2501 processus
681 2463 716 2489 et
745 2456 972 2500 privaciones
993 2457 1105 2488 factos
1133 2456 1226 2488 dicte
1252 2463 1371 2500 partes
1397 2464 1668 2496 revocaverunt,
1695 2458 1956 2499 anullaverunt,
1985 2470 2048 2502 pro

190 2523 332 2555 insectis
349 2529 384 2555 et
404 2522 514 2555 nullis
536 2522 660 2555 haberi
676 2522 881 2563 voluerunt,
901 2522 1052 2567 perinde
1069 2534 1107 2554 ac
1125 2522 1154 2554 si
1176 2534 1357 2566 nunquam
1375 2522 1509 2567 aliquid
1532 2524 1659 2556 suisset
1681 2525 1807 2556 sactum
1827 2531 1883 2556 aut
1903 2525 2047 2556 dictum.

191 2588 353 2621 Predicta
375 2595 490 2621 autem
514 2589 632 2621 omnia
654 2589 800 2633 proprie
822 2595 941 2633 partes
958 2588 993 2620 in
1012 2589 1126 2620 nostri
1142 2589 1329 2632 presencia
1347 2588 1636 2630 ratissicaverunt,
1655 2590 1889 2623 laudaveramt
1905 2597 1937 2622 ct
1955 2602 2050 2622 emo-

191 2654 405 2699 logaverunt
431 2661 464 2687 et
495 2654 579 2686 inde
610 2654 716 2687 nobis
748 2655 881 2699 gratias
908 2654 1151 2694 humilssfimas
1182 2654 1431 2696 reddiderunt,
1465 2662 1628 2700 petentes
1660 2668 1769 2700 super
1795 2656 1884 2700 ipsis
1910 2663 2050 2688 nostras

191 2719 328 2753 litteras
349 2720 417 2753 sub
439 2732 568 2764 magno
589 2727 713 2753 nostro
736 2720 858 2765 sigillo
881 2720 1108 2765 sigillandas,
1130 2732 1218 2764 quas
1239 2722 1488 2754 concessimus
1510 2729 1544 2754 et
1566 2722 1642 2754 sieri
1664 2722 1892 2766 prcccpinms
1915 2722 2049 2753 eisdem

193 2786 283 2818 tradi
303 2798 342 2819 ac
363 2787 472 2819 eciam
496 2786 655 2819 liberari.
679 2788 719 2819 In
740 2788 843 2831 cujus
865 2787 917 2819 rei
948 2786 1192 2819 testimonium
1217 2787 1378 2831 sigillum
1399 2794 1561 2820 nostrum
1592 2788 1822 2832 presentibus
1849 2787 1978 2819 litteris
2000 2794 2054 2819 est

193 2864 404 2897 appensum.
427 2853 554 2885 Actum
576 2853 736 2886 Parisius
759 2853 816 2885 die
838 2859 936 2885 sexta
963 2852 1199 2898 Septembris,
1227 2864 1321 2885 anno
1344 2854 1485 2885 Domini
1510 2854 1701 2885 millcsimo
1724 2854 1812 2885 CCC
1835 2853 2052 2896 quinquage-
