2488 3386
454 347 517 380 568

1021 351 1342 375 CHARTULARIUM
1377 351 1566 373 UNlVERS.
1605 353 1732 374 PARIS.

2218 342 2317 379 [1379

454 430 579 470 nardo„
597 430 683 462 hora
701 430 898 468 tertiarum,
918 440 1011 460 anno
1033 434 1067 459 et
1088 425 1296 471 pontificatu
1314 425 1501 470 predictiS‚
1520 425 1556 458 in
1574 426 1643 458 mei
1667 427 1798 460 notarii
1819 426 1968 472 publici,
1986 427 2141 472 plurium
2163 428 2314 462 aliorum

454 497 671 540 testiumque
693 494 982 539 subscriptorum
1006 499 1152 538 propter
1173 492 1240 524 hoc
1265 491 1472 537 specialiter
1492 499 1700 525 vocatorum
1729 500 1764 526 et
1790 500 1999 538 rogatorum
2029 495 2211 538 presentia
2237 507 2318 540 per—

454 562 626 596 sonaliter
647 561 854 594 constitutis
875 560 1024 605 prefatis

541 660 675 693 Magistro
690 660 823 686 Johanne
838 659 873 685 de
889 658 1011 687 Stralen,
1024 659 1128 684 rectore
1140 657 1215 683 dicte
1227 655 1350 682 Univer-

453 708 542 735 sitatis
557 708 764 740 magistrorum
784 709 812 733 et
827 706 981 732 scolarium
1003 706 1123 731 Parisius
1138 704 1332 733 studentium,

541 756 703 782 Guillermo
718 756 744 781 le
759 756 825 784 Dos,

1488 657 1644 684 Godefrido
1659 658 1734 684 Bake
1743 657 1775 687 ⁴²¹.

1486 705 1621 732 Johanne
1636 706 1797 733 Pertuison.

1486 755 1514 779 et
1527 754 1660 780 Johanne
1674 754 1710 780 de
1725 755 1883 788 Maguntia,

455 828 609 853 nationum
626 827 752 855 Francie,
770 825 905 854 Picardie,
924 824 1078 851 Normanic
1090 825 1119 851 et
1132 824 1235 858 Anglie
1243 824 1488 857 procuratoribus,-

541 915 674 941 Johanne
689 915 724 940 de
742 914 890 943 Guistri¹³,

542 963 668 989 Evrardo
683 963 718 988 de
733 962 842 990 Contis.

543 1012 703 1037 Guibberto
715 1011 750 1036 de
767 1011 884 1038 Selceto.

544 1061 676 1087 Gervasio
689 1059 854 1088 Christiani,

544 1110 652 1135 Herveo
667 1108 823 1138 Camaroti,

544 1157 677 1182 Guidone
692 1157 727 1182 de
741 1156 919 1182 Castrosorti.

542 1205 703 1231 Guillermo
717 1204 874 1232 Carnificis,

541 1254 703 1280 Guillermo
716 1254 751 1280 de
767 1253 963 1280 Hoesterzelle.

541 1304 625 1330 Petro
640 1303 772 1333 Befiardi,

1489 913 1624 939 Johanne
1638 913 1673 939 de
1689 914 1870 940 Bellomonte
1885 914 2004 943 decano.

1489 962 1604 988 Nicolao
1618 963 1654 989 de
1669 963 1809 993 Oliveriis.

1490 1011 1624 1037 Johanne
1639 1012 1795 1045 [Voignon]
1810 1012 1846 1038 de
1860 1013 2034 1046 Poligniaco,

1491 1058 1626 1085 Johanne
1639 1059 1748 1086 Croizie
1757 1059 1788 1090 ¹⁴,

1492 1108 1627 1135 Guidone
1642 1109 1774 1142 Guerini,

1492 1157 1627 1184 Johanne
1642 1158 1827 1187 Cheretonffl.

1491 1207 1519 1231 et
1534 1206 1668 1233 Johanne
1684 1206 1782 1235 Sass're,

1492 1255 1520 1280 et
1536 1255 1620 1281 Petro
1635 1255 1820 1289 Bouschheti.

454 1375 597 1408 magistris
613 1375 643 1400 in
656 1375 765 1401 artibus
780 1376 808 1400 et
824 1374 978 1403 medicina,
998 1374 1132 1400 facientes
1146 1373 1303 1407 collegium
1314 1373 1460 1407 facultatis
1476 1375 1606 1401 medicine
1612 1383 1621 1406 ,·

542 1465 615 1491 Item
639 1464 772 1490 Johanne
790 1464 872 1490 Fabri
888 1464 991 1490 abbate
1011 1463 1107 1489 Sancti
1120 1463 1233 1490 Vedasti
1256 1463 1354 1489 Attre-

453 1513 575 1542 batens..

542 1560 647 1586 Jacobo
660 1560 760 1586 Divitis
772 1560 881 1586 decano
896 1560 1057 1588 Parisiens..

543 1609 646 1635 Pontio
677 1609 828 1635 Flescherii
854 1609 963 1634 decano
990 1609 1148 1635 Douacens.
1175 1609 1234 1641 [ms.
1265 1609 1361 1635 Dona-

456 1660 540 1692 tens.]
554 1659 732 1684 Atrebatens.
750 1659 810 1691 [ms.
828 1657 993 1692 Morinum]
1009 1657 1095 1687 dioc..

543 1707 627 1732 Petro
644 1706 781 1739 Prepositi
796 1706 904 1732 decano
920 1705 1141 1735 Noviomensiffi,

543 1755 676 1781 Johanne
688 1755 723 1781 de
736 1755 910 1784 Bornasollo,

544 1803 669 1836 Symone
682 1803 717 1828 de
729 1803 894 1828 Cramaudo
906 1803 1051 1829 scolastico
1067 1803 1226 1832 Aureliam,

544 1852 653 1878 Herveo
668 1852 796 1880 Costioti.

545 1901 628 1926 Petro
653 1900 688 1926 de
708 1900 945 1933 Them[er]icuria
970 1900 1066 1934 priore
1092 1901 1237 1934 prioratus
1262 1902 1358 1928 Sancti

456 1949 569 1982 Georgii
584 1957 674 1982 prope
690 1949 854 1975 Hisdinium
868 1950 1021 1976 Morinens.
1038 1950 1123 1977 dioc..

455 2021 589 2047 facientes
605 2020 759 2054 collegium
769 2021 912 2054 facultatis
927 2022 1112 2052 decretor-am,-

544 2109 659 2135 Necnon
674 2109 807 2135 Johanne
822 2109 856 2135 de
870 2110 969 2136 Calore
985 2111 1155 2137 cancellario
1170 2111 1237 2137 eccl.
1258 2111 1356 2139 Paris..

543 2157 698 2191 Radulpho
713 2157 910 2190 G[l]aschardi,

544 2206 676 2232 Johanne
693 2206 728 2232 de
744 2206 876 2239 Karolay.

545 2254 628 2279 Petro
648 2253 758 2283 Julioti‚

545 2301 688 2327 Guirardo
703 2302 739 2328 de
754 2303 907 2335 Ver[v]in0.

546 2349 650 2374 Jacobo
665 2350 699 2375 dc
716 2350 839 2383 Moreyo,

546 2397 678 2423 Jolianne
693 2398 719 2423 le
738 2398 934 2424 Fourbisseur.

548 2444 680 2471 Johanne
692 2446 813 2474 Thomu.

548 2494 666 2519 Ricardo
686 2495 859 2523 Guernonis.

547 2543 680 2568 Johanne
694 2543 729 2568 de
747 2544 842 2571 Nazar,

549 2588 694 2621 Stephano
714 2589 749 2615 de
768 2590 965 2619 Calvomonte.

461 2658 604 2692 magistris
618 2659 648 2684 in
662 2659 816 2693 theologia.
834 2661 967 2687 facientes
982 2662 1137 2695 collegium
1154 2663 1286 2697 theologie
1293 2663 1448 2697 facultatis,

1491 1465 1625 1491 Johanne
1639 1465 1783 1495 Balduini,

1492 1513 1619 1547 Symone
1648 1514 1683 1540 de
1709 1513 1901 1540 Guernetot⁴⁷
1929 1514 2032 1540 abbate
2064 1514 2149 1540 Beate
2179 1513 2265 1540 Marte
2290 1514 2326 1540 de

1422 1561 1552 1587 Bononia
1568 1569 1655 1595 supra
1668 1569 1759 1590 mare.

1492 1609 1625 1636 Gervasio
1641 1610 1818 1643 Boysouche.
1836 1609 1930 1643 priore
1943 1609 1978 1635 de
1994 1609 2101 1635 Vilanis
2113 1609 2323 1636 Cenomanens.

1421 1658 1507 1688 dioc.‚
1523 1658 1632 1685 decano
1645 1658 1799 1687 facultatis.

1492 1707 1605 1733 Amelio
1620 1707 1656 1733 de
1673 1706 1778 1735 Brolio.
1793 1707 1909 1732 cantore
1922 1705 2093 1733 Turonensi.

1494 1755 1642 1789 Stephano
1655 1755 1690 1781 de
1706 1755 1800 1784 Porta,

1493 1805 1576 1830 Petro
1592 1804 1705 1832 Blondi,

1493 1853 1616 1879 Henrico
1631 1851 1766 1881 Beuve'ss,

1494 1902 1627 1928 Johanne
1646 1901 1826 1934 Capitisberi,

1493 1952 1522 1977 et
1538 1951 1622 1976 Petro
1636 1949 1672 1975 de
1687 1949 1875 1982 Lupimonte.

1494 2110 1629 2136 Johanne
1644 2109 1680 2135 de
1697 2108 1844 2135 Karoloet.

1495 2158 1621 2192 Symone
1637 2159 1754 2187 Freron,

1493 2207 1585 2233 Alano
1599 2207 1635 2233 de
1651 2207 1796 2235 Lambala,

1493 2256 1601 2283 Nicasio
1620 2257 1655 2282 de
1670 2255 1880 2289 Regalimonte,

1494 2305 1617 2330 Henrico
1636 2304 1672 2330 de
1691 2302 1826 2329 Hassiaw.

1496 2351 1579 2377 Petro
1594 2351 1630 2377 de
1645 2349 1835 2379 Duroforti²0‚

1494 2400 1617 2426 Henrico
1632 2400 1752 2427 llerout.

1495 2447 1654 2479 Reginaldo
1668 2447 1704 2472 de
1719 2447 1745 2472 la
1762 2446 1924 2474 Buscherie,

1494 2495 1638 2521 Balduino
1653 2495 1738 2528 Agni.

1494 2544 1522 2568 et
1538 2543 1687 2569 Francisco
1702 2543 1737 2569 de
1753 2541 1954 2569 Mediolanoffl.

462 2761 496 2786 et
517 2754 635 2787 omnia
656 2761 690 2787 et
711 2755 853 2800 singula
875 2757 1027 2802 collegia
1050 2759 1255 2803 supradicta
1275 2759 1441 2792 facientia
1466 2759 1588 2792 nobile
1609 2758 1804 2803 collegium
1828 2758 2087 2793 Universitatis
2108 2756 2325 2790 Parisiensis

462 2820 506 2853 ad
527 2822 847 2866 congregationem
881 2824 1087 2867 generalem
1118 2825 1154 2857 in
1183 2825 1340 2870 capitulo
1370 2826 1490 2859 Sancti
1520 2825 1696 2858 Bernardi
1726 2825 1931 2870 regentium
1958 2831 1993 2857 et
2022 2836 2094 2857 non
2123 2823 2324 2869 regentium

463 2887 567 2919 etiam
590 2899 654 2931 per
670 2888 913 2931 juramentum
935 2896 974 2922 ut
999 2891 1110 2923 moris
1136 2898 1189 2924 est
1217 2892 1254 2924 in
1281 2892 1384 2925 factis
1412 2892 1535 2925 arduis
1564 2892 1658 2924 dicte
1685 2891 1940 2925 Universitatis
1969 2890 2206 2935 solempniter
2230 2889 2325 2922 cele-
