2488 3386
208 326 304 362 1381]
626 339 671 360 ΑΒ
706 340 811 361 Auno
846 340 976 361 1110001.
1011 340 1140 368 USQUE
1176 341 1224 361 AD
1260 341 1525 362 BENEch'rUM
1561 342 1650 363 xiii.
2001 334 2064 365 301

205 412 254 435 sub
267 412 357 435 eadem
370 412 496 443 temporis
512 415 581 440 nota,
595 413 732 436 obtulisse.
751 413 801 436 Sed
817 413 965 436 infeliciter.
983 413 1142 436 111-0115511110
1158 414 1226 436 enim
1243 414 1368 444 temporis
1385 415 1470 445 spatio
1485 415 1574 445 elapso
1591 416 1712 438 Nicolaus
1729 424 1755 439 se
1769 416 1901 439 abdit-avit
1915 417 1961 439 hoc
1976 417 2067 444 officio,

206 456 337 479 Clemente
355 457 398 479 VII
416 456 506 479 eodem
528 465 570 480 an.
589 457 659 486 1381,
675 457 739 480 Julii
758 457 796 486 15,
812 457 845 480 ad
860 457 996 480 'Nicolaum
1015 457 1163 480 scribente:
1182 466 1192 479 <‹
1210 458 1273 480 Cum
1291 458 1377 489 itaque
1398 462 1424 480 tu
1444 459 1521 481 hodie
1541 460 1725 482 cancellariam
1747 461 1810 483 eccl.
1829 461 1921 488 Paris..
1942 469 2020 491 quam
2039 469 2069 483 ex

205 501 373 524 concessione
389 503 414 523 et
431 501 629 531 dispensatione
649 501 719 524 sedis
738 505 824 532 apost.
840 501 987 531 obtinebas,
1005 505 1030 524 et.
1046 502 1077 524 de
1097 510 1147 532 qua
1166 502 1323 532 optabamus
1342 503 1421 525 alicui
1443 511 1554 533 persone
1574 503 1673 534 ydonee
1693 504 1825 534 provideri
1844 513 1893 535 que
1913 505 1938 527 in
1957 513 1986 527 ea
2007 513 2069 536 per-

204 545 330 568 sonaliter
341 545 480 568 residendo
491 553 538 576 per
549 553 576 568 se
588 545 674 576 ipsam
686 545 839 569 incumbens
852 546 902 568 sibi
915 546 1027 568 officium
1041 549 1178 574 exerceret,
1194 546 1261 569 votis
1276 547 1372 569 nostris
1384 547 1534 578 hujusmodi
1546 547 1690 570 liberaliter
1701 551 1724 570 te
1735 550 1900 571 conformans
1913 549 2069 571 inmanibus

204 589 301 612 nostris
318 592 410 620 sponte
425 592 450 612 et
463 589 545 612 libere
560 590 746 620 resignaveris,
764 598 863 621 nosque
878 590 1083 621 resignationem
1098 590 1247 620 hujusmodi
1263 590 1414 613 duxerimus
1431 591 1627 618 admittendam,
1645 600 1692 614 nos
1709 593 1824 615 volentes
1839 593 1884 615 tibi
1902 601 1923 622 ›)‚
1937 597 1984 617 etc.
1997 594 2069 623 (Reg.

203 635 282 657 Aven.
295 633 377 657 Clem.
390 634 444 662 VII,
463 634 514 657 vol.
532 634 620 662 XXIII,
639 635 657 657 f.
670 634 736 663 49¹7.
754 635 790 657 Ex
808 643 859 666 quo
874 634 953 657 etiam
970 638 1089 665 apparet,
1108 634 1244 657 Nicolaum
1262 643 1311 657 1100
1325 635 1463 663 resedisse,
1482 644 1528 658 1100
1546 635 1677 658 licentium
1696 636 1849 665 contulisse;
1866 640 1973 668 propter
1990 638 2067 668 quod,

204 681 229 701 et
246 686 304 701 cum
318 681 434 709 tempore
447 678 541 709 exiguo
554 678 727 701 cancellarius
740 678 841 707 suisset,
856 679 881 701 in
892 679 962 701 Actis
977 687 1079 709 semper
1092 679 1225 701 Johannes
1239 679 1269 701 de
1281 679 1381 706 Calore,
1394 679 1500 702 minime
1513 680 1645 709 Nicolaus,
1659 684 1687 703 ut
1702 681 1888 711 praedecessor
1903 681 2068 704 immediatus

204 722 331 745 Johannis
352 722 495 745 Blanchurt
509 722 673 753 designatur,
687 723 756 753 quod
772 723 850 746 etiam
867 731 881 745 a
898 723 973 746 Petro
994 723 1024 746 de
1044 723 1152 746 Aillinco
1175 723 1204 745 fit.
1223 723 1248 745 in
1271 723 1363 747 Tract.
1378 723 1411 746 II
1421 728 1521 748 contra
1536 724 1652 748 cancell.
1670 724 1746 754 (Opp.
1767 725 1890 750 Gerson..
1907 726 1926 754 1,
1943 726 2007 755 759).

209 914 349 951 1461.
375 923 500 950 Clemens
522 925 575 950 VII
585 924 722 958 magistro
737 924 861 950 Jolzanni
876 924 1034 950 Blancltart
1050 924 1256 950 cancellariam
1273 924 1339 950 eccl.
1359 925 1451 950 Paris.
1470 927 1588 958 confert.

1446 1008 1515 1036 1381,
1529 1008 1591 1033 Julii
1605 1008 1640 1037 15,
1656 1008 1785 1034 Ᾱνεηίοηε.

293 1094 433 1127 Dilecto
454 1094 528 1127 filio
550 1107 643 1139 mag.
666 1094 820 1127 Johanni
847 1094 1025 1136 Blancart,
1048 1095 1223 1127 canonico
1245 1101 1280 1127 et
1306 1095 1522 1127 cancellario
1551 1096 1638 1127 eccl.
1666 1096 1793 1136 Paris.,
1817 1108 1917 1129 sacre
1939 1097 2068 1141 pag'Ine

204 1161 418 1205 professori,
448 1161 634 1205 capellano
665 1168 804 1198 nostro,
833 1161 999 1202 salutem,
1030 1167 1093 1195 etc.
1128 1162 1236 1194 Grata
1271 1168 1330 1194 tue
1366 1162 1585 1201 devotionis,
1616 1168 1678 1196 etc.
1716 1163 1857 1195 Dudum
1889 1163 2066 1208 siquidem

204 1239 331 1260 omnes
352 1227 561 1272 dignitates,
586 1235 801 1272 personatus
831 1235 865 1260 et
893 1228 1007 1260 officia
1115 1228 1209 1272 apud
1238 1228 1361 1261 sedem
1391 1235 1506 1273 apost.
1538 1236 1621 1261 tunc
1649 1230 1808 1262 vacantia
1837 1237 1871 1262 et
1900 1230 1936 1262 in
1966 1237 2068 1263 antea

202 1300 368 1326 vacatura
389 1294 574 1327 collationi
596 1301 630 1327 et
650 1294 883 1339 dispositioni
911 1301 1035 1327 nostre
1056 1295 1322 1327 reservavimus
1420 1295 1509 1328 Cum
1532 1295 1650 1339 itaque
1680 1296 1907 1340 postmodum
1930 1296 2069 1329 cancel-

202 1360 289 1393 laria
311 1360 399 1393 eccl.
423 1361 535 1393 Paris.
567 1372 631 1405 per
658 1361 807 1393 liberam
839 1361 1122 1406 resignationem
1153 1361 1275 1393 dilecti
1303 1361 1368 1393 filii
1400 1362 1515 1394 nostri
1545 1362 1699 1394 Ν100101ί
1725 1362 1775 1394 tit.
1800 1363 1834 1395 S.
1858 1363 1999 1395 Martini
2032 1364 2067 1395 in

203 1426 389 1460 Montibus
412 1426 533 1471 presb.
552 1427 759 1468 cardinalis,
778 1439 842 1472 per
859 1439 939 1459 eum
962 1428 1006 1459 de
1028 1427 1087 1460 illa
1104 1429 1220 1472 (quam
1239 1439 1281 1459 ex
1302 1428 1541 1460 concessione
1559 1435 1593 1460 et
1614 1428 1885 1472 dispensatione
1907 1430 2066 1473 predicte

203 1493 302 1526 sedis
331 1499 414 1526 tunc
444 1494 619 1538 temporis
645 1493 841 1537 obtinebat)
872 1494 907 1525 in
935 1493 1102 1526 manibus
1130 1494 1266 1526 nostris
1298 1501 1427 1538 sponte
1454 1495 1579 1526 factam
1609 1501 1643 1527 ct
1674 1507 1736 1539 per
1764 1507 1830 1527 nos
1860 1495 2065 1537 admissam,

199 1559 294 1604 apud
313 1559 437 1592 sedem
459 1560 572 1604 ipsam
594 1560 773 1593 vacaverit
793 1567 828 1592 et
850 1572 976 1593 vacare
997 1567 1168 1593 noscatur
1188 1560 1231 1592 ad
1253 1572 1419 1605 presens,
1443 1561 1640 1605 nullusque
1669 1568 1789 1605 preter
1810 1573 1876 1594 nos
1903 1562 1966 1594 hac
1988 1563 2064 1595 vice

201 1626 245 1658 de
266 1625 327 1658 illa
348 1626 545 1670 disponere
567 1627 725 1671 potuerit
746 1638 864 1671 neque
886 1627 1014 1671 possit,
1039 1627 1285 1660 reservatione
1310 1634 1344 1659 et
1369 1627 1515 1660 decreto
1537 1627 1801 1660 obsistentibus
1823 1628 2039 1672 supradictis
2058 1641 2064 1660 τ

200 1704 267 1725 nos
287 1692 454 1726 volentes
476 1692 540 1725 tibi
561 1693 822 1737 premissorum
847 1692 1107 1737 obsequiorum
1126 1699 1161 1726 et
1183 1693 1394 1725 meritorum
1416 1693 1547 1726 intuitu
1568 1694 1717 1738 gratiam
1740 1695 1856 1726 facere
1874 1694 2065 1739 specialem

199 1759 448 1792 canonicatum
471 1759 635 1804 ejusdem
656 1759 744 1792 6001.
772 1772 811 1792 ac
838 1759 1087 1792 cancellariam
1111 1760 1309 1805 predictam
1331 1767 1369 1792 ut
1397 1753 1577 1805 prefertur
1676 1767 1798 1793 nostra
1820 1773 1915 1793 mera
1937 1761 2066 1794 libera—

199 1825 299 1858 litate
320 1825 519 1870 apostolica
540 1825 605 1858 tibi
621 1826 834 1859 auctoritate
851 1827 1073 1859 conserimus
1095 1833 1128 1859 et
1149 1826 1193 1859 de
1215 1826 1287 1859 illis
1310 1827 1413 1859 etiam
1437 1827 1701 1871 providemus?
1721 1827 1945 1860 Prebeudam
1966 1840 2064 1869 vero,

199 1892 230 1924 si
252 1903 321 1936 qua
342 1892 378 1924 in
400 1892 494 1924 dicta
515 1892 670 1925 ecelesia
692 1899 794 1925 vacat
819 1893 862 1925 ad
890 1904 1043 1937 presens
1063 1893 1121 1925 vel
1142 1905 1222 1925 cum
1248 1893 1440 1933 vacaverit,
1463 1905 1568 1938 quam
1596 1901 1632 1926 tu
1664 1906 1727 1938 per
1755 1900 1787 1926 te
1813 1894 1869 1926 vel
1897 1906 2066 1938 procura-

201 1965 313 1991 torem
336 1965 435 1991 tuum
463 1959 507 1991 ad
535 1958 603 1991 hoc
631 1959 793 2004 legitime
820 1960 1056 1992 constitutum
1085 1959 1175 1992 infra
1205 1960 1312 1992 unius
1342 1960 1477 1992 mensis
1509 1960 1675 2004 spatium,
1709 1967 1895 2005 postquam
1927 1960 1989 1993 tibi
2009 1961 2066 1994 vel

200 2025 316 2057 eidem
348 2026 574 2070 procuratori
600 2026 736 2058 vacatio
764 2025 864 2058 illius
891 2026 1102 2066 innotuerit,
1135 2026 1282 2058 duxeris
1310 2027 1577 2071 acceptandam,
1605 2027 1859 2059 conferendam
1890 2027 1952 2059 tibi
1985 2034 2067 2071 post

199 2092 481 2136 acceptationem
509 2091 720 2136 hujusmodi
748 2104 828 2124 cum
857 2092 1026 2125 omnibus
1050 2092 1197 2136 juribus
1226 2100 1260 2125 et
1290 2093 1520 2137 pertinentiis
1549 2094 1625 2125 suis
1655 2093 1839 2126 donationi
1867 2094 2063 2138 apostolice

200 2165 297 2191 motu
327 2158 436 2190 simili
465 2170 693 2191 reservamus
803 2160 928 2191 Datum
958 2159 1138 2191 Avinione
1160 2159 1207 2191 id.
1229 2159 1329 2200 Julii,
1357 2159 1587 2203 pontificatus
1609 2160 1723 2192 nostri
1745 2172 1838 2191 anno
1860 2160 1976 2192 tertio.

291 2265 354 2296 Reg.
370 2265 427 2287 vat.
444 2266 524 2288 Aven.
539 2265 678 2288 Clementis
692 2266 746 2293 Vll,
764 2266 816 2288 vol.
834 2266 909 2293 XXII,
926 2267 942 2289 Γ.
956 2267 994 2288 63.
1012 2279 1041 2282 -
1057 2266 1122 2288 Ibid.
1138 2266 1294 2296 archiepisc.
1312 2266 1437 2294 Turnus-³,
1454 2266 1572 2297 episcopi
1587 2266 1718 2289 Tulleusst
1734 2269 1758 2288 et
1774 2265 1945 2296 Lingoneusss
1958 2274 2064 2288 exsecu-

197 2312 267 2332 tores
285 2309 490 2332 constituuntur.
508 2323 537 2326 —
552 2309 676 2332 Notarius
692 2313 717 2332 ct
732 2310 818 2332 scriba
837 2310 952 2341 Capituli
974 2310 1068 2337 Paris„
1093 2310 1241 2341 Stephanus
1267 2310 1420 2339 Boussardi,
1439 2318 1482 2334 an.
1504 2311 1573 2338 1385,
1593 2311 1663 2341 Sept.
1683 2311 1720 2338 15,
1740 2310 1817 2333 fidem
1834 2310 1903 2338 facit,
1920 2310 2063 2332 Jobannem

198 2353 341 2376 Blanchart
355 2361 397 2376 an.
415 2354 483 2382 1381,
498 2355 563 2384 Aug.
580 2354 617 2382 14,
634 2354 667 2376 ad
680 2354 792 2376 officium
803 2354 1004 2377 cancellariatus
1019 2354 1044 2376 in
1061 2354 1182 2385 Capitulo
1195 2355 1279 2377 Paris.
1293 2355 1439 2377 adinissum
1456 2357 1481 2377 et
1496 2358 1630 2385 receptum
1646 2363 1711 2383 esse,
1729 2358 1806 2385 atque
1818 2354 1922 2385 jurasse
1938 2362 1967 2377 ea
1978 2354 2064 2376 omnia

198 2406 264 2429 quae
279 2398 422 2429 Gregorius
440 2399 471 2421 lx
485 2398 510 2420 in
527 2406 574 2421 sua
590 2398 667 2421 Bulla
679 2399 790 2423 Pccrens
804 2398 996 2426 scientiarum,
1013 2407 1060 2429 per
1073 2399 1259 2421 cancellarium
1274 2399 1299 2421 in
1314 2407 1361 2421 sua
1374 2398 1615 2430 reccptionejurari
1631 2399 1764 2421 ordinavit.
1779 2399 1865 2427 (Arch.
1883 2399 1938 2421 Vat.
1956 2399 2063 2422 Collevt.

198 2446 226 2464 n⁰
241 2443 296 2471 440,
316 2443 333 2466 f.
350 2443 414 2471 150).

291 2486 366 2510 Circa
381 2486 450 2510 idem
472 2490 575 2518 tempus
597 2487 638 2510 vel
659 2490 752 2518 postea
774 2487 842 2510 idem
864 2487 1037 2510 cam-ellarius
1060 2488 1158 2518 recepit
1179 2488 1257 2511 etiam
1280 2488 1434 2510 mandatum
1452 2488 1636 2518 apostolicum,
1657 2488 1726 2519 quod
1743 2488 1844 2510 nullum
1867 2491 2016 2518 suspectum
2033 2487 2063 2509 de

198 2531 364 2554 adhaerendo
380 2531 580 2554 Bartholomaeo
597 2540 642 2554 seu
659 2532 766 2555 Urbano
780 2532 813 2554 VI
829 2532 979 2554 admitteret
994 2532 1026 2554 ad
1040 2532 1171 2555 licentiam
1189 2533 1274 2561 (Ax-ch.
1291 2533 1348 2556 vat.
1367 2532 1473 2555 collect.
1489 2536 1518 2554 11ο
1539 2533 1594 2561 440,
1611 2533 1656 2555 fol.
1673 2533 1702 2555 88
1718 2535 1742 2555 et
1755 2532 1822 2555 infra
1835 2541 1863 2562 p.
1878 2533 1930 2559 358,
1948 2535 1996 2554 art.
2012 2532 2061 2560 [15).

291 2624 313 2647 1.
332 2624 432 2647 Nicolai
451 2625 482 2648 de
504 2625 530 2648 S.
551 2625 703 2655 Saturnino,
722 2625 785 2650 Ord.
809 2626 910 2653 Praed.‚
929 2626 960 2648 de
978 2634 1028 2657 quo
1053 2633 1134 2656 supra
1151 2630 1180 2647 n0
1198 2625 1267 2648 1460.
1287 2639 1318 2642 -
1335 2626 1358 2648 2.
1378 2626 1510 2648 Johannes
1530 2625 1672 2647 Blanchart
1696 2633 1710 2647 a
1730 2625 1861 2648 Clemente
1886 2625 1928 2647 VII
1953 2623 2061 2654 plurimi

198 2668 352 2691 aestimatus
377 2672 425 2698 est,
450 2669 592 2700 eodemque
615 2678 683 2692 anno
707 2670 801 2699 adhuc,
822 2670 942 2692 ι1011110011
964 2670 1001 2697 29,
1025 2669 1217 2692 thesaurarium
1243 2671 1305 2692 eccl.
1330 2670 1463 2693 Gamerae.
1484 2669 1590 2700 recepit.
1615 2670 1686 2700 (Reg.
1706 2670 1762 2692 Vnt.
1780 2669 1860 2691 Clem.
1882 2669 1932 2695 VII,
1960 2672 1987 2689 11ο
2006 2668 2059 2695 293,

198 2713 215 2735 f.
230 2713 280 2741 61).
298 2727 325 2730 —
341 2714 364 2736 3.
381 2714 506 2743 Alelmus,
522 2714 690 2745 praepositus
707 2715 733 2737 S.
750 2714 859 2737 Deodati
880 2714 995 2737 Tullens.
1017 2714 1110 2741 dioec„
1130 2714 1171 2737 lie.
1195 2714 1220 2736 in
1242 2714 1302 2745 Ιοῑῖς,Υ
1323 2714 1480 2745 archiepisc.
1499 2715 1596 2737 Turon.
1615 2722 1657 2736 an.
1678 2714 1746 2742 1380,
1763 2713 1822 2735 ,1110Ι
1843 2713 1871 2735 20
1890 2713 1961 2742 (Reg.
1981 2712 2060 2734 Aven.

197 2756 278 2780 Clem.
292 2758 346 2785 VII,
362 2758 414 2781 vol.
433 2758 497 2787 XIX,
519 2759 535 2782 s.
552 2758 617 2787 62¹³),
638 2762 697 2790 post
717 2767 794 2790 quem
810 2758 950 2790 Seguinus,
966 2759 1118 2789 patriarcha
1134 2758 1319 2787 Antiochenus,
1336 2759 1535 2781 administrator
1550 2759 1612 2781 ecel.
1632 2758 1728 2780 Turon.
1745 2757 1777 2780 ab
1793 2765 1835 2779 an.
1854 2757 1920 2783 138³,
1937 2755 2028 2778 Octob.
2046 2757 2059 2777 8

197 2801 271 2833 (Reg.
287 2803 366 2825 Aven.
384 2802 464 2825 Clem.
481 2803 536 2832 Vll,
552 2803 603 2826 vol.
620 2803 705 2831 XXIX,
721 2805 737 2826 f.
752 2803 815 2832 160).
832 2817 863 2820 -
877 2805 900 2826 [1.
916 2803 1048 2826 Johannes
1067 2803 1098 2826 de
1116 2803 1308 2834 Novo-Castro,
1323 2803 1462 2834 episcopus
1479 2803 1641 2829 Nix-eruens„
1656 2810 1696 2824 an.
1714 2802 1783 2830 1372,
1801 2802 1866 2830 Aug.
1883 2801 1920 2828 27,
1938 2800 1965 2822 fit
1979 2799 2059 2829 episc.

197 2845 314 2869 Tullens.
334 2846 409 2877 (Reg.
429 2848 508 2870 Aven.
531 2847 609 2878 Greg.
631 2847 672 2875 XI,
694 2847 746 2870 vol.
767 2848 809 2875 XI,
833 2848 850 2870 f.
869 2848 918 2876 lili),
942 2855 983 2870 an.
1005 2847 1074 2875 1383,
1092 2848 1151 2870 Dec.
1173 2848 1210 2875 23,
1227 2847 1299 2870 card.
1318 2847 1394 2874 Quat.
1413 2847 1533 2870 Coronat.
1551 2846 1712 2877 (Contelori).
1730 2859 1759 2861 ῌ
1775 2848 1797 2867 5.
1814 2844 1961 2867 Beruardus
1979 2843 2018 2872 (de
2034 2843 2058 2865 la

196 2890 285 2920 Tour),
302 2890 384 2913 abbas
399 2891 600 2922 Trenorehiens.
612 2891 730 2914 Cabilon.
748 2891 840 2920 dioec„
858 2891 887 2914 fit
902 2891 982 2922 episc.
998 2891 1106 2922 Lingon,
1125 2900 1167 2914 an.
1186 2891 1255 2920 1374,
1270 2892 1323 2914 Jul.
1341 2892 1368 2913 14
1384 2892 1455 2922 (Reg.
1472 2892 1552 2913 Avon.
1566 2890 1644 2920 Greg.
1661 2890 1702 2918 XI,
1722 2890 1771 2912 vol.
1789 2889 1852 2917 XXI,
1872 2889 1886 2910 s.
1904 2887 1970 2916 ³5¹²).
