2488 3386
453 376 515 409 148
1024 383 1342 405 anaTULARIUM
1379 381 1567 403 UN1VERS.
1604 380 1734 403 PAius.
2213 366 2312 404 [1366

454 466 567 493 torum
603 466 637 492 et
666 459 932 492 ordinationum
962 457 1240 502 prescriptarum
1275 455 1422 488 factioni
1450 461 1485 488 et
1515 454 1678 495 editioni,
1710 466 1749 487 ac
1779 453 1949 486 omnibus
1978 452 2058 486 aliis
2090 459 2126 486 et
2154 452 2312 498 singulis

452 526 722 570 suprascriptis,
746 525 827 558 dum
850 525 902 557 sic
922 536 986 568 per
1007 523 1234 568 supradictos
1262 521 1591 555 reverendissimos
1621 527 1741 565 patres
1768 527 1803 553 et
1833 520 2001 552 dominos
2030 519 2229 552 Johannem
2258 519 2310 552 tit.

453 593 570 625 Sancti
593 592 702 625 Marci
724 598 758 624 et
775 591 940 636 Egidium
966 590 1058 622 tituli
1080 589 1199 622 Sancti
1220 588 1364 621 Martini
1385 588 1422 620 in
1443 587 1629 620 Montibus
1650 586 1885 632 presbyteros
1906 586 2108 619 cardinales
2129 586 2257 619 fierent
2278 592 2314 619 et

451 665 657 704 agerentur,
681 670 750 691 una
771 670 852 690 cum
874 656 1131 701 suprascriptis
1154 655 1307 688 testibus
1328 654 1490 695 interfui,
1516 665 1629 698 eaque
1650 653 1769 686 omnia
1791 660 1826 686 et
1845 652 1988 698 singula
2010 653 2061 686 sic
2083 652 2161 686 fieri
2182 652 2257 686 vidi
2278 658 2314 686 et

453 725 585 766 audivi7
616 730 678 758 etc.
706 724 944 756 Addieionem
973 722 1098 755 harum
1131 722 1330 754 dictionum
1361 735 1375 751 <r
1405 732 1515 765 super
1540 720 1721 753 contentis
1746 720 1784 752 in
1811 719 1918 752 dictis
1945 719 2076 752 litteris
2101 719 2313 764 apostolicis

452 791 643 824 habuimus
665 789 999 830 dcliberaciones²³¹7
1024 785 1058 821 et
1086 788 1227 821 tandem
1255 787 1433 820 discussis
1456 800 1472 817 »
1499 787 1536 819 in
1557 786 1628 819 fine
1654 786 1762 831 hujus
1784 786 2015 820 instrumenti
2036 793 2071 819 et
2093 786 2210 819 ante⁸²
2231 797 2313 831 pre-

452 864 590 890 sentem
612 857 917 902 subscriptionem
935 856 1102 901 positam,
1124 867 1194 899 que
1215 854 1310 887 cadit
1330 853 1500 898 superius
1521 853 1558 886 in
1579 853 1718 886 decima
1739 860 1861 887 octava
1882 853 1977 886 linea
1993 865 2011 886 a
2028 853 2142 898 capite
2159 853 2312 886 inferius

451 924 704 969 computando,
727 936 800 956 non
820 923 907 956 vitio
925 922 989 955 sed
1011 934 1134 954 errore
1155 922 1295 962 factam,
1318 919 1492 965 approbO.
1516 921 1645 953 Datum
1667 926 1706 953 ut
1726 931 1848 965 supra.

541 1022 603 1052 Reg.
619 1024 672 1044 nat.
691 1021 766 1051 Angl.
786 1020 811 1043 in
828 1020 895 1044 Bibl.
914 1023 967 1043 nal.
985 1019 1077 1049 Paris„
1099 1028 1177 1042 nouv.
1196 1027 1253 1050 aeq.
1270 1019 1325 1047 lat.y
1348 1019 1402 1047 535,
1422 1018 1466 1041 fol.
1486 1017 1578 1041 31b-35
1596 1018 1680 1049 (prius
1696 1017 1802 1048 29b-23).
1820 1018 1897 1041 Arch.
1911 1018 1968 1043 Vat.
1988 1018 2069 1043 Aven.
2086 1018 2188 1042 collect.
2209 1021 2238 1040 n⁰
2257 1018 2313 1046 440,

449 1066 493 1089 sol.
515 1066 583 1089 15211.
606 1066 634 1088 In
652 1066 702 1088 fine
721 1073 725 1088 ·.
747 1075 757 1086 (ι
777 1065 908 1095 Scriptum
932 1064 979 1087 fuit
995 1064 1043 1086 hoc
1066 1063 1255 1094 transcriptum
1274 1063 1323 1086 sub
1340 1063 1428 1094 sigillo
1446 1062 1603 1086 cancellarie
1626 1062 1752 1094 predicte.
1780 1062 1895 1086 Collacio
1919 1070 2023 1094 quoque
2039 1063 2107 1085 facta
2122 1062 2155 1086 de
2171 1062 2263 1086 eodem
2279 1062 2313 1086 ad

448 1110 589 1141 originales
608 1110 697 1132 literas
716 1118 782 1132 anno
802 1109 873 1132 Dom.
894 1109 989 1131 milles.
1005 1108 1186 1131 trecentesimo
1202 1107 1365 1139 sexagesimo
1381 1110 1462 1137 sexto,
1478 1107 1520 1130 die
1533 1107 1585 1138 xvij
1601 1107 1699 1130 mensis
1712 1107 1786 1130 Julii.
1800 1107 1951 1130 CousTELLl
1966 1116 1988 1131 ».
2008 1121 2031 1124 -
2046 1107 2113 1131 Mus.
2129 1106 2248 1130 Britann.
2264 1114 2314 1130 ms.

448 1154 508 1177 add.
521 1155 606 1182 17304,
623 1154 666 1177 sol.
685 1154 755 1178 11412.
770 1154 831 1176 Cod.
852 1154 973 1182 lia-cur„
989 1153 1033 1178 fol,
1048 1154 1086 1177 52.
1102 1166 1131 1169 ——
1151 1153 1274 1182 Bulaeus,
1288 1152 1330 1182 lv,
1346 1153 1401 1175 388.

544 1198 618 1221 Natio
645 1198 789 1226 Gallicana,
815 1201 843 1220 ut
866 1197 979 1227 videtur,
1000 1197 1041 1219 his
1063 1197 1158 1220 litteris
1183 1196 1289 1219 minime
1306 1199 1427 1219 contenta
1451 1199 1516 1226 erut,
1532 1204 1592 1219 nam
1613 1196 1640 1219 in
1659 1195 1745 1220 Libro
1765 1202 1881 1226 procur.
1899 1196 1984 1227 ejusd.
2002 1198 2056 1219 nat.
2071 1195 2135 1219 olim
2153 1195 2312 1227 legebatur:

451 1251 461 1265 a
479 1243 525 1266 An.
542 1243 610 1271 1368,
628 1242 699 1265 Junii
715 1243 753 1272 28,
769 1242 817 1265 suit
831 1242 946 1273 positum
963 1241 989 1264 in
1005 1249 1066 1264 arca
1083 1241 1215 1264 communi
1230 1241 1434 1264 instrumentum
1451 1248 1532 1271 super
1547 1240 1723 1263 declaratione
1738 1248 1754 1263 a
1771 1240 1900 1263 cardinali
1914 1240 2086 1263 Nemausensi
2109 1241 2177 1263 facta
2195 1239 2314 1263 Pal-isius

449 1295 537 1309 coram
553 1287 656 1310 natione
674 1287 818 1314 Gallicana,
836 1286 905 1318 quod
923 1294 973 1309 non
989 1286 1158 1309 intenderunt
1174 1286 1231 1317 ipse
1244 1294 1290 1308 nec
1303 1285 1446 1308 cardinalis
1463 1285 1619 1308 Morinensis
1636 1285 1661 1307 in
1677 1284 1750 1308 bulla
1767 1285 1910 1308 novissime
1925 1285 2007 1308 missa
2024 1284 2196 1309 universitati
2213 1283 2314 1316 aliquid

450 1334 564 1354 statuere
581 1334 670 1354 contra
686 1331 820 1354 libertates
836 1334 861 1353 et
875 1330 1075 1353 consuetudines
1088 1330 1236 1353 laudabiles
1250 1330 1366 1361 predicte
1377 1329 1499 1357 nationis,
1510 1330 1555 1353 sed
1571 1338 1614 1352 eas
1626 1329 1715 1352 illesas
1729 1329 1917 1352 inviolabiliter
1931 1329 2091 1353 observari»
2105 1329 2182 1359 (Bu1.,
2195 1329 2238 1358 lv,
2247 1329 2313 1358 991).

542 1376 599 1399 Jam
618 1376 643 1398 in
662 1379 723 1399 toni.
743 1376 764 1399 11
784 1376 922 1403 Chartul.‚
942 1384 969 1406 p.
985 1376 1030 1398 697
1049 1375 1091 1404 (ad
1113 1375 1256 1404 nm1189),
1274 1374 1482 1402 observavimus,
1499 1382 1589 1397 omnes
1611 1374 1790 1397 ordinationes
1806 1382 1887 1405 supra
1903 1374 2048 1405 exscriptas
2072 1381 2138 1405 quae
2163 1373 2315 1397 facultatem

451 1421 597 1452 theologiae
612 1420 765 1451 respiciunt,
783 1420 893 1443 statutis
910 1420 1058 1451 theologiae
1081 1419 1225 1449 facultatis,
1247 1415 1339 1442 ordine
1359 1419 1473 1449 inverso,
1490 1419 1603 1442 insertas
1620 1418 1710 1447 tuisse,
1727 1419 1868 1450 plerasque
1884 1426 1976 1442 earum
1993 1418 2020 1442 in
2033 1418 2144 1442 Statutis
2165 1417 2315 1450 theologiae

449 1465 634 1488 Universitatis
648 1466 793 1488 'tolosanae
810 1473 851 1487 nn.
867 1465 935 1493 1366,
950 1464 1071 1487 Deccmb.
1089 1464 1125 1492 19,
1140 1463 1262 1487 inveniri.
1280 1463 1337 1487 vid.
1356 1463 1495 1492 Chartul„
1513 1464 1531 1487 l.
1546 1472 1568 1486 c.

544 1550 564 1572 1.
578 1549 654 1573 Arch.
667 1558 672 1572 ·.
685 1559 695 1572 α
705 1558 734 1572 ac
743 1559 765 1572 ».
776 1564 801 1566 —
811 1550 834 1572 2.
843 1549 920 1572 Arch.
935 1557 939 1571 z
956 1559 969 1570 ιι
981 1557 1103 1572 vocamus
1114 1558 1136 1572 n.
1149 1549 1211 1571 Jure
1225 1551 1384 1571 vocaverunt
1394 1548 1523 1579 quosdam
1537 1547 1689 1579 magistros,
1699 1556 1758 1571 cum
1771 1547 1905 1571 Johannes
1917 1547 2019 1571 nullum
2031 1547 2145 1579 gradum
2155 1546 2315 1571 obtinuisset

450 1595 572 1623 (sortasse
586 1594 712 1624 magister
727 1593 822 1617 artium
840 1593 906 1623 suit),
923 1597 948 1616 et
961 1593 1027 1616 alter
1040 1596 1141 1616 tantum
1154 1593 1230 1616 titulo
1246 1593 1334 1623 legum
1351 1592 1465 1615 doctoris
1485 1593 1621 1623 gauderet.
1637 1606 1665 1610 --
1678 1593 1700 1615 3.
1715 1601 1727 1612 «
1741 1600 1820 1623 super
1831 1609 1870 1616 ....
1886 1592 2014 1615 discussis
2031 1602 2044 1614 n
2064 1592 2091 1615 in
2113 1599 2177 1615 mse.
2188 1594 2274 1615 exstat
2287 1590 2314 1615 in

450 1638 500 1661 fine
515 1638 672 1662 documenti.
689 1639 800 1661 Bulaeus
815 1638 878 1661 haec
900 1638 980 1661 verba
1002 1637 1108 1660 omnino
1124 1637 1221 1660 omisit.
1244 1651 1273 1654 —
1295 1638 1318 1660 [ι.
1342 1637 1419 1660 Areh.
1437 1637 1497 1662 add.
1513 1645 1518 1660 ε
1539 1647 1551 1658 α
1567 1645 1642 1660 sacre
1656 1646 1679 1660 ι).
1696 1649 1724 1654 -
1738 1639 1761 1662 5,
1777 1636 1855 1660 Arch.
1877 1644 1929 1660 om.
1947 1650 1974 1654 -—
1990 1637 2014 1660 6.
2028 1636 2104 1660 Arch.
2120 1644 2125 1659 ·.
2142 1645 2155 1658 «ι
2168 1635 2219 1659 nisi
2235 1635 2315 1659 suerit

450 1682 562 1705 biblicus
577 1692 599 1706 ν.
613 1697 638 1700 —
661 1684 682 1706 7.
696 1683 772 1706 Arch.
788 1691 792 1705 z
813 1692 822 1705 ,ι
840 1682 895 1705 fieri
911 1690 932 1705 1).
950 1696 978 1699 —
995 1683 1018 1705 8.
1035 1682 1092 1705 0111.
1110 1683 1172 1713 Reg.
1189 1685 1241 1705 nat.
1258 1682 1335 1713 Angl.
1351 1695 1381 1699 -—-
1394 1684 1416 1705 9.
1436 1681 1513 1705 Arch.
1527 1689 1531 1704 t
1551 1690 1562 1704 (ι
1581 1684 1606 1704 et
1624 1689 1646 1705 υ.
1661 1695 1692 1699 -
1708 1682 1746 1705 10.
1762 1682 1823 1712 Reg.
1843 1684 1898 1705 nat.
1914 1681 1991 1712 Angl.
2009 1689 2014 1704 ;
2031 1690 2043 1704 «
2058 1681 2179 1712 ipsarum
2193 1683 2219 1704 et
2233 1688 2315 1712 expo-

451 1730 514 1750 nant
529 1727 647 1750 ordinate
665 1727 697 1750 ad
714 1736 736 1751 )).
752 1727 847 1751 Omnes
863 1727 907 1750 alii
923 1730 952 1750 ut
967 1735 1056 1758 supra.
1069 1741 1092 1743 —
1112 1727 1149 1750 11.
1167 1727 1242 1750 Arch.
1259 1735 1310 1749 om.
1324 1740 1354 1744 ——-
1370 1727 1407 1750 12.
1422 1726 1499 1749 Arch.
1517 1734 1522 1749 2
1539 1735 1549 1748 (ι
1566 1726 1713 1760 committat
1729 1734 1751 1749 »-
1768 1726 1842 1749 -13.
1857 1725 1921 1749 Brit.
1937 1726 2004 1749 Mus.
2020 1725 2097 1749 Arch.
2116 1733 2121 1748 z
2137 1734 2148 1748 α
2164 1724 2278 1757 legerint
2290 1733 2312 1749 n.

451 1786 480 1789 —
496 1773 533 1795 14.
549 1772 625 1795 Arch.
643 1780 647 1794 :
663 1781 675 1792 «x
692 1772 869 1803 disputatione
885 1780 907 1795 ».
926 1785 951 1788 —-
969 1772 1005 1794 15.
1023 1771 1088 1794 Brit.
1104 1772 1170 1794 Mus.
1185 1774 1209 1794 et
1224 1771 1300 1794 Arch.
1319 1779 1323 1794 :
1342 1781 1354 1792 α
1367 1771 1449 1794 eciam
1466 1779 1487 1794 ».
1501 1785 1532 1788 —
1547 1771 1584 1794 16.
1603 1770 1741 1794 Scholares
1759 1770 1785 1793 in
1799 1770 1897 1794 scholis
1908 1770 2062 1794 artistarum
2075 1770 2102 1793 in
2117 1773 2188 1793 terra
2203 1769 2312 1799 sedisse,

450 1820 561 1847 apparet
581 1817 659 1839 etiam
677 1825 690 1839 e
708 1816 833 1839 relatione
854 1817 886 1838 ad
906 1824 947 1838 an.
966 1817 1034 1844 1370,
1053 1816 1124 1847 Sept.
1143 1817 1181 1845 27y
1200 1816 1225 1839 in
1243 1816 1302 1839 Lib.
1317 1822 1393 1846 proc.
1410 1819 1469 1840 nat.
1484 1815 1596 1846 Anqlic.
1612 1829 1642 1832 —
1657 1815 1696 1839 17.
1712 1815 1789 1839 Arch.
1806 1823 1858 1839 om.
1874 1829 1905 1832 —
1921 1815 1958 1838 18.
1975 1816 2039 1846 Reg.
2056 1823 2061 1838 :
2079 1823 2091 1838 <a
2108 1819 2222 1846 possunt
2241 1822 2264 1838 ».
2285 1827 2313 1832 —

450 1861 487 1884 19.
504 1861 594 1884 Privil.
612 1861 804 1892 quinquennale
819 1869 843 1883 v.
860 1861 886 1883 in
909 1860 1042 1886 Chai-tul..
1064 1861 1082 1888 Ι,
1100 1865 1128 1883 n⁰
1146 1861 1184 1889 32,
1201 1863 1226 1883 et
1243 1861 1275 1889 ΙΙ,
1292 1865 1320 1883 n⁰
1336 1861 1405 1883 1068.
1421 1874 1452 1877 -
1467 1861 1506 1884 20.
1522 1860 1599 1883 Areh.
1618 1868 1623 1883 z
1641 1870 1654 1882 «
1670 1868 1701 1883 ne
1721 1869 1743 1883 ».
1760 1873 1788 1877 —-
1805 1860 1842 1883 21.
1865 1860 1942 1883 Arch.
1965 1868 2016 1883 om.
2033 1873 2064 1877 ——
2082 1860 2121 1883 22.
2142 1858 2234 1883 Privil.
2255 1867 2315 1890 sep-

447 1905 558 1934 tennale,
575 1905 665 1928 datum
680 1905 800 1927 omnibus
817 1904 951 1935 magistris
967 1907 992 1927 et
1005 1905 1096 1934 schol.⁷
1112 1904 1164 1927 vid.
1184 1904 1210 1927 in
1221 1907 1283 1928 tom.
1301 1905 1321 1927 11
1338 1904 1478 1932 Chartul.,
1494 1908 1522 1927 n⁰
1538 1905 1606 1928 1120.
1622 1918 1648 1921 ——
1664 1905 1700 1927 23.
1716 1904 1794 1927 Arch.
1808 1912 1813 1927 ·.
1826 1914 1839 1925 «
1855 1904 1900 1927 illo
1914 1913 1937 1927 ²».
1953 1918 1983 1921 —
1994 1904 2031 1927 24.
2048 1903 2126 1927 Arch.
2143 1911 2148 1927 z
2163 1911 2173 1927 ι
2188 1903 2274 1927 dictus
2289 1910 2313 1927 »-

449 1963 477 1966 —
495 1950 532 1972 25.
550 1950 611 1980 Reg.
629 1952 653 1972 et
669 1949 733 1972 Brit.
752 1950 836 1972 Mus.·.
854 1960 865 1970 «
883 1949 1036 1972 obtineret»
1052 1963 1081 1966 —
1097 1950 1134 1972 26.
1151 1950 1213 1979 Reg.
1231 1952 1284 1972 unt.
1301 1949 1377 1980 Angl.
1396 1957 1448 1974 oni.
1466 1962 1496 1966 —
1513 1949 1550 1972 27.
1570 1949 1636 1972 Brit.
1651 1949 1718 1972 Mus.
1734 1952 1760 1972 et
1777 1948 1854 1972 Arch.
1873 1956 1878 1971 z
1899 1958 1910 1971 «
1927 1957 2017 1972 eorum
2036 1958 2058 1972 ν.
2076 1962 2102 1966 --
2121 1949 2159 1971 28.
2175 1948 2240 1980 Reg.
2258 1950 2312 1972 nat.

449 1994 525 2024 Angl.
545 2002 549 2016 :
567 2003 579 2015 κ
596 1994 752 2017 Grimmerio
771 2004 793 2017 z).
813 2008 834 2010 —
852 1995 889 2016 21),
905 1994 981 2016 Arch.
1002 2002 1007 2016 t
1027 2004 1039 2014 «
1054 1993 1181 2017 Macelleti
1197 2003 1218 2017 υ.
1238 2008 1267 2011 —
1282 1995 1320 2017 30.
1343 1994 1396 2016 Hoc
1411 1994 1468 2016 loco
1483 1994 1564 2017 verba
1579 2002 1660 2025 supra
1676 1994 1758 2017 relata
1774 1994 1800 2016 in
1816 2001 1879 2016 mss.
1896 1993 2028 2025 exscripta
2043 1996 2105 2016 sunt
2120 2001 2125 2016 ε
2144 2000 2155 2015 c
2174 2000 2255 2024 super
2274 2009 2312 2017 ....
2344 1988 2362 2001 '⁷

449 2038 576 2061 discussis
590 2047 612 2061 ».
628 2052 658 2056 —
675 2039 713 2061 31.
729 2038 806 2061 Arch.
826 2046 830 2061 2
849 2048 861 2059 α
877 2038 1071 2061 declaraciones
1086 2048 1108 2061 ».
1124 2053 1153 2055 —
1169 2039 1207 2061 32.
1224 2038 1301 2062 Arch.
1317 2046 1323 2061 z
1341 2048 1353 2059 ι
1369 2041 1456 2062 autem
1473 2048 1495 2062 ν.

455 2208 594 2245 1320.
621 2220 686 2243 Cum
710 2219 846 2252 magister
867 2219 1027 2254 Dionysius,
1050 2223 1167 2244 curatus
1188 2219 1326 2245 ecclesiae
1350 2219 1386 2246 cle
1408 2219 1588 2254 Flaracuria,
1612 2220 1784 2246 monasterio
1809 2220 1835 2245 S.
1861 2218 1996 2245 Germerii
2022 2217 2217 2244 Flaviacensie
2237 2217 2310 2244 dare

539 2268 688 2292 annuatim
709 2270 765 2292 tres
785 2267 893 2292 modios
915 2267 995 2292 bladi
1014 2276 1048 2292 ac
1069 2271 1125 2293 tres
1147 2268 1256 2294 modios
1278 2277 1385 2294 avenae
1407 2278 1477 2304 quos
1493 2269 1616 2295 debebat
1631 2272 1786 2303 recusaret,
1809 2271 1967 2304 contempto
1984 2267 2163 2294 Parlamenti
2184 2269 2310 2301 ‹tr-resto,

539 2315 686 2350 abbasque
708 2315 778 2341 dicti
798 2316 977 2341 monaster-ii·
999 2325 1111 2341 manum
1134 2317 1161 2341 in
1183 2317 1425 2353 temporalitatem
1439 2317 1536 2344 dictae
1557 2326 1644 2343 curae
1660 2326 1715 2354 pro
1730 2318 1913 2343 exsecutione
1933 2316 2050 2342 aecor-di
2069 2315 2226 2342 obtinenda
2242 2315 2314 2352 poni

539 2364 670 2398 fecisset,-
688 2365 786 2389 Petrus
802 2364 893 2390 abbas
916 2366 1083 2390 monasterii
1100 2365 1289 2391 Gaudiivallis
1298 2366 1317 2400 2,
1346 2368 1510 2393 Carnotens.
1529 2366 1632 2397 dioec.‚
1654 2367 1828 2401 vicesgerens
1848 2365 1976 2402 episcopi
1996 2364 2226 2399 Silvanectensis‚
2247 2372 2314 2390 con-

539 2413 690 2438 servatoris
703 2413 913 2448 privilegiorum
934 2414 1009 2439 Univ.
1027 2414 1120 2440 Paris.
1126 2435 1133 2448 ‚
1152 2424 1166 2439 a
1184 2424 1244 2440 cum
1259 2415 1413 2450 Dyonisius
1428 2419 1504 2442 esset
1518 2415 1637 2442 studens
1652 2419 1680 2442 et
1698 2419 1765 2441 actu
1785 2423 1884 2450 regens
1899 2414 2033 2440 Par-isius
2049 2414 2078 2440 in
2093 2413 2200 2440 artium
2215 2412 2312 2448 facul-

541 2465 599 2487 tate
615 2471 639 2495 »7
658 2462 757 2487 virtute
773 2461 984 2497 privilegiorum
999 2462 1149 2497 dictorum,
1167 2463 1253 2489 citari
1268 2472 1363 2490 coram
1380 2473 1411 2490 se
1425 2467 1536 2498 fecerat
1551 2464 1702 2499 religiosos
1719 2464 1919 2490 Flauiacenses
1939 2472 1974 2489 ac
1989 2463 2152 2489 litterarum
2166 2462 2312 2497 regiarum

541 2514 741 2545 eacsecutorem,
758 2510 934 2546 petebatque
951 2520 1004 2547 per
1023 2516 1163 2537 arrestum
1185 2512 1282 2538 curiae
1302 2514 1487 2548 pronuntiari
1503 2514 1613 2539 curiam
1629 2513 1723 2550 ipsam
1739 2513 1775 2539 de
1790 2521 1881 2539 causa
1896 2512 2059 2548 hujusmodi
2074 2520 2242 2547 cognoscere
2256 2519 2312 2538 non

539 2567 623 2594 posse
636 2568 685 2584 nec
702 2559 810 2585 debere.
828 2561 1025 2585 Pronuntiavit
1044 2561 1124 2586 curia
1139 2561 1304 2596 Dyonisium
1320 2563 1529 2588 exsecutionem
1549 2562 1710 2588 litterarum
1732 2562 1900 2588 tertionarie
1919 2565 1948 2588 et
1967 2561 2094 2587 indebite
2117 2559 2308 2597 impedivi-ue,

540 2611 626 2643 atque
657 2608 882 2642 vicemgerentem
907 2612 933 2634 et
959 2609 1124 2644 Dionysium
1152 2610 1180 2635 in
1201 2610 1320 2636 emenda
1343 2610 1373 2636 lae
1400 2611 1463 2638 libr.
1483 2620 1549 2647 par.
1572 2611 1775 2638 condemnavit.
1806 2621 1821 2637 α
1846 2611 2078 2638 Pronunciatum
2092 2611 2133 2644 vj³
2152 2610 2199 2637 die
2219 2609 2311 2640 Junii.

540 2665 619 2683 auno
634 2657 726 2683 LXVI.
743 2658 828 2683 Bucr.
849 2667 862 2682 »

1701 2711 1776 2740 1366,
1791 2710 1861 2736 ‘lunii
1872 2710 1897 2739 ⁶.
1913 2710 2025 2736 Parisiis.

545 2754 622 2777 Arch.
638 2757 691 2777 nat.
707 2754 790 2777 Paris.
807 2755 857 2777 ΧΗ*
873 2755 983 2785 (Juyeis),
1003 2755 1041 2784 20,
1059 2755 1103 2778 sol.
1121 2756 1192 2778 341b.

547 2838 567 2860 1.
586 2837 734 2868 Arnulphus
763 2838 803 2866 (de
827 2838 906 2868 Rivo),
930 2846 988 2860 cum
1011 2842 1079 2861 esset
1101 2838 1174 2869 prior
1193 2838 1326 2870 prioratus
1348 2841 1373 2864 S.
1396 2840 1525 2864 Johnnnis
1548 2842 1579 2864 de
1599 2841 1722 2870 Vivariis,
1746 2850 1788 2865 an.
1810 2842 1879 2871 1351,
1898 2841 1984 2865 Martii
2007 2842 2044 2870 18,
2069 2842 2155 2865 factus
2174 2843 2215 2864 est
2229 2840 2312 2864 abban

452 2882 478 2905 S.
496 2882 628 2905 Geremari
644 2882 675 2904 dc
692 2882 824 2910 Flaviaco,
842 2882 943 2905 Belvac.
965 2882 1045 2905 dioec.
1068 2884 1138 2914 (Reg.
1156 2883 1213 2906 Vat.
1232 2883 1312 2907 Clem.
1329 2885 1370 2912 Vl,
1387 2889 1415 2907 n⁰
1430 2886 1484 2913 2071,
1502 2887 1518 2909 s.
1535 2887 1582 2915 55).
1596 2899 1627 2903 ———
1642 2887 1664 2909 2.
1681 2886 1744 2910 Ord.
1768 2886 1973 2909 praemonstrat.
1992 2886 2044 2909 Iste
2063 2886 2155 2909 Petrus
2177 2893 2219 2908 an.
2242 2885 2311 2914 1³68,

450 2926 575 2949 Nox-emb.
591 2927 613 2955 7,
631 2926 762 2957 Stephano
778 2930 836 2949 ante
852 2927 1044 2957 possessionem
1061 2927 1181 2950 defuncto
1198 2928 1260 2957 (vid.
1274 2937 1355 2959 supra
1370 2933 1420 2951 num
1435 2930 1504 2959 1269,
1521 2933 1572 2954 not.
1591 2930 1622 2959 1),
1639 2930 1784 2954 translatus
1800 2933 1840 2954 est
1855 2929 1887 2953 ad
1901 2930 2091 2953 monasterium
2103 2930 2310 2953 Praemoustrat.
