<?xml version="1.0" encoding="UTF-8"?>
<!DOCTYPE html PUBLIC "-//W3C//DTD XHTML 1.0 Transitional//EN"
    "http://www.w3.org/TR/xhtml1/DTD/xhtml1-transitional.dtd">
<html xmlns="http://www.w3.org/1999/xhtml" xml:lang="en" lang="en">
 <head>
  <title>
</title>
<meta http-equiv="Content-Type" content="text/html;charset=utf-8" />
  <meta name='ocr-system' content='tesseract 3.04.00' />
  <meta name='ocr-capabilities' content='ocr_page ocr_carea ocr_par ocr_line ocrx_word'/>
</head>
<body>
  <div class='ocr_page' id='page_1' title='image "auctariumchartul03univuoft_0588.png"; bbox 0 0 2488 3386; ppageno 0'>
   <div class='ocr_carea' id='block_1_1' title="bbox 402 329 2266 374">
    <p class='ocr_par' dir='ltr' id='par_1_1' title="bbox 402 329 2266 374">
     <span class='ocr_line' id='line_1_1' title="bbox 402 329 2266 374; baseline -0.006 0"><span class='ocrx_word' id='word_1_1' title='bbox 402 342 466 374; x_wconf 83' lang='lat'>540</span> <span class='ocrx_word' id='word_1_2' title='bbox 979 348 1299 370; x_wconf 74' lang='lat' dir='ltr'>CHARTULARIUM</span> <span class='ocrx_word' id='word_1_3' title='bbox 1334 346 1526 368; x_wconf 66' lang='lat' dir='ltr'>uulvssas.</span> <span class='ocrx_word' id='word_1_4' title='bbox 1563 345 1693 367; x_wconf 69' lang='lat' dir='ltr'>PARls.</span> <span class='ocrx_word' id='word_1_5' title='bbox 2167 329 2266 365; x_wconf 90' lang='lat'>[1390</span> 
     </span>
    </p>
   </div>
   <div class='ocr_carea' id='block_1_2' title="bbox 400 415 2272 2104">
    <p class='ocr_par' dir='ltr' id='par_1_2' title="bbox 402 415 2268 735">
     <span class='ocr_line' id='line_1_2' title="bbox 404 415 2264 469; baseline -0.006 -11"><span class='ocrx_word' id='word_1_6' title='bbox 404 425 675 469; x_wconf 89' lang='lat' dir='ltr'>Assumptionis</span> <span class='ocrx_word' id='word_1_7' title='bbox 697 425 735 456; x_wconf 87' lang='grc' dir='ltr'>Β.</span> <span class='ocrx_word' id='word_1_8' title='bbox 760 423 870 456; x_wconf 86' lang='lat' dir='ltr'>Marie</span> <span class='ocrx_word' id='word_1_9' title='bbox 897 422 1075 467; x_wconf 83' lang='lat' dir='ltr'>Virginis,</span> <span class='ocrx_word' id='word_1_10' title='bbox 1099 428 1134 454; x_wconf 89' lang='lat' dir='ltr'>et</span> <span class='ocrx_word' id='word_1_11' title='bbox 1158 421 1360 454; x_wconf 82' lang='lat' dir='ltr'>Nativitatis</span> <span class='ocrx_word' id='word_1_12' title='bbox 1381 420 1546 460; x_wconf 80' lang='lat' dir='ltr'>Domini3</span> <span class='ocrx_word' id='word_1_13' title='bbox 1575 426 1610 452; x_wconf 88' lang='lat' dir='ltr'>et</span> <span class='ocrx_word' id='word_1_14' title='bbox 1636 418 1761 451; x_wconf 88' lang='lat' dir='ltr'>eadem</span> <span class='ocrx_word' id='word_1_15' title='bbox 1788 418 1859 458; x_wconf 88' lang='lat' dir='ltr'>die,</span> <span class='ocrx_word' id='word_1_16' title='bbox 1890 429 1957 462; x_wconf 86' lang='lat' dir='ltr'>qua</span> <span class='ocrx_word' id='word_1_17' title='bbox 1983 415 2264 461; x_wconf 88' lang='lat' dir='ltr'>computabitur,</span> 
     </span>
     <span class='ocr_line' id='line_1_3' title="bbox 403 483 2266 533; baseline -0.005 -10"><span class='ocrx_word' id='word_1_18' title='bbox 403 503 529 523; x_wconf 91' lang='lat' dir='ltr'>omnes</span> <span class='ocrx_word' id='word_1_19' title='bbox 550 490 724 523; x_wconf 87' lang='lat' dir='ltr'>habentes</span> <span class='ocrx_word' id='word_1_20' title='bbox 745 489 860 522; x_wconf 80' lang='lat' dir='ltr'>libros</span> <span class='ocrx_word' id='word_1_21' title='bbox 881 489 1028 533; x_wconf 82' lang='lat' dir='ltr'>collegii</span> <span class='ocrx_word' id='word_1_22' title='bbox 1054 487 1278 520; x_wconf 87' lang='lat' dir='ltr'>exhibebunt</span> <span class='ocrx_word' id='word_1_23' title='bbox 1304 486 1388 519; x_wconf 91' lang='lat' dir='ltr'>illos</span> <span class='ocrx_word' id='word_1_24' title='bbox 1415 487 1451 518; x_wconf 92' lang='lat' dir='ltr'>in</span> <span class='ocrx_word' id='word_1_25' title='bbox 1480 486 1664 531; x_wconf 75' lang='lat' dir='ltr'>presentia</span> <span class='ocrx_word' id='word_1_26' title='bbox 1692 484 1855 530; x_wconf 76' lang='lat' dir='ltr'>magistri</span> <span class='ocrx_word' id='word_1_27' title='bbox 1884 490 1919 516; x_wconf 88' lang='lat' dir='ltr'>et</span> <span class='ocrx_word' id='word_1_28' title='bbox 1944 483 2152 523; x_wconf 88' lang='lat' dir='ltr'>scolarium,</span> <span class='ocrx_word' id='word_1_29' title='bbox 2175 493 2266 526; x_wconf 92' lang='lat' dir='ltr'>quo-</span> 
     </span>
     <span class='ocr_line' id='line_1_4' title="bbox 403 548 2268 602; baseline -0.005 -12"><span class='ocrx_word' id='word_1_30' title='bbox 403 569 480 589; x_wconf 88' lang='lat' dir='ltr'>rum</span> <span class='ocrx_word' id='word_1_31' title='bbox 503 557 675 602; x_wconf 86' lang='lat' dir='ltr'>magister</span> <span class='ocrx_word' id='word_1_32' title='bbox 695 556 842 588; x_wconf 89' lang='lat' dir='ltr'>habebit</span> <span class='ocrx_word' id='word_1_33' title='bbox 860 555 1044 594; x_wconf 82' lang='lat' dir='ltr'>cedulam;</span> <span class='ocrx_word' id='word_1_34' title='bbox 1068 561 1103 587; x_wconf 87' lang='lat' dir='ltr'>et</span> <span class='ocrx_word' id='word_1_35' title='bbox 1123 554 1245 586; x_wconf 85' lang='lat' dir='ltr'>eadem</span> <span class='ocrx_word' id='word_1_36' title='bbox 1269 554 1327 586; x_wconf 91' lang='lat' dir='ltr'>die</span> <span class='ocrx_word' id='word_1_37' title='bbox 1348 553 1518 598; x_wconf 87' lang='lat' dir='ltr'>legentur</span> <span class='ocrx_word' id='word_1_38' title='bbox 1539 558 1730 597; x_wconf 79' lang='lat' dir='ltr'>presentes</span> <span class='ocrx_word' id='word_1_39' title='bbox 1751 550 2044 588; x_wconf 61' lang='lat' dir='ltr'>constitutiones,</span> <span class='ocrx_word' id='word_1_40' title='bbox 2063 561 2107 581; x_wconf 90' lang='lat' dir='ltr'>ne</span> <span class='ocrx_word' id='word_1_41' title='bbox 2124 548 2268 594; x_wconf 83' lang='lat' dir='ltr'>possint</span> 
     </span>
     <span class='ocr_line' id='line_1_5' title="bbox 404 615 2266 668; baseline -0.005 -12"><span class='ocrx_word' id='word_1_42' title='bbox 404 636 421 656; x_wconf 86' lang='lat' dir='ltr'>a</span> <span class='ocrx_word' id='word_1_43' title='bbox 443 635 623 668; x_wconf 87' lang='lat' dir='ltr'>quoquam</span> <span class='ocrx_word' id='word_1_44' title='bbox 650 623 825 667; x_wconf 84' lang='lat' dir='ltr'>ignorari.</span> <span class='ocrx_word' id='word_1_45' title='bbox 854 621 1031 655; x_wconf 79' lang='lat' dir='ltr'>Volumus</span> <span class='ocrx_word' id='word_1_46' title='bbox 1062 621 1166 653; x_wconf 85' lang='lat' dir='ltr'>etiam</span> <span class='ocrx_word' id='word_1_47' title='bbox 1198 620 1295 664; x_wconf 92' lang='lat' dir='ltr'>quod</span> <span class='ocrx_word' id='word_1_48' title='bbox 1323 619 1474 652; x_wconf 85' lang='lat' dir='ltr'>cuilibet</span> <span class='ocrx_word' id='word_1_49' title='bbox 1501 618 1632 652; x_wconf 88' lang='lat' dir='ltr'>scolari</span> <span class='ocrx_word' id='word_1_50' title='bbox 1663 618 1806 651; x_wconf 91' lang='lat' dir='ltr'>noviter</span> <span class='ocrx_word' id='word_1_51' title='bbox 1830 616 1991 651; x_wconf 85' lang='lat' dir='ltr'>venienti</span> <span class='ocrx_word' id='word_1_52' title='bbox 2017 615 2199 660; x_wconf 81' lang='lat' dir='ltr'>legantur,</span> <span class='ocrx_word' id='word_1_53' title='bbox 2221 626 2266 647; x_wconf 89' lang='lat' dir='ltr'>ne</span> 
     </span>
     <span class='ocr_line' id='line_1_6' title="bbox 402 687 1226 735; baseline -0.004 -13"><span class='ocrx_word' id='word_1_54' title='bbox 402 690 519 734; x_wconf 85' lang='lat' dir='ltr'>aliqua</span> <span class='ocrx_word' id='word_1_55' title='bbox 540 690 742 735; x_wconf 73' lang='lat' dir='ltr'>ignorantia</span> <span class='ocrx_word' id='word_1_56' title='bbox 765 701 804 722; x_wconf 86' lang='lat' dir='ltr'>se</span> <span class='ocrx_word' id='word_1_57' title='bbox 825 688 940 721; x_wconf 86' lang='lat' dir='ltr'>valeat</span> <span class='ocrx_word' id='word_1_58' title='bbox 961 687 1226 720; x_wconf 82' lang='lat' dir='ltr'>excusare....⁸.</span> 
     </span>
    </p>

    <p class='ocr_par' dir='ltr' id='par_1_3' title="bbox 400 749 2268 1665">
     <span class='ocr_line' id='line_1_7' title="bbox 494 749 2267 800; baseline -0.005 -12"><span class='ocrx_word' id='word_1_59' title='bbox 494 757 628 789; x_wconf 85' lang='lat' dir='ltr'>XXXI.</span> <span class='ocrx_word' id='word_1_60' title='bbox 654 757 696 788; x_wconf 88' lang='lat' dir='ltr'>Et</span> <span class='ocrx_word' id='word_1_61' title='bbox 716 755 937 800; x_wconf 82' lang='lat' dir='ltr'>generaliter·</span> <span class='ocrx_word' id='word_1_62' title='bbox 958 754 1077 786; x_wconf 91' lang='lat' dir='ltr'>omnia</span> <span class='ocrx_word' id='word_1_63' title='bbox 1102 753 1169 786; x_wconf 88' lang='lat' dir='ltr'>alia</span> <span class='ocrx_word' id='word_1_64' title='bbox 1191 760 1225 786; x_wconf 83' lang='lat' dir='ltr'>et</span> <span class='ocrx_word' id='word_1_65' title='bbox 1246 752 1390 798; x_wconf 86' lang='lat' dir='ltr'>singula</span> <span class='ocrx_word' id='word_1_66' title='bbox 1412 753 1603 786; x_wconf 80' lang='lat' dir='ltr'>statuimus</span> <span class='ocrx_word' id='word_1_67' title='bbox 1627 759 1662 785; x_wconf 88' lang='lat' dir='ltr'>et</span> <span class='ocrx_word' id='word_1_68' title='bbox 1687 752 1911 784; x_wconf 80' lang='lat' dir='ltr'>ordinamus.</span> <span class='ocrx_word' id='word_1_69' title='bbox 1934 749 2040 792; x_wconf 87' lang='lat' dir='ltr'>Quod</span> <span class='ocrx_word' id='word_1_70' title='bbox 2061 749 2092 782; x_wconf 90' lang='lat' dir='ltr'>si</span> <span class='ocrx_word' id='word_1_71' title='bbox 2117 749 2153 781; x_wconf 90' lang='lat' dir='ltr'>in</span> <span class='ocrx_word' id='word_1_72' title='bbox 2182 759 2267 780; x_wconf 94' lang='lat' dir='ltr'>con-</span> 
     </span>
     <span class='ocr_line' id='line_1_8' title="bbox 402 816 2268 867; baseline -0.004 -12"><span class='ocrx_word' id='word_1_73' title='bbox 402 823 550 856; x_wconf 87' lang='lat' dir='ltr'>trarium</span> <span class='ocrx_word' id='word_1_74' title='bbox 572 822 726 867; x_wconf 83' lang='lat' dir='ltr'>predicti</span> <span class='ocrx_word' id='word_1_75' title='bbox 747 821 907 855; x_wconf 86' lang='lat' dir='ltr'>scolares</span> <span class='ocrx_word' id='word_1_76' title='bbox 928 821 1093 861; x_wconf 85' lang='lat' dir='ltr'>fecerint,</span> <span class='ocrx_word' id='word_1_77' title='bbox 1115 819 1284 853; x_wconf 90' lang='lat' dir='ltr'>volumus</span> <span class='ocrx_word' id='word_1_78' title='bbox 1306 819 1404 864; x_wconf 90' lang='lat' dir='ltr'>quod</span> <span class='ocrx_word' id='word_1_79' title='bbox 1424 831 1489 864; x_wconf 89' lang='lat' dir='ltr'>per</span> <span class='ocrx_word' id='word_1_80' title='bbox 1510 819 1645 852; x_wconf 89' lang='lat' dir='ltr'>dictum</span> <span class='ocrx_word' id='word_1_81' title='bbox 1667 819 1880 863; x_wconf 79' lang='lat' dir='ltr'>magistrum</span> <span class='ocrx_word' id='word_1_82' title='bbox 1903 816 2111 862; x_wconf 74' lang='lat' dir='ltr'>puniantur,</span> <span class='ocrx_word' id='word_1_83' title='bbox 2137 826 2268 848; x_wconf 86' lang='lat' dir='ltr'>secun-</span> 
     </span>
     <span class='ocr_line' id='line_1_9' title="bbox 404 881 2266 934; baseline -0.004 -12"><span class='ocrx_word' id='word_1_84' title='bbox 404 889 487 922; x_wconf 89' lang='lat' dir='ltr'>dum</span> <span class='ocrx_word' id='word_1_85' title='bbox 508 889 604 934; x_wconf 89' lang='lat' dir='ltr'>quod</span> <span class='ocrx_word' id='word_1_86' title='bbox 622 888 692 921; x_wconf 89' lang='lat' dir='ltr'>sibi</span> <span class='ocrx_word' id='word_1_87' title='bbox 712 888 895 921; x_wconf 84' lang='lat' dir='ltr'>videbitur</span> <span class='ocrx_word' id='word_1_88' title='bbox 916 887 1101 931; x_wconf 84' lang='lat' dir='ltr'>expedire.</span> <span class='ocrx_word' id='word_1_89' title='bbox 1124 888 1254 919; x_wconf 86' lang='lat' dir='ltr'>Nostre</span> <span class='ocrx_word' id='word_1_90' title='bbox 1278 893 1396 918; x_wconf 87' lang='lat' dir='ltr'>tamen</span> <span class='ocrx_word' id='word_1_91' title='bbox 1419 886 1634 918; x_wconf 89' lang='lat' dir='ltr'>intentionis</span> <span class='ocrx_word' id='word_1_92' title='bbox 1656 897 1729 917; x_wconf 91' lang='lat' dir='ltr'>non</span> <span class='ocrx_word' id='word_1_93' title='bbox 1751 884 1886 925; x_wconf 82' lang='lat' dir='ltr'>existit,</span> <span class='ocrx_word' id='word_1_94' title='bbox 1908 883 2005 928; x_wconf 89' lang='lat' dir='ltr'>quod</span> <span class='ocrx_word' id='word_1_95' title='bbox 2027 889 2197 915; x_wconf 88' lang='lat' dir='ltr'>statutum</span> <span class='ocrx_word' id='word_1_96' title='bbox 2222 881 2266 914; x_wconf 88' lang='lat' dir='ltr'>de</span> 
     </span>
     <span class='ocr_line' id='line_1_10' title="bbox 403 949 2268 998; baseline -0.004 -10"><span class='ocrx_word' id='word_1_97' title='bbox 403 955 631 988; x_wconf 84' lang='lat' dir='ltr'>restrictione</span> <span class='ocrx_word' id='word_1_98' title='bbox 654 955 794 987; x_wconf 88' lang='lat' dir='ltr'>numeri</span> <span class='ocrx_word' id='word_1_99' title='bbox 822 954 1066 998; x_wconf 87' lang='lat' dir='ltr'>predictorum</span> <span class='ocrx_word' id='word_1_100' title='bbox 1097 953 1305 993; x_wconf 84' lang='lat' dir='ltr'>scolarium,</span> <span class='ocrx_word' id='word_1_101' title='bbox 1326 964 1392 984; x_wconf 89' lang='lat' dir='ltr'>nec</span> <span class='ocrx_word' id='word_1_102' title='bbox 1414 952 1517 985; x_wconf 88' lang='lat' dir='ltr'>etiam</span> <span class='ocrx_word' id='word_1_103' title='bbox 1546 952 1590 984; x_wconf 90' lang='lat' dir='ltr'>de</span> <span class='ocrx_word' id='word_1_104' title='bbox 1619 951 1801 996; x_wconf 87' lang='lat' dir='ltr'>positione</span> <span class='ocrx_word' id='word_1_105' title='bbox 1826 949 2049 986; x_wconf 82' lang='lat' dir='ltr'>victualium,</span> <span class='ocrx_word' id='word_1_106' title='bbox 2080 949 2117 981; x_wconf 91' lang='lat' dir='ltr'>in</span> <span class='ocrx_word' id='word_1_107' title='bbox 2143 960 2268 993; x_wconf 88' lang='lat' dir='ltr'>perpe-</span> 
     </span>
     <span class='ocr_line' id='line_1_11' title="bbox 403 1014 2266 1064; baseline -0.004 -10"><span class='ocrx_word' id='word_1_108' title='bbox 403 1030 500 1055; x_wconf 90' lang='lat' dir='ltr'>tuum</span> <span class='ocrx_word' id='word_1_109' title='bbox 523 1021 753 1060; x_wconf 68' lang='lat' dir='ltr'>observetur,</span> <span class='ocrx_word' id='word_1_110' title='bbox 782 1021 846 1053; x_wconf 88' lang='lat' dir='ltr'>sed</span> <span class='ocrx_word' id='word_1_111' title='bbox 868 1020 971 1053; x_wconf 87' lang='lat' dir='ltr'>factis</span> <span class='ocrx_word' id='word_1_112' title='bbox 994 1019 1284 1064; x_wconf 82' lang='lat' dir='ltr'>reparationibus</span> <span class='ocrx_word' id='word_1_113' title='bbox 1305 1018 1524 1051; x_wconf 85' lang='lat' dir='ltr'>necessariis</span> <span class='ocrx_word' id='word_1_114' title='bbox 1546 1018 1582 1050; x_wconf 88' lang='lat' dir='ltr'>in</span> <span class='ocrx_word' id='word_1_115' title='bbox 1604 1018 1702 1050; x_wconf 87' lang='lat' dir='ltr'>dicto</span> <span class='ocrx_word' id='word_1_116' title='bbox 1725 1017 1896 1061; x_wconf 78' lang='lat' dir='ltr'>collegio,</span> <span class='ocrx_word' id='word_1_117' title='bbox 1920 1016 2051 1049; x_wconf 86' lang='lat' dir='ltr'>solutis</span> <span class='ocrx_word' id='word_1_118' title='bbox 2073 1014 2207 1048; x_wconf 87' lang='lat' dir='ltr'>debitis</span> <span class='ocrx_word' id='word_1_119' title='bbox 2227 1027 2266 1047; x_wconf 88' lang='lat' dir='ltr'>ac</span> 
     </span>
     <span class='ocr_line' id='line_1_12' title="bbox 401 1081 2266 1133; baseline -0.004 -12"><span class='ocrx_word' id='word_1_120' title='bbox 401 1088 623 1133; x_wconf 87' lang='lat' dir='ltr'>supportatis</span> <span class='ocrx_word' id='word_1_121' title='bbox 645 1087 818 1120; x_wconf 87' lang='lat' dir='ltr'>oneribus</span> <span class='ocrx_word' id='word_1_122' title='bbox 844 1087 887 1119; x_wconf 90' lang='lat' dir='ltr'>de</span> <span class='ocrx_word' id='word_1_123' title='bbox 911 1086 1072 1131; x_wconf 83' lang='lat' dir='ltr'>presenti</span> <span class='ocrx_word' id='word_1_124' title='bbox 1098 1085 1408 1126; x_wconf 80' lang='lat' dir='ltr'>incumbentibus,</span> <span class='ocrx_word' id='word_1_125' title='bbox 1438 1085 1633 1118; x_wconf 85' lang='lat' dir='ltr'>reducatur</span> <span class='ocrx_word' id='word_1_126' title='bbox 1661 1084 1706 1117; x_wconf 90' lang='lat' dir='ltr'>ad</span> <span class='ocrx_word' id='word_1_127' title='bbox 1733 1090 1862 1116; x_wconf 89' lang='lat' dir='ltr'>statum</span> <span class='ocrx_word' id='word_1_128' title='bbox 1895 1083 2087 1128; x_wconf 88' lang='lat' dir='ltr'>pristinum</span> <span class='ocrx_word' id='word_1_129' title='bbox 2114 1088 2149 1114; x_wconf 88' lang='lat' dir='ltr'>et</span> <span class='ocrx_word' id='word_1_130' title='bbox 2175 1081 2266 1114; x_wconf 85' lang='lat' dir='ltr'>anti-</span> 
     </span>
     <span class='ocr_line' id='line_1_13' title="bbox 401 1147 2266 1199; baseline -0.004 -12"><span class='ocrx_word' id='word_1_131' title='bbox 401 1167 522 1199; x_wconf 89' lang='lat' dir='ltr'>quum.</span> <span class='ocrx_word' id='word_1_132' title='bbox 543 1156 586 1187; x_wconf 87' lang='lat' dir='ltr'>Et</span> <span class='ocrx_word' id='word_1_133' title='bbox 605 1154 648 1186; x_wconf 88' lang='lat' dir='ltr'>ad</span> <span class='ocrx_word' id='word_1_134' title='bbox 668 1155 839 1198; x_wconf 88' lang='lat' dir='ltr'>majorem</span> <span class='ocrx_word' id='word_1_135' title='bbox 858 1153 1133 1198; x_wconf 87' lang='lat' dir='ltr'>plenioremque</span> <span class='ocrx_word' id='word_1_136' title='bbox 1151 1152 1395 1193; x_wconf 72' lang='lat' dir='ltr'>securitatem,</span> <span class='ocrx_word' id='word_1_137' title='bbox 1417 1151 1587 1184; x_wconf 90' lang='lat' dir='ltr'>volumus</span> <span class='ocrx_word' id='word_1_138' title='bbox 1608 1157 1643 1183; x_wconf 88' lang='lat' dir='ltr'>et</span> <span class='ocrx_word' id='word_1_139' title='bbox 1664 1150 1875 1183; x_wconf 82' lang='lat' dir='ltr'>ordinamus</span> <span class='ocrx_word' id='word_1_140' title='bbox 1894 1149 2112 1182; x_wconf 89' lang='lat' dir='ltr'>unanimiter</span> <span class='ocrx_word' id='word_1_141' title='bbox 2132 1147 2266 1193; x_wconf 87' lang='lat' dir='ltr'>sigillis</span> 
     </span>
     <span class='ocr_line' id='line_1_14' title="bbox 401 1214 2266 1265; baseline -0.003 -12"><span class='ocrx_word' id='word_1_142' title='bbox 401 1221 535 1254; x_wconf 89' lang='lat' dir='ltr'>nostris</span> <span class='ocrx_word' id='word_1_143' title='bbox 572 1221 730 1265; x_wconf 86' lang='lat' dir='ltr'>propriis</span> <span class='ocrx_word' id='word_1_144' title='bbox 767 1232 836 1252; x_wconf 87' lang='lat' dir='ltr'>una</span> <span class='ocrx_word' id='word_1_145' title='bbox 874 1232 952 1252; x_wconf 90' lang='lat' dir='ltr'>cum</span> <span class='ocrx_word' id='word_1_146' title='bbox 994 1220 1100 1265; x_wconf 85' lang='lat' dir='ltr'>signo</span> <span class='ocrx_word' id='word_1_147' title='bbox 1133 1226 1167 1252; x_wconf 87' lang='lat' dir='ltr'>et</span> <span class='ocrx_word' id='word_1_148' title='bbox 1197 1219 1468 1263; x_wconf 85' lang='lat' dir='ltr'>subscriptione</span> <span class='ocrx_word' id='word_1_149' title='bbox 1493 1217 1670 1251; x_wconf 86' lang='lat' dir='ltr'>Johannis</span> <span class='ocrx_word' id='word_1_150' title='bbox 1698 1216 1891 1257; x_wconf 87' lang='lat' dir='ltr'>Coustelli,</span> <span class='ocrx_word' id='word_1_151' title='bbox 1922 1216 2046 1248; x_wconf 88' lang='lat' dir='ltr'>clerici</span> <span class='ocrx_word' id='word_1_152' title='bbox 2075 1214 2266 1248; x_wconf 88' lang='lat' dir='ltr'>Remensis</span> 
     </span>
     <span class='ocr_line' id='line_1_15' title="bbox 401 1283 2266 1332; baseline -0.003 -12"><span class='ocrx_word' id='word_1_153' title='bbox 401 1288 570 1328; x_wconf 87' lang='lat' dir='ltr'>diocesis,</span> <span class='ocrx_word' id='word_1_154' title='bbox 594 1287 729 1332; x_wconf 91' lang='lat' dir='ltr'>publici</span> <span class='ocrx_word' id='word_1_155' title='bbox 751 1286 948 1331; x_wconf 86' lang='lat' dir='ltr'>apostolica</span> <span class='ocrx_word' id='word_1_156' title='bbox 971 1293 1005 1319; x_wconf 90' lang='lat' dir='ltr'>et</span> <span class='ocrx_word' id='word_1_157' title='bbox 1025 1286 1203 1331; x_wconf 88' lang='lat' dir='ltr'>imperiali</span> <span class='ocrx_word' id='word_1_158' title='bbox 1220 1286 1432 1318; x_wconf 86' lang='lat' dir='ltr'>auctoritate</span> <span class='ocrx_word' id='word_1_159' title='bbox 1450 1285 1594 1325; x_wconf 86' lang='lat' dir='ltr'>notarii,</span> <span class='ocrx_word' id='word_1_160' title='bbox 1613 1295 1766 1329; x_wconf 88' lang='lat' dir='ltr'>presens</span> <span class='ocrx_word' id='word_1_161' title='bbox 1783 1283 1968 1329; x_wconf 88' lang='lat' dir='ltr'>publicum</span> <span class='ocrx_word' id='word_1_162' title='bbox 1986 1283 2266 1315; x_wconf 88' lang='lat' dir='ltr'>instrumentum</span> 
     </span>
     <span class='ocr_line' id='line_1_16' title="bbox 401 1348 2268 1398; baseline -0.003 -11"><span class='ocrx_word' id='word_1_163' title='bbox 401 1367 465 1387; x_wconf 89' lang='lat' dir='ltr'>seu</span> <span class='ocrx_word' id='word_1_164' title='bbox 489 1355 627 1387; x_wconf 88' lang='lat' dir='ltr'>litteras</span> <span class='ocrx_word' id='word_1_165' title='bbox 658 1354 873 1386; x_wconf 90' lang='lat' dir='ltr'>communiri</span> <span class='ocrx_word' id='word_1_166' title='bbox 898 1360 932 1386; x_wconf 87' lang='lat' dir='ltr'>et</span> <span class='ocrx_word' id='word_1_167' title='bbox 959 1353 1012 1386; x_wconf 89' lang='lat' dir='ltr'>eis</span> <span class='ocrx_word' id='word_1_168' title='bbox 1035 1353 1206 1398; x_wconf 90' lang='lat' dir='ltr'>appendi,</span> <span class='ocrx_word' id='word_1_169' title='bbox 1231 1365 1311 1391; x_wconf 85' lang='lat' dir='ltr'>cum</span> <span class='ocrx_word' id='word_1_170' title='bbox 1338 1352 1618 1397; x_wconf 88' lang='lat' dir='ltr'>interpositione</span> <span class='ocrx_word' id='word_1_171' title='bbox 1642 1350 1867 1384; x_wconf 84' lang='lat' dir='ltr'>auctoritatis</span> <span class='ocrx_word' id='word_1_172' title='bbox 1894 1354 1951 1390; x_wconf 87' lang='lat' dir='ltr'>[et]</span> <span class='ocrx_word' id='word_1_173' title='bbox 1980 1349 2116 1382; x_wconf 84' lang='lat' dir='ltr'>decreti</span> <span class='ocrx_word' id='word_1_174' title='bbox 2139 1348 2268 1394; x_wconf 87' lang='lat' dir='ltr'>prefati</span> 
     </span>
     <span class='ocr_line' id='line_1_17' title="bbox 402 1415 2268 1464; baseline -0.003 -11"><span class='ocrx_word' id='word_1_175' title='bbox 402 1421 537 1453; x_wconf 90' lang='lat' dir='ltr'>domini</span> <span class='ocrx_word' id='word_1_176' title='bbox 568 1420 719 1460; x_wconf 85' lang='lat' dir='ltr'>abbatis,</span> <span class='ocrx_word' id='word_1_177' title='bbox 761 1420 797 1452; x_wconf 90' lang='lat' dir='ltr'>in</span> <span class='ocrx_word' id='word_1_178' title='bbox 833 1420 1079 1452; x_wconf 86' lang='lat' dir='ltr'>testimonium</span> <span class='ocrx_word' id='word_1_179' title='bbox 1114 1420 1276 1453; x_wconf 85' lang='lat' dir='ltr'>veritatis</span> <span class='ocrx_word' id='word_1_180' title='bbox 1306 1419 1581 1464; x_wconf 86' lang='lat' dir='ltr'>premissorum.</span> <span class='ocrx_word' id='word_1_181' title='bbox 1611 1419 1699 1451; x_wconf 86' lang='lat' dir='ltr'>Acta</span> <span class='ocrx_word' id='word_1_182' title='bbox 1732 1418 1880 1450; x_wconf 83' lang='lat' dir='ltr'>fuerunt</span> <span class='ocrx_word' id='word_1_183' title='bbox 1908 1417 1975 1449; x_wconf 88' lang='lat' dir='ltr'>hec</span> <span class='ocrx_word' id='word_1_184' title='bbox 2005 1416 2042 1448; x_wconf 91' lang='lat' dir='ltr'>in</span> <span class='ocrx_word' id='word_1_185' title='bbox 2072 1416 2151 1449; x_wconf 88' lang='lat' dir='ltr'>aula</span> <span class='ocrx_word' id='word_1_186' title='bbox 2181 1415 2268 1448; x_wconf 88' lang='lat' dir='ltr'>dicti</span> 
     </span>
     <span class='ocr_line' id='line_1_18' title="bbox 400 1481 2268 1532; baseline -0.003 -12"><span class='ocrx_word' id='word_1_187' title='bbox 400 1488 580 1532; x_wconf 84' lang='lat' dir='ltr'>prioratus</span> <span class='ocrx_word' id='word_1_188' title='bbox 603 1488 641 1519; x_wconf 90' lang='grc' dir='ltr'>Β.</span> <span class='ocrx_word' id='word_1_189' title='bbox 665 1487 775 1519; x_wconf 85' lang='lat' dir='ltr'>Marie</span> <span class='ocrx_word' id='word_1_190' title='bbox 804 1486 847 1519; x_wconf 68' lang='lat' dir='ltr'>de</span> <span class='ocrx_word' id='word_1_191' title='bbox 877 1486 1035 1531; x_wconf 88' lang='lat' dir='ltr'>Campis,</span> <span class='ocrx_word' id='word_1_192' title='bbox 1064 1498 1157 1519; x_wconf 87' lang='lat' dir='ltr'>anno</span> <span class='ocrx_word' id='word_1_193' title='bbox 1186 1485 1331 1518; x_wconf 91' lang='lat' dir='ltr'>Domini</span> <span class='ocrx_word' id='word_1_194' title='bbox 1353 1487 1387 1517; x_wconf 92' lang='lat' dir='ltr'>M</span> <span class='ocrx_word' id='word_1_195' title='bbox 1403 1485 1493 1518; x_wconf 89' lang='lat' dir='ltr'>CCC</span> <span class='ocrx_word' id='word_1_196' title='bbox 1507 1485 1582 1525; x_wconf 84' lang='lat' dir='ltr'>XC,</span> <span class='ocrx_word' id='word_1_197' title='bbox 1611 1484 1811 1516; x_wconf 88' lang='lat' dir='ltr'>indictione</span> <span class='ocrx_word' id='word_1_198' title='bbox 1836 1483 1908 1523; x_wconf 88' lang='lat' dir='ltr'>xiv,</span> <span class='ocrx_word' id='word_1_199' title='bbox 1931 1482 2069 1515; x_wconf 86' lang='lat' dir='ltr'>mensis</span> <span class='ocrx_word' id='word_1_200' title='bbox 2097 1481 2268 1516; x_wconf 88' lang='lat' dir='ltr'>Octobris</span> 
     </span>
     <span class='ocr_line' id='line_1_19' title="bbox 400 1548 2267 1599; baseline -0.003 -12"><span class='ocrx_word' id='word_1_201' title='bbox 400 1554 458 1587; x_wconf 86' lang='lat' dir='ltr'>die</span> <span class='ocrx_word' id='word_1_202' title='bbox 479 1554 687 1599; x_wconf 88' lang='lat' dir='ltr'>penultima,</span> <span class='ocrx_word' id='word_1_203' title='bbox 708 1553 938 1598; x_wconf 83' lang='lat' dir='ltr'>pontificatus</span> <span class='ocrx_word' id='word_1_204' title='bbox 955 1553 1176 1586; x_wconf 85' lang='lat' dir='ltr'>sanctissimi</span> <span class='ocrx_word' id='word_1_205' title='bbox 1197 1553 1233 1584; x_wconf 92' lang='lat' dir='ltr'>in</span> <span class='ocrx_word' id='word_1_206' title='bbox 1254 1552 1401 1586; x_wconf 87' lang='lat' dir='ltr'>Christo</span> <span class='ocrx_word' id='word_1_207' title='bbox 1422 1551 1533 1596; x_wconf 90' lang='lat' dir='ltr'>patris</span> <span class='ocrx_word' id='word_1_208' title='bbox 1555 1563 1594 1584; x_wconf 93' lang='lat' dir='ltr'>ac</span> <span class='ocrx_word' id='word_1_209' title='bbox 1616 1551 1753 1583; x_wconf 91' lang='lat' dir='ltr'>domini</span> <span class='ocrx_word' id='word_1_210' title='bbox 1774 1550 1890 1583; x_wconf 88' lang='lat' dir='ltr'>nostri</span> <span class='ocrx_word' id='word_1_211' title='bbox 1912 1549 2050 1582; x_wconf 90' lang='lat' dir='ltr'>domini</span> <span class='ocrx_word' id='word_1_212' title='bbox 2067 1548 2267 1582; x_wconf 88' lang='lat' dir='ltr'>Clementis</span> 
     </span>
     <span class='ocr_line' id='line_1_20' title="bbox 402 1618 1521 1665; baseline -0.002 -13"><span class='ocrx_word' id='word_1_213' title='bbox 402 1621 521 1653; x_wconf 89' lang='lat' dir='ltr'>divina</span> <span class='ocrx_word' id='word_1_214' title='bbox 544 1620 768 1665; x_wconf 87' lang='lat' dir='ltr'>providentia</span> <span class='ocrx_word' id='word_1_215' title='bbox 791 1631 880 1664; x_wconf 84' lang='lat' dir='ltr'>pape</span> <span class='ocrx_word' id='word_1_216' title='bbox 897 1621 962 1652; x_wconf 94' lang='lat' dir='ltr'>VII</span> <span class='ocrx_word' id='word_1_217' title='bbox 984 1631 1078 1652; x_wconf 88' lang='lat' dir='ltr'>anno</span> <span class='ocrx_word' id='word_1_218' title='bbox 1099 1619 1160 1663; x_wconf 87' lang='lat' dir='ltr'>xij,</span> <span class='ocrx_word' id='word_1_219' title='bbox 1184 1618 1431 1664; x_wconf 69' lang='lat' dir='ltr'>presentibus,</span> <span class='ocrx_word' id='word_1_220' title='bbox 1454 1624 1521 1650; x_wconf 90' lang='lat' dir='ltr'>etc.</span> 
     </span>
    </p>

    <p class='ocr_par' dir='ltr' id='par_1_4' title="bbox 405 1681 2269 1793">
     <span class='ocr_line' id='line_1_21' title="bbox 491 1681 2269 1731; baseline -0.003 -12"><span class='ocrx_word' id='word_1_221' title='bbox 491 1688 534 1719; x_wconf 84' lang='lat' dir='ltr'>Et</span> <span class='ocrx_word' id='word_1_222' title='bbox 554 1699 621 1731; x_wconf 84' lang='lat' dir='ltr'>ego</span> <span class='ocrx_word' id='word_1_223' title='bbox 642 1686 825 1719; x_wconf 81' lang='lat' dir='ltr'>Johannes</span> <span class='ocrx_word' id='word_1_224' title='bbox 851 1685 1042 1725; x_wconf 86' lang='lat' dir='ltr'>Coustelli,</span> <span class='ocrx_word' id='word_1_225' title='bbox 1068 1685 1224 1720; x_wconf 88' lang='lat' dir='ltr'>clericus</span> <span class='ocrx_word' id='word_1_226' title='bbox 1247 1685 1451 1723; x_wconf 73' lang='lat' dir='ltr'>Remensis,</span> <span class='ocrx_word' id='word_1_227' title='bbox 1475 1684 1644 1729; x_wconf 87' lang='lat' dir='ltr'>publicus</span> <span class='ocrx_word' id='word_1_228' title='bbox 1668 1683 1866 1728; x_wconf 87' lang='lat' dir='ltr'>apostolica</span> <span class='ocrx_word' id='word_1_229' title='bbox 1888 1689 1922 1715; x_wconf 87' lang='lat' dir='ltr'>et</span> <span class='ocrx_word' id='word_1_230' title='bbox 1947 1681 2125 1727; x_wconf 88' lang='lat' dir='ltr'>imperiali</span> <span class='ocrx_word' id='word_1_231' title='bbox 2147 1688 2269 1714; x_wconf 87' lang='lat' dir='ltr'>aucto-</span> 
     </span>
     <span class='ocr_line' id='line_1_22' title="bbox 405 1755 788 1793; baseline -0.005 -6"><span class='ocrx_word' id='word_1_232' title='bbox 405 1757 506 1787; x_wconf 83' lang='lat' dir='ltr'>ritate</span> <span class='ocrx_word' id='word_1_233' title='bbox 527 1755 702 1793; x_wconf 77' lang='lat' dir='ltr'>notarius,</span> <span class='ocrx_word' id='word_1_234' title='bbox 725 1758 788 1786; x_wconf 90' lang='lat' dir='ltr'>etc.</span> 
     </span>
    </p>

    <p class='ocr_par' dir='ltr' id='par_1_5' title="bbox 401 1846 2270 1926">
     <span class='ocr_line' id='line_1_23' title="bbox 495 1846 2270 1881; baseline -0.003 -7"><span class='ocrx_word' id='word_1_235' title='bbox 495 1851 618 1879; x_wconf 77' lang='lat' dir='ltr'>Fe&#39;tibien,</span> <span class='ocrx_word' id='word_1_236' title='bbox 636 1851 708 1875; x_wconf 76' lang='lat' dir='ltr'>Hist.</span> <span class='ocrx_word' id='word_1_237' title='bbox 727 1852 758 1874; x_wconf 82' lang='lat' dir='ltr'>de</span> <span class='ocrx_word' id='word_1_238' title='bbox 773 1851 802 1874; x_wconf 85' lang='lat' dir='ltr'>la</span> <span class='ocrx_word' id='word_1_239' title='bbox 821 1850 885 1874; x_wconf 76' lang='lat' dir='ltr'>ville</span> <span class='ocrx_word' id='word_1_240' title='bbox 903 1851 934 1874; x_wconf 80' lang='lat' dir='ltr'>de</span> <span class='ocrx_word' id='word_1_241' title='bbox 953 1850 1047 1879; x_wconf 79' lang='lat' dir='ltr'>Paris,</span> <span class='ocrx_word' id='word_1_242' title='bbox 1064 1850 1109 1877; x_wconf 82' lang='lat'>111,</span> <span class='ocrx_word' id='word_1_243' title='bbox 1127 1858 1154 1881; x_wconf 88' lang='lat' dir='ltr'>p.</span> <span class='ocrx_word' id='word_1_244' title='bbox 1171 1851 1284 1873; x_wconf 83' lang='lat'>395-398.</span> <span class='ocrx_word' id='word_1_245' title='bbox 1298 1863 1329 1866; x_wconf 97' lang='lat'><strong>—</strong></span> <span class='ocrx_word' id='word_1_246' title='bbox 1345 1849 1441 1872; x_wconf 84' lang='lat' dir='ltr'>Eodem</span> <span class='ocrx_word' id='word_1_247' title='bbox 1457 1857 1510 1875; x_wconf 80' lang='lat' dir='ltr'>an..</span> <span class='ocrx_word' id='word_1_248' title='bbox 1526 1849 1653 1872; x_wconf 85' lang='lat' dir='ltr'>Novemb.</span> <span class='ocrx_word' id='word_1_249' title='bbox 1668 1849 1690 1877; x_wconf 76' lang='lat'>2,</span> <span class='ocrx_word' id='word_1_250' title='bbox 1707 1848 1778 1871; x_wconf 82' lang='lat' dir='ltr'>Elias</span> <span class='ocrx_word' id='word_1_251' title='bbox 1801 1847 1885 1871; x_wconf 78' lang='lat' dir='ltr'>abbas</span> <span class='ocrx_word' id='word_1_252' title='bbox 1907 1850 2006 1871; x_wconf 79' lang='lat' dir='ltr'>statuta</span> <span class='ocrx_word' id='word_1_253' title='bbox 2021 1846 2156 1878; x_wconf 81' lang='lat' dir='ltr'>praedicta</span> <span class='ocrx_word' id='word_1_254' title='bbox 2172 1846 2270 1869; x_wconf 76' lang='lat' dir='ltr'>confir-</span> 
     </span>
     <span class='ocr_line' id='line_1_24' title="bbox 401 1894 1557 1926; baseline -0.003 -7"><span class='ocrx_word' id='word_1_255' title='bbox 401 1896 490 1924; x_wconf 77' lang='lat' dir='ltr'>mavit,</span> <span class='ocrx_word' id='word_1_256' title='bbox 508 1896 706 1926; x_wconf 87' lang='lat' dir='ltr'>scholaremque</span> <span class='ocrx_word' id='word_1_257' title='bbox 722 1895 860 1926; x_wconf 85' lang='lat' dir='ltr'>quemdam</span> <span class='ocrx_word' id='word_1_258' title='bbox 876 1895 975 1917; x_wconf 83' lang='lat' dir='ltr'>amovit</span> <span class='ocrx_word' id='word_1_259' title='bbox 990 1903 1004 1917; x_wconf 88' lang='lat' dir='ltr'>a</span> <span class='ocrx_word' id='word_1_260' title='bbox 1018 1894 1086 1917; x_wconf 82' lang='lat' dir='ltr'>dicto</span> <span class='ocrx_word' id='word_1_261' title='bbox 1103 1894 1223 1925; x_wconf 85' lang='lat' dir='ltr'>collegio.</span> <span class='ocrx_word' id='word_1_262' title='bbox 1240 1894 1365 1922; x_wconf 67' lang='lat' dir='ltr'>Felihien‚</span> <span class='ocrx_word' id='word_1_263' title='bbox 1381 1894 1398 1917; x_wconf 89' lang='lat' dir='ltr'>l.</span> <span class='ocrx_word' id='word_1_264' title='bbox 1415 1902 1447 1923; x_wconf 87' lang='lat' dir='ltr'>c.,</span> <span class='ocrx_word' id='word_1_265' title='bbox 1459 1902 1487 1925; x_wconf 91' lang='lat' dir='ltr'>p.</span> <span class='ocrx_word' id='word_1_266' title='bbox 1503 1895 1557 1916; x_wconf 77' lang='lat'>398.</span> 
     </span>
    </p>

    <p class='ocr_par' dir='ltr' id='par_1_6' title="bbox 404 1935 2272 2104">
     <span class='ocr_line' id='line_1_25' title="bbox 497 1935 2270 1971; baseline -0.002 -9"><span class='ocrx_word' id='word_1_267' title='bbox 497 1941 532 1963; x_wconf 81' lang='lat' dir='ltr'>De</span> <span class='ocrx_word' id='word_1_268' title='bbox 548 1939 658 1971; x_wconf 85' lang='lat' dir='ltr'>collegio</span> <span class='ocrx_word' id='word_1_269' title='bbox 681 1939 795 1970; x_wconf 88' lang='lat' dir='ltr'>quodam</span> <span class='ocrx_word' id='word_1_270' title='bbox 816 1947 865 1970; x_wconf 85' lang='lat' dir='ltr'>pro</span> <span class='ocrx_word' id='word_1_271' title='bbox 887 1938 1019 1970; x_wconf 76' lang='lat' dir='ltr'>religiosis</span> <span class='ocrx_word' id='word_1_272' title='bbox 1041 1938 1148 1970; x_wconf 84' lang='lat' dir='ltr'>Majoris</span> <span class='ocrx_word' id='word_1_273' title='bbox 1172 1938 1324 1962; x_wconf 87' lang='lat' dir='ltr'>Monasterii</span> <span class='ocrx_word' id='word_1_274' title='bbox 1341 1938 1548 1967; x_wconf 75' lang='lat' dir='ltr'>(Marmoutier)</span> <span class='ocrx_word' id='word_1_275' title='bbox 1565 1937 1673 1961; x_wconf 78' lang='lat' dir='ltr'>Parisiis</span> <span class='ocrx_word' id='word_1_276' title='bbox 1690 1937 1824 1960; x_wconf 81' lang='lat' dir='ltr'>fundando</span> <span class='ocrx_word' id='word_1_277' title='bbox 1844 1937 1899 1968; x_wconf 80' lang='lat' dir='ltr'>jam</span> <span class='ocrx_word' id='word_1_278' title='bbox 1921 1945 1962 1961; x_wconf 89' lang='lat' dir='ltr'>an.</span> <span class='ocrx_word' id='word_1_279' title='bbox 1981 1937 2040 1959; x_wconf 84' lang='lat'>1295</span> <span class='ocrx_word' id='word_1_280' title='bbox 2056 1936 2185 1967; x_wconf 75' lang='lat' dir='ltr'>agebatur</span> <span class='ocrx_word' id='word_1_281' title='bbox 2208 1935 2270 1965; x_wconf 87' lang='lat' dir='ltr'>(vid.</span> 
     </span>
     <span class='ocr_line' id='line_1_26' title="bbox 405 1979 2272 2015; baseline -0.003 -8"><span class='ocrx_word' id='word_1_282' title='bbox 405 1984 539 2012; x_wconf 63' lang='lat' dir='ltr'>Chartul„</span> <span class='ocrx_word' id='word_1_283' title='bbox 557 1985 589 2013; x_wconf 92' lang='lat'>11,</span> <span class='ocrx_word' id='word_1_284' title='bbox 611 1988 639 2006; x_wconf 90' lang='lat' dir='ltr'>n⁰</span> <span class='ocrx_word' id='word_1_285' title='bbox 661 1984 724 2015; x_wconf 84' lang='lat'>587).</span> <span class='ocrx_word' id='word_1_286' title='bbox 748 1984 794 2006; x_wconf 84' lang='lat' dir='ltr'>Ast</span> <span class='ocrx_word' id='word_1_287' title='bbox 813 1991 855 2006; x_wconf 88' lang='lat' dir='ltr'>an.</span> <span class='ocrx_word' id='word_1_288' title='bbox 871 1983 932 2005; x_wconf 74' lang='grc'>’1328</span> <span class='ocrx_word' id='word_1_289' title='bbox 948 1983 1064 2005; x_wconf 81' lang='lat' dir='ltr'>nondum</span> <span class='ocrx_word' id='word_1_290' title='bbox 1086 1983 1263 2014; x_wconf 82' lang='lat' dir='ltr'>possederunt</span> <span class='ocrx_word' id='word_1_291' title='bbox 1280 1983 1386 2005; x_wconf 90' lang='lat' dir='ltr'>domum</span> <span class='ocrx_word' id='word_1_292' title='bbox 1402 1982 1573 2005; x_wconf 77' lang='lat' dir='ltr'>habitationis</span> <span class='ocrx_word' id='word_1_293' title='bbox 1592 1982 1730 2013; x_wconf 84' lang='lat' dir='ltr'>propriam</span> <span class='ocrx_word' id='word_1_294' title='bbox 1754 1984 1779 2004; x_wconf 79' lang='lat' dir='ltr'>et.</span> <span class='ocrx_word' id='word_1_295' title='bbox 1803 1989 1957 2012; x_wconf 79' lang='lat' dir='ltr'>congruam,</span> <span class='ocrx_word' id='word_1_296' title='bbox 1975 1980 2011 2003; x_wconf 89' lang='lat' dir='ltr'>ita</span> <span class='ocrx_word' id='word_1_297' title='bbox 2033 1983 2061 2002; x_wconf 88' lang='lat' dir='ltr'>ut</span> <span class='ocrx_word' id='word_1_298' title='bbox 2076 1979 2220 2004; x_wconf 69' lang='lat' dir='ltr'>Gauri-idus</span> <span class='ocrx_word' id='word_1_299' title='bbox 2240 1979 2272 2002; x_wconf 82' lang='lat' dir='ltr'>de</span> 
     </span>
     <span class='ocr_line' id='line_1_27' title="bbox 404 2023 2272 2059; baseline -0.002 -8"><span class='ocrx_word' id='word_1_300' title='bbox 404 2029 518 2052; x_wconf 81' lang='lat' dir='ltr'>Plesscio</span> <span class='ocrx_word' id='word_1_301' title='bbox 534 2029 624 2051; x_wconf 88' lang='lat' dir='ltr'>eodem</span> <span class='ocrx_word' id='word_1_302' title='bbox 641 2037 708 2051; x_wconf 85' lang='lat' dir='ltr'>anno</span> <span class='ocrx_word' id='word_1_303' title='bbox 726 2028 824 2051; x_wconf 84' lang='lat' dir='ltr'>eisdem</span> <span class='ocrx_word' id='word_1_304' title='bbox 840 2031 952 2059; x_wconf 84' lang='lat' dir='ltr'>quatuor</span> <span class='ocrx_word' id='word_1_305' title='bbox 968 2028 1059 2050; x_wconf 78' lang='lat' dir='ltr'>domos</span> <span class='ocrx_word' id='word_1_306' title='bbox 1080 2028 1106 2050; x_wconf 90' lang='lat' dir='ltr'>in</span> <span class='ocrx_word' id='word_1_307' title='bbox 1127 2027 1221 2059; x_wconf 79' lang='lat' dir='ltr'>majori</span> <span class='ocrx_word' id='word_1_308' title='bbox 1240 2027 1297 2050; x_wconf 80' lang='lat' dir='ltr'>vico</span> <span class='ocrx_word' id='word_1_309' title='bbox 1315 2028 1340 2050; x_wconf 88' lang='lat' dir='ltr'>S.</span> <span class='ocrx_word' id='word_1_310' title='bbox 1359 2027 1452 2050; x_wconf 83' lang='lat' dir='ltr'>Jacobi</span> <span class='ocrx_word' id='word_1_311' title='bbox 1473 2026 1611 2049; x_wconf 68' lang='lat' dir='ltr'>donaverit</span> <span class='ocrx_word' id='word_1_312' title='bbox 1632 2026 1695 2055; x_wconf 85' lang='lat' dir='ltr'>(vid.</span> <span class='ocrx_word' id='word_1_313' title='bbox 1712 2026 1769 2049; x_wconf 87' lang='lat' dir='ltr'>doc.</span> <span class='ocrx_word' id='word_1_314' title='bbox 1786 2026 1857 2057; x_wconf 82' lang='lat' dir='ltr'>apud</span> <span class='ocrx_word' id='word_1_315' title='bbox 1876 2025 2004 2054; x_wconf 67' lang='lat' dir='ltr'>Ffflibien,</span> <span class='ocrx_word' id='word_1_316' title='bbox 2019 2025 2036 2048; x_wconf 85' lang='lat' dir='ltr'>l.</span> <span class='ocrx_word' id='word_1_317' title='bbox 2053 2033 2084 2053; x_wconf 80' lang='lat' dir='ltr'>c.‚</span> <span class='ocrx_word' id='word_1_318' title='bbox 2101 2033 2128 2056; x_wconf 88' lang='lat' dir='ltr'>p.</span> <span class='ocrx_word' id='word_1_319' title='bbox 2145 2024 2209 2054; x_wconf 83' lang='lat'>391),</span> <span class='ocrx_word' id='word_1_320' title='bbox 2226 2023 2272 2046; x_wconf 84' lang='lat' dir='ltr'>ubi</span> 
     </span>
     <span class='ocr_line' id='line_1_28' title="bbox 405 2068 2272 2104; baseline -0.002 -9"><span class='ocrx_word' id='word_1_321' title='bbox 405 2073 554 2104; x_wconf 79' lang='lat' dir='ltr'>collegium,</span> <span class='ocrx_word' id='word_1_322' title='bbox 573 2073 603 2095; x_wconf 86' lang='lat' dir='ltr'>de</span> <span class='ocrx_word' id='word_1_323' title='bbox 623 2081 673 2103; x_wconf 89' lang='lat' dir='ltr'>quo</span> <span class='ocrx_word' id='word_1_324' title='bbox 694 2080 775 2103; x_wconf 85' lang='lat' dir='ltr'>supra</span> <span class='ocrx_word' id='word_1_325' title='bbox 795 2072 824 2095; x_wconf 82' lang='lat' dir='ltr'>fit</span> <span class='ocrx_word' id='word_1_326' title='bbox 844 2080 939 2099; x_wconf 83' lang='lat' dir='ltr'>sermo,</span> <span class='ocrx_word' id='word_1_327' title='bbox 960 2072 1110 2095; x_wconf 85' lang='lat' dir='ltr'>institutum</span> <span class='ocrx_word' id='word_1_328' title='bbox 1133 2075 1180 2095; x_wconf 83' lang='lat' dir='ltr'>est.</span> <span class='ocrx_word' id='word_1_329' title='bbox 1197 2072 1236 2095; x_wconf 81' lang='lat' dir='ltr'>Ab</span> <span class='ocrx_word' id='word_1_330' title='bbox 1256 2072 1304 2094; x_wconf 88' lang='lat' dir='ltr'>hoc</span> <span class='ocrx_word' id='word_1_331' title='bbox 1326 2071 1438 2102; x_wconf 84' lang='lat' dir='ltr'>collegio</span> <span class='ocrx_word' id='word_1_332' title='bbox 1454 2071 1604 2102; x_wconf 80' lang='lat' dir='ltr'>distinguas</span> <span class='ocrx_word' id='word_1_333' title='bbox 1620 2070 1767 2101; x_wconf 85' lang='lat' dir='ltr'>Collegium</span> <span class='ocrx_word' id='word_1_334' title='bbox 1785 2071 1832 2094; x_wconf 79' lang='lat' dir='ltr'>Du</span> <span class='ocrx_word' id='word_1_335' title='bbox 1846 2070 1949 2094; x_wconf 83' lang='lat' dir='ltr'>Plessis</span> <span class='ocrx_word' id='word_1_336' title='bbox 1971 2078 2020 2101; x_wconf 91' lang='lat' dir='ltr'>pro</span> <span class='ocrx_word' id='word_1_337' title='bbox 2040 2068 2221 2092; x_wconf 76' lang='lat' dir='ltr'>saecularibus</span> <span class='ocrx_word' id='word_1_338' title='bbox 2238 2068 2272 2091; x_wconf 78' lang='lat' dir='ltr'>ab</span> 
     </span>
    </p>
   </div>
   <div class='ocr_carea' id='block_1_3' title="bbox 404 2112 2272 2148">
    <p class='ocr_par' dir='ltr' id='par_1_7' title="bbox 404 2112 2272 2148">
     <span class='ocr_line' id='line_1_29' title="bbox 404 2112 2272 2148; baseline -0.003 -8"><span class='ocrx_word' id='word_1_339' title='bbox 404 2118 496 2141; x_wconf 86' lang='lat' dir='ltr'>eodem</span> <span class='ocrx_word' id='word_1_340' title='bbox 514 2117 639 2140; x_wconf 80' lang='lat' dir='ltr'>Gaufrido</span> <span class='ocrx_word' id='word_1_341' title='bbox 652 2117 683 2140; x_wconf 87' lang='lat' dir='ltr'>de</span> <span class='ocrx_word' id='word_1_342' title='bbox 696 2117 810 2139; x_wconf 87' lang='lat' dir='ltr'>Plesseio</span> <span class='ocrx_word' id='word_1_343' title='bbox 826 2117 944 2146; x_wconf 83' lang='lat' dir='ltr'>Parisiis,</span> <span class='ocrx_word' id='word_1_344' title='bbox 961 2117 1037 2139; x_wconf 84' lang='lat' dir='ltr'>alteri</span> <span class='ocrx_word' id='word_1_345' title='bbox 1052 2117 1205 2148; x_wconf 83' lang='lat' dir='ltr'>contiguum</span> <span class='ocrx_word' id='word_1_346' title='bbox 1218 2116 1333 2147; x_wconf 81' lang='lat' dir='ltr'>itemque</span> <span class='ocrx_word' id='word_1_347' title='bbox 1345 2116 1378 2139; x_wconf 77' lang='lat' dir='ltr'>ab</span> <span class='ocrx_word' id='word_1_348' title='bbox 1394 2116 1490 2139; x_wconf 77' lang='lat' dir='ltr'>abbate</span> <span class='ocrx_word' id='word_1_349' title='bbox 1506 2115 1612 2146; x_wconf 79' lang='lat' dir='ltr'>Majoris</span> <span class='ocrx_word' id='word_1_350' title='bbox 1626 2114 1778 2138; x_wconf 70' lang='lat' dir='ltr'>Monosterii</span> <span class='ocrx_word' id='word_1_351' title='bbox 1791 2115 1950 2146; x_wconf 79' lang='lat' dir='ltr'>dependens,</span> <span class='ocrx_word' id='word_1_352' title='bbox 1969 2114 2116 2142; x_wconf 79' lang='lat' dir='ltr'>fundatum,</span> <span class='ocrx_word' id='word_1_353' title='bbox 2133 2113 2164 2136; x_wconf 86' lang='lat' dir='ltr'>de</span> <span class='ocrx_word' id='word_1_354' title='bbox 2179 2121 2230 2144; x_wconf 89' lang='lat' dir='ltr'>quo</span> <span class='ocrx_word' id='word_1_355' title='bbox 2245 2112 2272 2135; x_wconf 90' lang='lat' dir='ltr'>in</span> 
     </span>
    </p>
   </div>
   <div class='ocr_carea' id='block_1_4' title="bbox 408 2162 774 2192">
    <p class='ocr_par' dir='ltr' id='par_1_8' title="bbox 408 2162 774 2192">
     <span class='ocr_line' id='line_1_30' title="bbox 408 2162 774 2192; baseline -0.003 -8"><span class='ocrx_word' id='word_1_356' title='bbox 408 2162 459 2185; x_wconf 76' lang='lat' dir='ltr'>vol.</span> <span class='ocrx_word' id='word_1_357' title='bbox 478 2163 515 2185; x_wconf 86' lang='lat' dir='ltr'>De</span> <span class='ocrx_word' id='word_1_358' title='bbox 530 2162 655 2191; x_wconf 65' lang='lat' dir='ltr'>Colleqiis</span> <span class='ocrx_word' id='word_1_359' title='bbox 674 2164 774 2192; x_wconf 84' lang='lat' dir='ltr'>agetur.</span> 
     </span>
    </p>
   </div>
   <div class='ocr_carea' id='block_1_5' title="bbox 408 2241 2275 2453">
    <p class='ocr_par' dir='ltr' id='par_1_9' title="bbox 408 2241 2275 2453">
     <span class='ocr_line' id='line_1_31' title="bbox 501 2241 2274 2274; baseline -0.002 -6"><span class='ocrx_word' id='word_1_360' title='bbox 501 2247 522 2269; x_wconf 89' lang='lat'>1.</span> <span class='ocrx_word' id='word_1_361' title='bbox 541 2247 586 2269; x_wconf 79' lang='lat' dir='ltr'>An.</span> <span class='ocrx_word' id='word_1_362' title='bbox 607 2247 675 2274; x_wconf 74' lang='lat'>1383,</span> <span class='ocrx_word' id='word_1_363' title='bbox 692 2246 782 2268; x_wconf 82' lang='lat' dir='ltr'>Octob.</span> <span class='ocrx_word' id='word_1_364' title='bbox 806 2246 843 2268; x_wconf 88' lang='lat'>10.</span> <span class='ocrx_word' id='word_1_365' title='bbox 867 2245 1010 2268; x_wconf 78' lang='lat' dir='ltr'>translatus</span> <span class='ocrx_word' id='word_1_366' title='bbox 1026 2249 1065 2268; x_wconf 86' lang='lat' dir='ltr'>est</span> <span class='ocrx_word' id='word_1_367' title='bbox 1087 2245 1118 2268; x_wconf 84' lang='lat' dir='ltr'>de</span> <span class='ocrx_word' id='word_1_368' title='bbox 1141 2245 1247 2268; x_wconf 80' lang='lat' dir='ltr'>abbatia</span> <span class='ocrx_word' id='word_1_369' title='bbox 1268 2245 1299 2268; x_wconf 86' lang='lat' dir='ltr'>de</span> <span class='ocrx_word' id='word_1_370' title='bbox 1321 2244 1472 2268; x_wconf 74' lang='lat' dir='ltr'>Terissonio</span> <span class='ocrx_word' id='word_1_371' title='bbox 1494 2245 1638 2267; x_wconf 74' lang='lat' dir='ltr'>Sal-latens.</span> <span class='ocrx_word' id='word_1_372' title='bbox 1660 2244 1740 2267; x_wconf 85' lang='lat' dir='ltr'>dioec.</span> <span class='ocrx_word' id='word_1_373' title='bbox 1759 2243 1792 2266; x_wconf 86' lang='lat' dir='ltr'>ad</span> <span class='ocrx_word' id='word_1_374' title='bbox 1814 2243 1948 2266; x_wconf 81' lang='lat' dir='ltr'>abhatiam</span> <span class='ocrx_word' id='word_1_375' title='bbox 1969 2243 2015 2266; x_wconf 88' lang='lat' dir='ltr'>SS.</span> <span class='ocrx_word' id='word_1_376' title='bbox 2032 2241 2116 2273; x_wconf 84' lang='lat' dir='ltr'>Sergii</span> <span class='ocrx_word' id='word_1_377' title='bbox 2138 2245 2164 2265; x_wconf 81' lang='lat' dir='ltr'>et</span> <span class='ocrx_word' id='word_1_378' title='bbox 2178 2241 2274 2264; x_wconf 83' lang='lat' dir='ltr'>Bacchi</span> 
     </span>
     <span class='ocr_line' id='line_1_32' title="bbox 408 2285 2272 2321; baseline -0.003 -8"><span class='ocrx_word' id='word_1_379' title='bbox 408 2290 490 2313; x_wconf 84' lang='lat' dir='ltr'>dioec.</span> <span class='ocrx_word' id='word_1_380' title='bbox 506 2291 638 2321; x_wconf 78' lang='lat' dir='ltr'>Andegav.</span> <span class='ocrx_word' id='word_1_381' title='bbox 657 2291 727 2320; x_wconf 79' lang='lat' dir='ltr'>(Reg.</span> <span class='ocrx_word' id='word_1_382' title='bbox 741 2291 785 2312; x_wconf 78' lang='lat' dir='ltr'>Av.</span> <span class='ocrx_word' id='word_1_383' title='bbox 801 2290 882 2312; x_wconf 82' lang='lat' dir='ltr'>Clem.</span> <span class='ocrx_word' id='word_1_384' title='bbox 895 2290 950 2318; x_wconf 78' lang='lat' dir='ltr'>Vll,</span> <span class='ocrx_word' id='word_1_385' title='bbox 964 2290 1015 2312; x_wconf 85' lang='lat' dir='ltr'>vol.</span> <span class='ocrx_word' id='word_1_386' title='bbox 1030 2290 1116 2317; x_wconf 82' lang='lat' dir='ltr'>XXIX,</span> <span class='ocrx_word' id='word_1_387' title='bbox 1131 2290 1148 2312; x_wconf 81' lang='lat' dir='ltr'>f.</span> <span class='ocrx_word' id='word_1_388' title='bbox 1163 2289 1241 2318; x_wconf 67' lang='grc'>1611)),</span> <span class='ocrx_word' id='word_1_389' title='bbox 1253 2298 1295 2312; x_wconf 82' lang='lat' dir='ltr'>an.</span> <span class='ocrx_word' id='word_1_390' title='bbox 1310 2290 1379 2316; x_wconf 75' lang='lat'>1388.</span> <span class='ocrx_word' id='word_1_391' title='bbox 1398 2289 1531 2320; x_wconf 83' lang='lat' dir='ltr'>Septemb.</span> <span class='ocrx_word' id='word_1_392' title='bbox 1548 2291 1570 2317; x_wconf 84' lang='lat'>5,</span> <span class='ocrx_word' id='word_1_393' title='bbox 1588 2289 1620 2311; x_wconf 82' lang='lat' dir='ltr'>nd</span> <span class='ocrx_word' id='word_1_394' title='bbox 1632 2288 1715 2319; x_wconf 89' lang='lat' dir='ltr'>Majus</span> <span class='ocrx_word' id='word_1_395' title='bbox 1727 2288 1915 2311; x_wconf 80' lang='lat' dir='ltr'>Monasterium</span> <span class='ocrx_word' id='word_1_396' title='bbox 1929 2287 2011 2318; x_wconf 72' lang='lat' dir='ltr'>(ibid.‚</span> <span class='ocrx_word' id='word_1_397' title='bbox 2025 2287 2078 2309; x_wconf 80' lang='lat' dir='ltr'>vol.</span> <span class='ocrx_word' id='word_1_398' title='bbox 2091 2287 2119 2315; x_wconf 89' lang='lat' dir='ltr'>L,</span> <span class='ocrx_word' id='word_1_399' title='bbox 2132 2286 2176 2309; x_wconf 81' lang='lat' dir='ltr'>sol.</span> <span class='ocrx_word' id='word_1_400' title='bbox 2193 2285 2272 2314; x_wconf 76' lang='lat' dir='ltr'>359b).</span> 
     </span>
     <span class='ocr_line' id='line_1_33' title="bbox 408 2330 2275 2365; baseline -0.002 -9"><span class='ocrx_word' id='word_1_401' title='bbox 408 2349 438 2352; x_wconf 89' lang='lat'>—</span> <span class='ocrx_word' id='word_1_402' title='bbox 453 2335 476 2357; x_wconf 77' lang='grc'>2.</span> <span class='ocrx_word' id='word_1_403' title='bbox 492 2334 614 2362; x_wconf 68' lang='lat' dir='ltr'>johanni,</span> <span class='ocrx_word' id='word_1_404' title='bbox 629 2335 660 2356; x_wconf 84' lang='lat' dir='ltr'>de</span> <span class='ocrx_word' id='word_1_405' title='bbox 678 2342 728 2365; x_wconf 87' lang='lat' dir='ltr'>quo</span> <span class='ocrx_word' id='word_1_406' title='bbox 745 2342 825 2364; x_wconf 87' lang='lat' dir='ltr'>supra</span> <span class='ocrx_word' id='word_1_407' title='bbox 841 2342 868 2364; x_wconf 88' lang='lat' dir='ltr'>p.</span> <span class='ocrx_word' id='word_1_408' title='bbox 884 2335 937 2361; x_wconf 80' lang='lat'>448,</span> <span class='ocrx_word' id='word_1_409' title='bbox 953 2337 1005 2357; x_wconf 77' lang='lat' dir='ltr'>not..</span> <span class='ocrx_word' id='word_1_410' title='bbox 1025 2335 1048 2357; x_wconf 82' lang='lat'>6.</span> <span class='ocrx_word' id='word_1_411' title='bbox 1061 2348 1090 2351; x_wconf 97' lang='lat'><strong>—</strong></span> <span class='ocrx_word' id='word_1_412' title='bbox 1105 2335 1127 2357; x_wconf 86' lang='lat'>3.</span> <span class='ocrx_word' id='word_1_413' title='bbox 1143 2335 1294 2365; x_wconf 84' lang='lat' dir='ltr'>Sequuntur</span> <span class='ocrx_word' id='word_1_414' title='bbox 1311 2334 1491 2357; x_wconf 81' lang='lat' dir='ltr'>ordinationes</span> <span class='ocrx_word' id='word_1_415' title='bbox 1507 2334 1538 2356; x_wconf 84' lang='lat' dir='ltr'>de</span> <span class='ocrx_word' id='word_1_416' title='bbox 1559 2333 1641 2356; x_wconf 88' lang='lat' dir='ltr'>officio</span> <span class='ocrx_word' id='word_1_417' title='bbox 1657 2333 1756 2362; x_wconf 78' lang='lat' dir='ltr'>divino,</span> <span class='ocrx_word' id='word_1_418' title='bbox 1774 2333 1805 2355; x_wconf 90' lang='lat' dir='ltr'>de</span> <span class='ocrx_word' id='word_1_419' title='bbox 1821 2332 1926 2359; x_wconf 81' lang='lat' dir='ltr'>habitu;</span> <span class='ocrx_word' id='word_1_420' title='bbox 1942 2346 1968 2349; x_wconf 97' lang='lat'><strong>—</strong></span> <span class='ocrx_word' id='word_1_421' title='bbox 1981 2332 2004 2354; x_wconf 87' lang='lat'>4.</span> <span class='ocrx_word' id='word_1_422' title='bbox 2022 2331 2054 2354; x_wconf 90' lang='lat' dir='ltr'>de</span> <span class='ocrx_word' id='word_1_423' title='bbox 2072 2330 2226 2358; x_wconf 82' lang='lat' dir='ltr'>resect-ione;</span> <span class='ocrx_word' id='word_1_424' title='bbox 2244 2343 2275 2347; x_wconf 89' lang='lat'><strong>—</strong></span> 
     </span>
     <span class='ocr_line' id='line_1_34' title="bbox 411 2374 2274 2408; baseline -0.002 -8"><span class='ocrx_word' id='word_1_425' title='bbox 411 2381 432 2401; x_wconf 84' lang='lat'>5.</span> <span class='ocrx_word' id='word_1_426' title='bbox 450 2379 480 2401; x_wconf 77' lang='lat' dir='ltr'>de</span> <span class='ocrx_word' id='word_1_427' title='bbox 498 2378 659 2406; x_wconf 85' lang='lat' dir='ltr'>dormitorio,</span> <span class='ocrx_word' id='word_1_428' title='bbox 675 2378 705 2400; x_wconf 86' lang='lat' dir='ltr'>de</span> <span class='ocrx_word' id='word_1_429' title='bbox 718 2378 780 2401; x_wconf 89' lang='lat' dir='ltr'>ludo</span> <span class='ocrx_word' id='word_1_430' title='bbox 797 2378 958 2401; x_wconf 84' lang='lat' dir='ltr'>taxillorum.</span> <span class='ocrx_word' id='word_1_431' title='bbox 973 2392 1001 2395; x_wconf 97' lang='lat'><strong>—</strong></span> <span class='ocrx_word' id='word_1_432' title='bbox 1016 2379 1039 2401; x_wconf 83' lang='grc'>6.</span> <span class='ocrx_word' id='word_1_433' title='bbox 1053 2379 1089 2401; x_wconf 85' lang='lat' dir='ltr'>Ne</span> <span class='ocrx_word' id='word_1_434' title='bbox 1104 2378 1305 2401; x_wconf 83' lang='lat' dir='ltr'>introducantur</span> <span class='ocrx_word' id='word_1_435' title='bbox 1321 2378 1444 2401; x_wconf 78' lang='lat' dir='ltr'>mulieres</span> <span class='ocrx_word' id='word_1_436' title='bbox 1461 2381 1607 2408; x_wconf 81' lang='lat' dir='ltr'>suspectae,</span> <span class='ocrx_word' id='word_1_437' title='bbox 1625 2385 1671 2400; x_wconf 87' lang='lat' dir='ltr'>nec</span> <span class='ocrx_word' id='word_1_438' title='bbox 1686 2385 1763 2399; x_wconf 84' lang='lat' dir='ltr'>canes</span> <span class='ocrx_word' id='word_1_439' title='bbox 1779 2377 1820 2399; x_wconf 89' lang='lat' dir='ltr'>vel</span> <span class='ocrx_word' id='word_1_440' title='bbox 1835 2384 1907 2399; x_wconf 76' lang='lat' dir='ltr'>aves,</span> <span class='ocrx_word' id='word_1_441' title='bbox 1918 2390 1949 2393; x_wconf 87' lang='lat'>—-</span> <span class='ocrx_word' id='word_1_442' title='bbox 1960 2377 1981 2398; x_wconf 87' lang='lat'>7.</span> <span class='ocrx_word' id='word_1_443' title='bbox 1998 2375 2077 2399; x_wconf 83' lang='lat' dir='ltr'>Rixae</span> <span class='ocrx_word' id='word_1_444' title='bbox 2087 2374 2274 2406; x_wconf 80' lang='lat' dir='ltr'>impediantur.</span> 
     </span>
     <span class='ocr_line' id='line_1_35' title="bbox 413 2422 1297 2453; baseline 0.002 -9"><span class='ocrx_word' id='word_1_445' title='bbox 413 2437 440 2440; x_wconf 86' lang='lat'><strong>—</strong></span> <span class='ocrx_word' id='word_1_446' title='bbox 459 2424 481 2445; x_wconf 84' lang='lat'>8.</span> <span class='ocrx_word' id='word_1_447' title='bbox 501 2423 649 2453; x_wconf 78' lang='lat' dir='ltr'>Sequuntur</span> <span class='ocrx_word' id='word_1_448' title='bbox 662 2422 839 2445; x_wconf 74' lang='lat' dir='ltr'>ordinationes</span> <span class='ocrx_word' id='word_1_449' title='bbox 855 2423 885 2445; x_wconf 87' lang='lat' dir='ltr'>de</span> <span class='ocrx_word' id='word_1_450' title='bbox 902 2423 1019 2453; x_wconf 85' lang='lat' dir='ltr'>pecuniis</span> <span class='ocrx_word' id='word_1_451' title='bbox 1035 2426 1060 2445; x_wconf 85' lang='lat' dir='ltr'>et</span> <span class='ocrx_word' id='word_1_452' title='bbox 1075 2423 1297 2453; x_wconf 79' lang='lat' dir='ltr'>reparationibus.</span> 
     </span>
    </p>
   </div>
   <div class='ocr_carea' id='block_1_6' title="bbox 424 2611 2058 2735">
    <p class='ocr_par' dir='ltr' id='par_1_10' title="bbox 424 2611 2058 2735">
     <span class='ocr_line' id='line_1_36' title="bbox 424 2611 2058 2656; baseline -0.003 -9"><span class='ocrx_word' id='word_1_453' title='bbox 424 2611 562 2647; x_wconf 76' lang='grc'>1589.</span> <span class='ocrx_word' id='word_1_454' title='bbox 588 2629 601 2644; x_wconf 85' lang='lat'>«</span> <span class='ocrx_word' id='word_1_455' title='bbox 619 2622 755 2644; x_wconf 68' lang='lat' dir='ltr'>Secuntur</span> <span class='ocrx_word' id='word_1_456' title='bbox 771 2621 884 2645; x_wconf 76' lang='lat' dir='ltr'>nomina</span> <span class='ocrx_word' id='word_1_457' title='bbox 902 2620 953 2655; x_wconf 68' lang='lat'>[95]</span> <span class='ocrx_word' id='word_1_458' title='bbox 970 2620 1146 2646; x_wconf 81' lang='lat' dir='ltr'>dominorum</span> <span class='ocrx_word' id='word_1_459' title='bbox 1162 2621 1306 2647; x_wconf 78' lang='lat' dir='ltr'>doctorum</span> <span class='ocrx_word' id='word_1_460' title='bbox 1323 2621 1477 2656; x_wconf 80' lang='lat' dir='ltr'>regentium</span> <span class='ocrx_word' id='word_1_461' title='bbox 1494 2621 1626 2646; x_wconf 75' lang='lat' dir='ltr'>Parisius</span> <span class='ocrx_word' id='word_1_462' title='bbox 1641 2620 1668 2645; x_wconf 86' lang='lat' dir='ltr'>in</span> <span class='ocrx_word' id='word_1_463' title='bbox 1683 2619 1826 2654; x_wconf 80' lang='lat' dir='ltr'>facultate</span> <span class='ocrx_word' id='word_1_464' title='bbox 1841 2618 2026 2644; x_wconf 81' lang='lat' dir='ltr'>decretor-um.</span> <span class='ocrx_word' id='word_1_465' title='bbox 2046 2629 2058 2641; x_wconf 88' lang='lat'>»</span> 
     </span>
     <span class='ocr_line' id='line_1_37' title="bbox 1636 2701 1923 2735; baseline -0.007 -7"><span class='ocrx_word' id='word_1_466' title='bbox 1636 2702 1792 2735; x_wconf 79' lang='grc'><em>1390-1391,</em></span> <span class='ocrx_word' id='word_1_467' title='bbox 1810 2701 1923 2727; x_wconf 73' lang='lat' dir='ltr'>Parisiis.</span> 
     </span>
    </p>
   </div>
   <div class='ocr_carea' id='block_1_7' title="bbox 508 2781 2038 2912">
    <p class='ocr_par' dir='ltr' id='par_1_11' title="bbox 508 2781 2038 2912">
     <span class='ocr_line' id='line_1_38' title="bbox 508 2781 1884 2818; baseline -0.001 -11"><span class='ocrx_word' id='word_1_468' title='bbox 508 2782 633 2814; x_wconf 82' lang='lat' dir='ltr'>Magistri</span> <span class='ocrx_word' id='word_1_469' title='bbox 649 2782 773 2806; x_wconf 82' lang='lat' dir='ltr'>Ilerveus</span> <span class='ocrx_word' id='word_1_470' title='bbox 788 2781 916 2809; x_wconf 78' lang='lat' dir='ltr'>Costioti,</span> <span class='ocrx_word' id='word_1_471' title='bbox 1464 2782 1598 2818; x_wconf 78' lang='lat' dir='ltr'>P[etrus]¹</span> <span class='ocrx_word' id='word_1_472' title='bbox 1619 2782 1714 2808; x_wconf 86' lang='lat' dir='ltr'>Sancti</span> <span class='ocrx_word' id='word_1_473' title='bbox 1730 2781 1884 2810; x_wconf 84' lang='lat' dir='ltr'>Michaelis,</span> 
     </span>
     <span class='ocr_line' id='line_1_39' title="bbox 509 2827 2038 2862; baseline -0.001 -6"><span class='ocrx_word' id='word_1_474' title='bbox 509 2827 626 2862; x_wconf 83' lang='lat' dir='ltr'>P[ctrus]</span> <span class='ocrx_word' id='word_1_475' title='bbox 640 2828 675 2853; x_wconf 85' lang='lat' dir='ltr'>de</span> <span class='ocrx_word' id='word_1_476' title='bbox 690 2828 914 2857; x_wconf 79' lang='lat' dir='ltr'>Themericuria.</span> <span class='ocrx_word' id='word_1_477' title='bbox 1463 2831 1603 2857; x_wconf 85' lang='lat' dir='ltr'>Henricus</span> <span class='ocrx_word' id='word_1_478' title='bbox 1618 2830 1730 2856; x_wconf 75' lang='lat' dir='ltr'>Bueve2</span> <span class='ocrx_word' id='word_1_479' title='bbox 1744 2830 1870 2856; x_wconf 85' lang='lat' dir='ltr'>decanus</span> <span class='ocrx_word' id='word_1_480' title='bbox 1885 2829 2038 2858; x_wconf 83' lang='lat' dir='ltr'>facultatis,</span> 
     </span>
     <span class='ocr_line' id='line_1_40' title="bbox 509 2876 1787 2912; baseline 0.001 -10"><span class='ocrx_word' id='word_1_481' title='bbox 509 2877 646 2903; x_wconf 67' lang='lat' dir='ltr'>aicardus</span> <span class='ocrx_word' id='word_1_482' title='bbox 661 2877 746 2902; x_wconf 84' lang='lat' dir='ltr'>abhas</span> <span class='ocrx_word' id='word_1_483' title='bbox 760 2876 855 2902; x_wconf 85' lang='lat' dir='ltr'>Sancti</span> <span class='ocrx_word' id='word_1_484' title='bbox 870 2877 992 2905; x_wconf 76' lang='lat' dir='ltr'>Martini,</span> <span class='ocrx_word' id='word_1_485' title='bbox 1464 2879 1628 2912; x_wconf 83' lang='lat' dir='ltr'>Stephanus</span> <span class='ocrx_word' id='word_1_486' title='bbox 1641 2879 1676 2904; x_wconf 82' lang='lat' dir='ltr'>de</span> <span class='ocrx_word' id='word_1_487' title='bbox 1692 2879 1787 2907; x_wconf 87' lang='lat' dir='ltr'>Porta,</span> 
     </span>
    </p>
   </div>
  </div>
 </body>
</html>
