2488 3386
452 352 518 385 364
1029 360 1346 383 CHARTULAfflUM
1381 359 1571 381 UNJVERS.
1607 358 1736 380 Panls.
2215 345 2315 382 [1385

455 447 531 467 rum
553 439 595 476 [a]
618 435 790 479 predictis
812 435 1034 468 baccallariis
1051 434 1305 467 intrantibus⁵2
1323 445 1496 466 cameram
1520 432 1695 465 examinis
1716 431 1926 476 hujusmodi
1943 432 2146 476 juramenta
2167 432 2313 477 exigere

454 507 489 533 et
516 501 616 546 ipsos
646 502 762 534 facere
785 503 909 546 jurare
939 502 1096 535 scienter
1124 508 1158 533 et
1187 500 1396 533 fraudulose
1429 499 1666 532 obmiserunt.
1699 500 1743 531 Et
1773 498 1841 531 hoc
1870 498 2036 531 fecerunt
2064 498 2107 531 ad
2138 498 2243 531 finem
2276 506 2314 532 ut

453 566 662 611 hujusmodi
683 568 818 601 abusus
839 568 969 600 melius
991 574 1025 600 et
1045 567 1196 600 liberius
1218 578 1386 599 exercere
1409 572 1571 611 possent,
1590 572 1625 597 et
1643 565 1740 609 quod
1762 564 1965 597 haccallarii
1986 576 2004 597 a
2026 565 2170 598 datione
2190 565 2313 610 hujus-

454 634 551 666 modi
571 635 690 667 minus
712 641 956 679 precaverent.

541 702 621 733 80⁰⁸.
650 702 736 734 Item
755 701 872 734 dictus
894 700 1201 733 subcancellarius
1218 699 1412 732 inducebat
1428 705 1462 731 et
1484 698 1698 743 procurabat
1719 710 1805 743 erga
1821 697 2057 731 baccallarios
2074 698 2171 743 quod
2188 698 2315 733 darent

454 779 526 799 non
547 767 663 800 solum
682 767 751 800 sibi
773 767 965 812 peccunias
982 774 1017 799 et
1031 773 1164 801 vestes,
1183 766 1247 799 sed
1265 766 1367 798 etiam
1386 765 1615 798 cancellario.
1638 766 1681 797 Et
1702 765 1873 810 precipue
1894 765 2037 798 induxit
2056 765 2148 799 duos
2170 764 2313 800 nobiles

455 833 563 875 viros,
585 834 754 867 videlicet
779 834 962 867 Galterum
989 840 1023 866 et
1048 833 1282 866 Guillelmum
1310 832 1353 864 de
1379 831 1594 872 Mommalia,
1618 831 1662 864 de
1684 831 1818 876 quibus
1844 831 1883 864 fit
1907 832 2042 864 mentio
2069 833 2226 877 supra⁵³,
2248 845 2313 878 per

452 899 517 932 hec
538 900 646 933 verba
669 900 725 933 vel
746 900 889 941 similia,
913 914 928 930 «
952 899 1049 944 quod
1077 899 1106 932 si
1127 898 1297 932 volebant
1316 898 1513 938 licenciari,
1537 897 1718 930 debebant
1745 898 1862 931 facere
1884 898 1978 931 sicut
2002 898 2159 940 nobiles,
2184 899 2245 944 qui
2267 899 2311 933 de

452 978 520 998 usu
546 973 815 999 consueverunt
838 973 873 999 et
897 966 1030 998 debent
1057 966 1140 998 dare
1168 965 1211 997 de
1238 977 1355 1009 panno
1378 964 1545 997 Brucelle
1566 964 1623 997 vel
1648 964 1719 997 alio
1749 976 1841 1010 eque
1873 964 1970 998 bono
1997 977 2076 997 cum
2103 965 2309 1007 furraturis,

452 1040 486 1065 et
508 1033 657 1065 maxime
679 1033 892 1065 cancellario
914 1033 975 1077 qui
996 1032 1103 1064 habet
1123 1043 1186 1064 eos
1207 1031 1399 1064 licem-iare
1420 1044 1449 1071 n,
1472 1038 1506 1064 et
1527 1031 1608 1064 talia
1629 1030 1853 1076 hujusmodi.

537 1101 617 1132 81³⁸.
645 1100 731 1131 Item
765 1106 798 1131 et
830 1099 927 1143 quod
958 1099 1116 1143 prefatus
1148 1098 1399 1139 cancellarius,
1425 1098 1539 1142 judex
1569 1105 1604 1130 et
1635 1105 1807 1131 executor
1837 1097 2020 1143 privilegii
2053 1098 2310 1144 quinquenalis

450 1166 631 1211 magistris
654 1173 687 1198 et
715 1165 915 1198 scolaribus
944 1165 1103 1198 Parisius
1128 1165 1164 1197 in
1185 1164 1351 1197 facultate
1373 1164 1578 1209 theologica
1600 1164 1834 1198 studentibus
1857 1177 1874 1198 a
1896 1165 1983 1197 sede
2004 1165 2203 1210 apostolica
2223 1177 2310 1199 con-

447 1233 554 1273 cessi,
578 1232 764 1277 participat
784 1244 822 1264 ac
844 1232 1056 1276 participare
1077 1231 1281 1276 cognitus⁵³
1303 1237 1358 1264 est
1378 1243 1395 1264 a
1416 1237 1592 1276 tempore,
1615 1243 1686 1276 quo
1708 1231 1745 1264 in
1766 1231 1884 1264 officio
1906 1231 2180 1265 cancellariatus
2206 1232 2311 1266 insti-

446 1306 544 1332 tutus
564 1299 642 1340 fuit,
666 1299 701 1331 in
723 1299 823 1331 lucro
850 1311 930 1331 cum
952 1298 1090 1331 notario
1112 1309 1176 1331 seu
1205 1297 1323 1330 scriba
1343 1298 1613 1342 jurisdictionis
1640 1298 1725 1331 dicti
1753 1298 1949 1343 privilegii,
1972 1305 2096 1331 contra
2116 1299 2309 1333 canonicas

445 1366 654 1399 xanctiones
675 1372 709 1398 et
724 1372 848 1398 contra
868 1364 1054 1397 libertates
1076 1365 1192 1409 ipsius
1213 1365 1391 1407 facultatis
1413 1364 1691 1410 dampnabiliter
1711 1365 1906 1406 veniendo,
1925 1377 1964 1398 ac
1985 1365 2091 1398 etiam
2112 1365 2149 1398 in
2169 1366 2308 1411 grande

446 1433 682 1477 prejudicium
707 1439 741 1464 ct
764 1432 954 1476 dampnum
981 1432 1139 1464 omnium
1163 1432 1418 1474 magistrorum
1443 1438 1478 1464 et
1497 1432 1690 1465 scolarium
1713 1431 1808 1465 dicte
1828 1432 2020 1465 facultatis.

531 1500 611 1532 82³⁸.
639 1500 725 1531 Item
748 1505 782 1531 et
802 1499 899 1543 quod
920 1499 1095 1543 premissa
1117 1505 1199 1531 sunt
1216 1510 1311 1537 vera,
1334 1499 1473 1531 notoria
1495 1505 1529 1531 et
1550 1499 1750 1539 manifesta,
1773 1510 1884 1544 super
1899 1498 2033 1544 quibus
2053 1499 2308 1533 laboraverunt

445 1572 479 1598 et
499 1565 662 1598 laborant
683 1565 884 1597 communis
906 1565 1066 1609 oppinio,
1090 1565 1292 1597 communis
1313 1565 1480 1606 assertio,
1505 1577 1697 1598 commune
1719 1565 1867 1607 dictum,
1891 1578 1960 1599 vox
1987 1565 2132 1610 publica
2155 1572 2191 1599 et
2215 1566 2306 1599 fama

443 1632 604 1676 vulgaris
626 1639 692 1664 tam
711 1632 747 1663 in
764 1632 857 1664 dicta
874 1632 1116 1664 Universitate
1134 1638 1168 1664 et
1188 1631 1416 1664 facultatibus
1438 1632 1615 1676 ejusdem,
1634 1644 1739 1677 quam
1761 1632 1798 1664 in
1816 1632 1922 1665 dictis
1938 1632 2081 1666 civitate
2098 1639 2131 1665 et
2153 1632 2306 1666 ecclesia

443 1699 639 1731 Parisiensi
668 1698 831 1743 locisque
859 1698 1138 1731 circumvicinis.
1172 1699 1249 1741 Que
1278 1699 1382 1731 etiam
1415 1699 1533 1731 onmia
1562 1706 1597 1731 et
1626 1699 1771 1744 singula
1802 1699 1972 1744 superius
2003 1699 2188 1732 articulata
2219 1699 2305 1733 dicti

443 1765 679 1797 cancellarius
702 1768 758 1805 [et]
781 1764 1100 1805 subcancellarius,
1124 1765 1159 1797 in
1181 1772 1351 1809 quantum
1374 1777 1670 1810 unumquemque
1698 1766 1860 1811 ipsorum
1887 1766 2149 1811 premissorum
2177 1766 2305 1799 articu-

443 1831 559 1864 lorum
586 1832 710 1876 tangit,
734 1831 924 1864 referendo
953 1832 1095 1876 singula
1124 1831 1294 1876 singulis,
1316 1833 1475 1865 confessi
1504 1833 1663 1874 fuerunt,
1686 1833 1800 1866 fuisse
1828 1839 1863 1865 et
1889 1844 1972 1866 esse
1991 1845 2089 1874 vera,
2111 1832 2250 1878 pluries
2270 1839 2306 1867 et

442 1910 560 1931 coram
582 1897 748 1942 pluribus
769 1898 977 1943 fidedignis.

529 1965 609 1997 83¹³.
637 1965 723 1996 Item
751 1971 786 1997 et
805 1965 901 2008 quod
922 1965 1012 1997 fama
1034 1964 1177 2009 publica
1197 1965 1522 2010 insinuacioneque
1543 1966 1699 1998 clamosa
1720 1978 1800 1998 cum
1822 1966 1924 2011 gravi
1946 1965 2116 1999 scandalo
2142 1966 2303 1999 referen-
2344 1991 2348 1995 f

442 2030 538 2063 tibus
559 2043 576 2063 a
598 2030 722 2075 probis
744 2037 778 2063 et
798 2030 1006 2075 fidedignis,
1030 2043 1102 2063 non
1124 2031 1352 2072 malivolis⁵⁵,
1375 2038 1491 2064 ortum
1521 2032 1740 2065 habentibus
1769 2032 1979 2077 hujusmodi
2001 2037 2211 2074 ex[c]essus,
2233 2032 2303 2066 cri-

441 2097 535 2129 mina
556 2103 590 2129 et
610 2097 739 2129 delicta
760 2109 823 2141 per
844 2098 1114 2142 prenominatos
1140 2098 1405 2139 cancellarium,
1429 2098 1756 2132 subcancellarium
1785 2106 1821 2132 et
1849 2099 2044 2132 familiares
2072 2111 2161 2132 suos
2188 2098 2304 2132 conti-

441 2175 532 2195 nuos
563 2170 787 2208 perpetratos
817 2170 852 2196 et
880 2165 1108 2205 commissos,
1141 2172 1179 2197 ut
1214 2166 1405 2209 prefertur,
1436 2166 1478 2198 ad
1509 2178 1615 2198 aures
1646 2166 1762 2211 ipsius
1798 2166 1951 2199 rectoris
1983 2172 2019 2198 et
2048 2166 2303 2199 Universitatis

440 2230 677 2272 <attendentes
699 2230 768 2274 ipsi
791 2237 907 2263 rector
928 2237 960 2263 et
983 2231 1208 2264 Universitas
1230 2232 1326 2275 quod
1356 2231 1564 2276 hujusmodi
1590 2232 1740 2272 abusus,
1766 2233 2027 2277 corrupciones
2049 2239 2084 2265 et
2104 2236 2303 2273 ex[c]essus

440 2295 639 2340 vergebant
659 2303 691 2328 et
708 2303 863 2341 vergunt
883 2297 1013 2329 nedum
1034 2298 1094 2338 [in]
1115 2298 1296 2342 injuriam,
1314 2298 1563 2343 opprobrium,
1582 2299 1798 2340 convicium,
1817 2299 1978 2332 dedecus
1999 2305 2034 2331 et
2049 2298 2301 2344 villipendium

441 2362 535 2405 apud
565 2361 680 2394 bonos
709 2369 743 2395 et
773 2375 916 2407 graves,
944 2363 1039 2408 apud
1066 2364 1250 2396 dominum
1279 2372 1441 2398 nostrum
1471 2378 1611 2410 papam,
1639 2365 1843 2398 cardinales
1869 2372 1904 2398 et
1930 2366 2064 2398 curiam
2092 2366 2300 2403 Romanam,

441 2428 534 2472 apud
560 2435 697 2461 ceteras
719 2429 980 2462 Universitates
1002 2431 1255 2475 magistrorum
1280 2438 1314 2464 et
1337 2431 1530 2464 scolarium
1553 2433 1669 2465 tocius
1691 2432 1976 2473 christianitatis,
1999 2432 2093 2476 apud
2114 2432 2300 2465 dominum

442 2500 604 2526 nostrum
634 2506 756 2539 regem
788 2502 821 2528 et
854 2497 987 2528 curiam
1021 2497 1150 2541 ipsius,
1181 2498 1275 2542 apud
1309 2498 1444 2531 clerum
1477 2505 1511 2531 et
1544 2499 1718 2543 populum
1755 2499 1910 2531 civitatis
1947 2498 2158 2540 Parisiens.,
2195 2498 2300 2546 regni

442 2561 589 2593 Francie
611 2567 645 2593 et
666 2562 768 2593 etiam
792 2562 900 2595 totius
922 2562 1204 2605 christianitatis,
1227 2577 1308 2609 ymo
1334 2565 1371 2597 in
1398 2565 1514 2610 ipsius
1539 2565 1792 2598 Universitatis
1819 2572 1854 2598 et
1883 2565 2156 2610 suppositorum
2182 2565 2300 2610 ipsius

440 2626 630 2667 lesionem,
653 2628 926 2671 oppressionem
950 2636 983 2661 et
1005 2629 1196 2673 dampnum
1220 2642 1292 2662 non
1316 2631 1495 2664 modicum
1518 2638 1553 2664 et
1573 2643 1780 2676 gravamen,
1803 2643 1928 2664 verum
1953 2631 2059 2664 etiam
2081 2631 2192 2664 totius
2213 2630 2299 2664 boni

441 2692 605 2737 publici),
622 2693 786 2726 volentes
807 2694 899 2726 scire
921 2702 1027 2739 prout
1047 2696 1089 2728 ad
1113 2708 1176 2729 eos
1197 2697 1412 2741 pertinebat,
1435 2710 1478 2730 an
1499 2698 1706 2738 clamorem,
1725 2698 1787 2742 qui
1808 2698 1851 2730 ad
1873 2710 1936 2731 eos
1953 2704 2113 2739 venerat,
2140 2697 2299 2743 comple-

440 2765 569 2791 verunt
591 2770 597 2791 :
621 2759 784 2792 fecerunt
804 2772 868 2793 seu
893 2761 971 2793 fieri
999 2762 1162 2795 fecerunt
1189 2775 1252 2807 per
1273 2775 1311 2796 se
1338 2775 1402 2796 seu
1429 2764 1619 2809 deputatos
1648 2764 1847 2797 eorundem
1877 2767 1965 2807 (non
1993 2776 2036 2797 ex
2061 2764 2135 2797 odii
2160 2764 2296 2805 fomite,

440 2837 512 2857 non
528 2825 572 2857 ad
592 2826 758 2869 injuriam
777 2828 1040 2872 cujuscunque,
1058 2829 1122 2861 sed
1143 2829 1259 2862 solum
1281 2830 1358 2863 zelo
1375 2831 1462 2863 moti
1479 2831 1640 2875 justicie,
1659 2837 1697 2863 ut
1717 2830 1927 2875 hujusmodi
1948 2830 2085 2864 abusus
2102 2837 2137 2864 et
2153 2834 2299 2872 ex[c]es-

439 2902 501 2923 sus
522 2892 759 2936 corrigantur)
783 2905 886 2925 unam
916 2901 1088 2926 secretam
1118 2902 1152 2927 et
1182 2897 1411 2929 summariam
1440 2897 1737 2930 informacionem
1769 2897 1812 2930 ad
1843 2897 2047 2939 sciendum,
2068 2909 2111 2930 an
2141 2897 2202 2930 illa
2227 2908 2297 2942 que
