2488 3386
431 359 496 391 370
1007 365 1323 388 CHARTULARIUM
1357 364 1547 386 univens.
1585 363 1712 384 mnis.
2195 349 2296 386 [1385

432 445 497 468 turn
512 442 573 468 dari
589 443 697 468 certam
713 449 860 467 summam
879 442 921 468 vel
943 442 1094 470 incertam,
1111 441 1183 466 dixit
1205 440 1284 474 quod
1307 447 1367 465 non
1382 441 1423 464 est
1439 440 1514 464 certa
1530 445 1646 463 summa
1661 437 1723 463 dari
1738 439 1886 466 consueta,
1903 437 1951 464 sed
1972 437 2171 464 communiter
2185 437 2295 464 dantur

430 491 503 517 circa
518 491 570 516 xxfl
586 491 685 516 franci.
698 491 895 523 Interrogatus
907 490 943 516 de
957 498 1039 516 causa
1056 490 1171 515 scientie
1185 489 1313 522 predicte
1330 487 1558 515 consuetudinis.
1576 486 1725 520 respondit
1740 486 1820 520 quod
1836 494 1887 519 pro
1902 493 1946 516 eo,
1962 486 2043 519 quod
2056 494 2170 519 semper
2183 486 2295 512 audivit

431 541 469 565 ita
483 540 549 568 dici,
564 541 592 565 et
615 547 770 572 nunquam
790 539 901 564 audivit
920 538 1110 564 contrarium.
1128 538 1246 563 Audivit
1267 537 1346 562 enim
1369 536 1548 569 quandoque
1566 535 1629 560 dari
1651 535 1868 568 quinquaginta
1882 535 1995 560 francos
2011 534 2202 568 predecessori
2224 535 2293 561 dicti

429 588 598 617 cancellarii,
613 588 660 614 sed
676 596 691 613 a
706 588 812 621 quibus
826 589 854 613 et
869 587 904 613 de
918 587 1025 620 quibus
1041 595 1100 612 non
1116 586 1293 612 recordatur.
1313 586 1442 611 Preterea
1456 586 1497 610 est
1514 592 1624 613 verum.
1642 584 1722 617 quod
1746 584 1805 617 ipse
1826 584 1878 617 qui
1894 584 2026 617 loquitur
2041 585 2199 617 spontanee
2214 584 2294 610 dedit

428 645 525 663 unum
541 645 592 670 par
607 637 783 663 cutellorum
798 644 851 669 pro
866 644 964 662 mensa
980 636 1067 669 precii
1082 635 1173 660 trium
1192 635 1359 660 francorum
1374 634 1417 659 vel
1433 633 1505 659 circa
1519 633 1597 659 dicto
1612 633 1792 662 cancellario,
1809 633 1861 666 qui
1877 633 1985 659 multas
1999 632 2174 658 curialitates
2189 633 2293 659 fecerat

428 686 489 715 sibi.
507 686 658 711 invitando
672 693 741 711 eum
756 685 792 711 ad
807 693 889 710 suam
905 692 1036 710 mensam
1050 685 1226 717 frequenter.
1244 683 1330 708 Plura
1345 682 1417 707 dixit
1431 689 1459 708 se
1475 682 1582 708 nescire
1596 681 1649 707 nisi
1662 681 1698 707 de
1713 681 1827 707 auditu.

514 735 711 767 Interrogatus
726 734 798 767 quid
813 734 922 759 audivit
937 733 1002 762 dici,
1018 733 1091 758 dixit
1106 733 1185 765 quod
1204 732 1315 757 audivit
1335 731 1390 756 (1101
1412 739 1427 756 a
1448 732 1535 756 fratre
1555 731 1730 763 Raymundo
1745 730 1859 763 Rogerii
1875 729 1902 765 [ἱ.
1920 738 1943 756 e.
1961 730 2090 763 Augerii]
2105 730 2149 756 sui
2164 730 2290 759 Ordinis.

426 784 499 809 dum
515 783 626 808 volebat
641 783 757 808 admitti
771 782 808 807 ad
823 782 982 810 licenciam.
998 781 1077 814 quod
1093 781 1278 806 cancellarius
1293 780 1440 813 predictus
1457 781 1518 805 erat
1535 779 1587 804 sibi
1603 779 1705 808 durus.
1723 779 1791 812 quia
1806 779 1902 805 dictus
1917 779 2004 805 frater
2021 779 2213 812 Raymundus
2227 780 2292 812 post

426 833 565 858 lecturam
584 831 803 857 Sentenciarum
819 832 950 863 tempore
965 830 1138 856 intermedio
1156 837 1215 854 non
1236 829 1330 854 fuerat
1350 829 1381 854 in
1398 828 1597 857 Unimrsitate,
1615 828 1689 854 sicut
1709 828 1818 854 debent
1838 836 1896 854 esse
1918 828 1970 861 qui
1992 828 2096 854 volunt
2117 827 2233 854 admitti
2255 827 2291 853 ad

425 881 584 907 licenciam.
599 880 653 906 Cui
668 880 762 905 dictus
774 879 960 905 cancellarius
974 879 1093 907 dixerat.
1106 878 1186 911 quod
1202 879 1283 903 tieret
1298 877 1349 902 sibi
1366 885 1472 909 magna
1488 877 1592 910 gracia.
1609 877 1631 902 si
1646 876 1839 902 redimeretur
1852 876 1905 902 sibi
1920 878 2037 910 tempus
2049 877 2179 902 duorum
2192 884 2288 903 anno-

424 937 503 959 rum,
519 931 547 955 et
562 929 641 962 quod
656 929 715 961 ipse
730 929 803 954 bene
817 928 933 954 deberet
949 935 1157 960 recognoscere.
1176 927 1209 952 Et
1224 926 1338 956 deinde,
1357 926 1431 951 sicut
1451 926 1510 959 ipse
1525 925 1576 959 qui
1592 926 1724 959 loquitur
1738 926 1829 951 credit
1850 927 1879 951 et
1900 927 2014 958 poterat
2029 933 2130 959 capere
2144 933 2179 952 ex
2198 925 2291 952 verbis

422 979 491 1004 dicti
506 979 599 1004 fratris
612 977 786 1010 Raynmndi,
803 977 881 1002 idem
895 977 981 1002 frater
995 976 1186 1008 Raymnndus
1201 975 1341 1009 promissa
1355 977 1383 1000 et
1398 975 1467 1000 inde
1481 975 1547 1000 data
1565 974 1703 1008 peccunia
1717 982 1810 1008 usque
1825 974 1861 1000 ad
1876 982 1912 1000 xx
1927 975 2040 1000 francos
2055 975 2111 1000 fuit
2125 974 2161 1000 ad
2180 974 2289 1000 dictam

422 1027 570 1053 licenciam
583 1025 733 1052 admissus.
750 1026 946 1058 Interrogatus
963 1033 1000 1050 an
1016 1024 1172 1050 mutaverit
1187 1024 1321 1050 ordinem
1336 1024 1470 1049 debitum
1489 1023 1652 1049 secundum
1667 1023 1861 1056 depositiones
1883 1023 2103 1056 magistrorum.
2121 1023 2194 1049 dixit
2209 1023 2290 1057 quod

421 1076 456 1102 de
472 1076 525 1101 hoc
540 1075 684 1108 deponere
699 1082 758 1100 non
774 1076 876 1107 potest,
893 1074 960 1107 quia
976 1081 1035 1099 non
1051 1075 1092 1099 est
1111 1073 1162 1098 diu
1178 1073 1259 1106 quod
1280 1073 1340 1106 ipse
1362 1073 1417 1098 fuit
1433 1073 1579 1105 magister.
1596 1073 1683 1098 Plura
1697 1072 1769 1098 dixit
1789 1080 1817 1098 se
1831 1073 1939 1098 nescire
1951 1072 1987 1098 de
2002 1072 2146 1098 contentis
2166 1072 2198 1098 in
2212 1072 2291 1098 dicto

421 1125 552 1153 articulo.
567 1124 721 1156 diligenter
737 1131 822 1156 super
838 1123 892 1148 hoc
908 1122 1108 1156 requisitus...

507 1172 567 1206 viij.
585 1173 657 1198 Item
673 1172 808 1204 magister
826 1172 970 1197 umacus
984 1171 1112 1200 Hssnour.
1130 1170 1266 1203 magister
1286 1171 1317 1196 in
1337 1171 1492 1204 theologia.
1509 1171 1705 1203 interrogatus
1720 1178 1806 1203 super
1821 1170 1965 1196 contentis
1978 1170 2009 1195 in
2024 1175 2055 1195 x⁰
2069 1170 2203 1200 articulo,
2217 1169 2290 1196 dixit

477 1222 556 1254 quod
569 1221 645 1246 inter
657 1221 710 1246 alia
724 1221 834 1246 audivit
844 1228 859 1245 a
872 1220 950 1246 dicto
962 1220 1132 1246 cancellario
1148 1220 1178 1244 in
1192 1220 1277 1253 plena
1293 1220 1429 1246 facultate
1444 1222 1508 1253 post
1523 1219 1674 1253 quandam
1685 1219 1912 1252 expeditionem,
1929 1227 2021 1252 quam
2035 1219 2140 1245 fecerat
2154 1218 2290 1252 quinque

418 1270 581 1299 licenciatis,
596 1270 625 1295 in
642 1278 699 1303 qua
715 1269 897 1302 expeditione
912 1277 1008 1294 revera
1024 1269 1080 1294 fuit
1094 1269 1255 1301 assignatus
1269 1269 1300 1294 in
1315 1269 1422 1294 ultimo
1438 1269 1500 1295 loco
1518 1269 1655 1302 magister
1668 1269 1816 1294 Johannes
1827 1268 1918 1297 Adde.
1933 1268 1986 1301 qui
2002 1268 2115 1294 notorie
2127 1269 2188 1294 erat
2202 1267 2287 1294 suffl-

417 1318 537 1344 cientior
554 1326 644 1351 quam
667 1318 782 1347 tercius.
799 1317 883 1343 verba
903 1317 1055 1350 sequencia
1075 1317 1119 1343 vel
1141 1317 1171 1343 in
1195 1318 1301 1343 etI'ectu
1324 1317 1428 1343 similia
1446 1326 1452 1343 :
1471 1317 1585 1343 «Multi
1607 1317 1712 1342 dicunt
1734 1317 1815 1350 quod
1836 1324 1890 1349 ego
1913 1316 2020 1350 recipio
2043 1316 2197 1349 peccunias
2211 1315 2288 1342 ultra

417 1367 550 1395 modum,
567 1368 595 1392 et
610 1367 768 1400 specialiter
781 1366 884 1392 dicunt
901 1366 981 1399 quod
996 1374 1049 1399 ego
1065 1366 1154 1391 habui
1169 1374 1184 1392 a
1200 1366 1338 1398 magistro
1353 1366 1486 1392 Johanne
1502 1366 1582 1392 Adde
1597 1366 1660 1399 (qui
1675 1367 1736 1392 erat
1754 1366 1794 1391 ibi
1810 1364 1937 1399 presens)
1953 1373 2007 1391 xxx
2026 1365 2069 1391 vel
2084 1365 2112 1390 xl
2132 1365 2245 1391 francos
2260 1374 2286 1395 »‚

416 1418 450 1442 ut
464 1416 557 1442 eidem
574 1415 706 1449 loquenti
719 1415 842 1444 videtur.
858 1415 923 1440 licet
938 1423 997 1440 non
1013 1415 1147 1440 recordor
1160 1415 1233 1441 bene
1247 1415 1283 1441 de
1296 1404 1412 1440 summa
1428 1423 1479 1448 per
1491 1423 1560 1441 eum
1574 1415 1741 1444 nominata;
1756 1416 1784 1440 ot
1796 1414 1908 1440 addidit
1921 1414 1973 1440 ista
1984 1414 2068 1440 verba
2079 1414 2123 1440 vel
2138 1414 2169 1439 in
2181 1413 2286 1440 effectu

416 1465 529 1494 similia.
545 1467 623 1490 totus
638 1465 772 1489 turbatus
786 1473 792 1489 :
809 1474 821 1487 «
835 1464 917 1489 Certe
932 1464 991 1496 ipse
1004 1472 1064 1489 non
1077 1464 1157 1489 dedit
1172 1464 1225 1489 nisi
1242 1464 1284 1497 xvj
1300 1464 1421 1493 francos.
1436 1466 1464 1490 ct
1476 1464 1536 1497 ipse
1550 1464 1624 1490 bene
1637 1464 1698 1493 scit,
1713 1464 1765 1497 qui
1775 1465 1817 1489 est.
1827 1463 1875 1489 hic
1889 1471 2014 1496 presens,
2026 1465 2054 1489 et
2069 1464 2145 1489 certe
2157 1462 2288 1496 displicet

417 1513 505 1539 michi
525 1513 604 1546 quod
624 1521 677 1546 ego
698 1521 757 1538 non
773 1513 865 1538 habeo
881 1513 946 1546 plus
965 1523 989 1541 n.
1007 1512 1155 1545 loquendo
1171 1520 1231 1538 non
1247 1513 1342 1538 solum
1357 1513 1393 1538 de
1407 1513 1485 1538 dicto
1502 1513 1640 1546 magistro
1656 1513 1790 1538 Johanne
1806 1512 1896 1541 Adde.
1913 1511 1960 1537 sed
1976 1512 2150 1544 generaliter
2163 1511 2198 1537 de
2213 1511 2284 1537 aliis.

416 1563 450 1588 Et
465 1563 519 1587 alia
535 1562 594 1587 vice
616 1570 631 1587 a
653 1562 730 1587 dicto
754 1561 924 1587 cancellario
945 1561 1056 1586 audivit
1077 1561 1112 1587 de
1136 1562 1273 1594 magistro
1288 1562 1413 1587 Alnoldo
1429 1562 1545 1587 Ordinis
1568 1562 1715 1587 Minorum
1735 1561 1884 1594 loquendo
1899 1561 1985 1586 verba
2009 1560 2173 1594 sequenda,
2189 1560 2233 1586 vel
2255 1560 2287 1586 in

415 1612 519 1637 effectu
535 1611 638 1636 similia
653 1619 659 1635 :
678 1621 691 1633 1(
706 1611 755 1636 1110
771 1610 857 1636 miser
871 1618 931 1635 non
946 1610 1025 1636 dedit
1042 1610 1130 1635 michi
1148 1611 1200 1635 nisi
1215 1619 1305 1636 unam
1321 1611 1439 1636 bursam
1453 1611 1587 1644 quinque
1602 1610 1775 1639 solidorum.
1791 1612 1820 1636 et
1834 1610 1909 1635 insra
1924 1609 2043 1635 bursam
2059 1617 2119 1635 non
2134 1610 2218 1635 erant
2232 1608 2287 1635 nisi

415 1660 515 1686 decem
531 1659 621 1685 franci
636 1669 660 1689 n,
677 1659 883 1692 conquerendo
898 1659 933 1684 de
947 1667 979 1684 eo
993 1659 1061 1692 quia
1075 1661 1136 1685 erat
1152 1659 1312 1685 modicum.

504 1709 575 1734 Item
591 1716 677 1740 super
690 1713 756 1733 xxv0
772 1708 929 1740 respondit,
946 1716 974 1734 se
989 1708 1079 1733 nichil
1093 1708 1172 1733 aliud
1188 1708 1258 1734 scire
1270 1709 1305 1734 de
1321 1716 1386 1734 vera
1401 1709 1518 1734 scientia
1538 1708 1591 1734 nisi
1612 1710 1701 1742 prout
1716 1716 1803 1741 supra
1824 1708 1855 1733 in
1870 1707 1984 1734 decimo
1999 1707 2123 1733 articulo
2137 1706 2283 1740 deposuit,

415 1757 491 1783 salvo
505 1757 585 1790 quod
600 1757 630 1782 in
646 1757 737 1790 specie
751 1757 861 1782 audivit
875 1765 891 1782 a
905 1757 991 1782 fratre
1004 1756 1136 1782 Johanne
1150 1757 1208 1789 Gay
1223 1757 1338 1782 Ordinis
1354 1757 1571 1783 Predicatorum
1587 1757 1749 1783 sufficiente
1764 1756 1928 1782 bachalario
1943 1757 2070 1782 formato
2083 1756 2114 1782 in
2127 1755 2283 1789 theologia,

415 1806 494 1839 quod
509 1806 568 1838 ipse
582 1806 668 1831 frater
681 1806 827 1831 Johannes
841 1805 920 1830 dedit
937 1805 1106 1831 cancellario
1123 1814 1157 1830 xx
1170 1806 1291 1835 francos.
1305 1806 1410 1832 timens
1424 1808 1457 1831 ut
1473 1814 1506 1832 ex
1519 1806 1736 1832 verissimilibus
1751 1804 1988 1840 conjectur[abat]
2009 1804 2090 1838 quod
2108 1804 2286 1838 impediebat

414 1862 484 1880 eum
499 1854 685 1880 cancellarius
700 1854 730 1879 in
745 1854 853 1880 lectura
869 1854 1089 1880 Sentenciarum
1104 1856 1132 1880 et
1151 1855 1386 1888 responsionibus
1405 1855 1471 1885 suis,
1489 1856 1563 1881 sicut
1578 1855 1693 1881 videbat
1713 1855 1743 1880 in
1760 1854 1861 1880 multis
1883 1854 1954 1880 aliis.
1972 1854 2007 1879 Et
2026 1853 2149 1879 ulterius
2169 1853 2243 1879 dixit
2256 1860 2286 1880 se

413 1903 553 1929 audivisse
573 1911 589 1928 a
609 1903 724 1928 duobus
743 1903 921 1931 bachelariis.
937 1903 1066 1928 videlicet
1088 1911 1103 1928 a
1126 1903 1264 1936 magistro
1279 1904 1381 1937 Egidio
1400 1904 1436 1930 de
1451 1904 1578 1938 Campis,
1599 1906 1673 1930 tunc
1694 1903 1869 1933 bachalario.
1884 1905 1913 1929 et
1928 1911 1943 1929 a
1958 1903 2098 1935 magistro
2118 1902 2283 1928 Guillermo

414 1952 534 1980 Gorren.
551 1951 631 1984 quod
645 1951 795 1984 elegissent
810 1951 937 1977 cundem
953 1952 1004 1985 qui
1024 1952 1157 1985 loquitur
1172 1952 1202 1977 in
1218 1953 1393 1985 magistrum
1406 1953 1549 1986 ipsorum,
1564 1953 1633 1986 quia
1649 1954 1771 1979 suerunt
1785 1953 1905 1979 scolares
1920 1952 1963 1978 sui
1979 1953 2007 1978 et
2024 1952 2060 1978 de
2075 1951 2197 1978 nacione
2212 1959 2280 1981 sua;

413 2002 511 2026 tamen
527 2000 714 2026 cancellarius
728 2000 875 2033 predictus
888 2008 938 2033 per
951 2001 1060 2026 multos
1074 2001 1175 2026 modos
1192 2002 1311 2034 cogebat
1326 2010 1373 2027 eos
1388 2002 1424 2027 ad
1437 2002 1638 2035 recipiendum
1654 2002 1781 2035 gradum
1796 2002 1851 2027 sub
1866 2002 1973 2035 ipso....

501 2049 573 2074 Item
593 2057 679 2082 super
701 2049 741 2074 lv⁴¹
762 2049 835 2073 dixit
850 2049 930 2082 quod
946 2049 998 2074 sibi
1014 2051 1125 2075 constat
1145 2052 1172 2075 et
1194 2052 1235 2075 est
1255 2052 1349 2076 certus
1364 2051 1444 2084 quod
1459 2051 1554 2076 dictus
1568 2051 1756 2077 cancellarius
1770 2059 1830 2076 non
1846 2050 1931 2084 peciit
1946 2050 1982 2076 ab
2001 2050 2063 2083 ipso
2078 2049 2130 2083 qui
2149 2049 2284 2082 loquitur

412 2098 622 2131 depositionem
638 2105 720 2123 suam
735 2097 771 2123 de
792 2098 966 2123 sufficiencia
982 2100 1009 2123 et
1029 2098 1090 2123 aliis
1104 2098 1151 2133 (de
1166 2099 1274 2132 quibus
1293 2101 1469 2125 consuetum
1491 2101 1533 2126 est
1555 2100 1649 2133 queri,
1673 2100 1794 2133 quando
1813 2099 1922 2126 debent
1945 2098 2090 2125 licenciati
2114 2097 2283 2132 bachalarii)

413 2146 564 2180 eujusdam
584 2146 740 2172 bachalarii
763 2146 798 2171 de
819 2146 928 2172 Ordine
952 2147 1169 2180 Augustinens..
1194 2148 1245 2181 qui
1267 2149 1373 2174 ultimo
1396 2149 1452 2174 suit
1476 2149 1654 2178 licenciatus,
1676 2149 1712 2174 de
1734 2149 1819 2182 cujus
1839 2148 1960 2174 nomine
1981 2155 2042 2174 non
2059 2147 2238 2176 recordatur.
2254 2148 2283 2173 et

413 2197 530 2228 apparet
545 2195 596 2220 sibi
610 2195 689 2228 qnod
702 2195 737 2220 de
754 2195 931 2228 quibusdam
947 2196 1009 2221 aliis
1024 2196 1111 2221 etiam
1126 2204 1184 2221 non
1201 2197 1256 2222 fuit
1269 2197 1464 2231 iuterrogatus
1480 2198 1600 2231 quando
1614 2197 1783 2224 debuerunt
1798 2197 1953 2226 licenciari.
1969 2196 2018 2222 sed
2032 2196 2068 2222 de
2082 2195 2190 2229 quibus
2204 2197 2234 2222 et
2247 2194 2283 2222 de

414 2246 487 2277 quot
501 2252 560 2269 non
577 2244 790 2269 rccordatur....

502 2292 540 2318 ix.
564 2293 694 2325 Magister
710 2293 804 2318 anox
820 2293 933 2318 Faunos
950 2294 1086 2326 magister
1101 2294 1131 2319 in
1148 2295 1302 2328 theologia,
1316 2295 1430 2328 pridem
1443 2296 1561 2329 juratus
1575 2297 1603 2322 et
1618 2296 1817 2329 interrogatus
1832 2303 1919 2328 super
1933 2294 2123 2327 infrascriptis
2137 2293 2280 2327 capitulis,

415 2343 442 2367 ct
457 2341 552 2373 primo
567 2349 652 2374 super
666 2343 753 2370 sexto,
768 2341 839 2366 dixit
855 2350 882 2367 se
902 2342 969 2368 inde
991 2343 1060 2368 scire
1080 2351 1137 2376 que
1157 2346 1304 2369 secuntur.
1321 2345 1356 2370 Et
1370 2345 1467 2377 primo
1480 2345 1552 2370 dixit
1566 2353 1630 2370 vera
1646 2352 1704 2370 esse
1719 2346 1857 2370 contenta
1871 2344 1901 2369 in
1917 2344 1995 2369 dicto
2009 2343 2142 2372 articulo,
2159 2341 2282 2368 reddens

416 2398 531 2415 causam
547 2389 662 2415 scientie
677 2398 726 2415 sue
742 2390 810 2422 quia
825 2390 883 2423 ipse
900 2391 954 2416 fuit
969 2391 1128 2424 perdecem
1142 2400 1233 2418 annos
1245 2394 1287 2419 vel
1301 2393 1373 2419 circa
1387 2394 1640 2423 subcancellarius.
1654 2394 1784 2419 videlicet
1798 2393 1834 2418 de
1849 2395 1981 2426 tempore
1997 2391 2127 2424 magistri
2139 2389 2282 2417 Johannis

416 2438 451 2464 de
466 2439 574 2471 Acyaco
590 2439 749 2463 cancellarii
760 2438 777 2467 ⁵,
794 2441 821 2464 et
836 2439 874 2464 ita
888 2439 958 2465 vidit
973 2448 1086 2473 semper
1099 2443 1127 2466 ct
1142 2442 1262 2467 audivit.

505 2487 576 2512 Item
593 2485 696 2521 supe[r]
714 2492 789 2516 xxv0.
805 2487 866 2512 aliis
881 2488 990 2513 omissis
1009 2489 1044 2514 de
1059 2490 1207 2516 voluntate
1223 2491 1460 2523 producentium,
1484 2491 1557 2516 dixit
1580 2498 1608 2517 se
1633 2491 1723 2516 nichil
1743 2491 1860 2524 penitus
1879 2489 1949 2516 scire
1963 2489 1999 2515 de
2013 2496 2079 2515 vera
2093 2488 2211 2514 scientia
2228 2493 2281 2514 nec

415 2535 555 2561 audivisse
570 2543 620 2568 per
631 2535 701 2560 alios
716 2543 805 2568 quam
822 2544 871 2568 per
884 2538 997 2568 partem
1010 2538 1185 2563 contrariam
1199 2540 1382 2569 cancellario;
1397 2548 1499 2565 verum
1513 2541 1554 2565 est
1570 2541 1669 2565 tamen
1682 2540 1762 2572 quod
1777 2546 1847 2565 usus
1859 2540 1888 2564 et
1902 2537 2083 2564 consuetudo
2097 2537 2152 2562 fuit
2167 2543 2280 2569 semper

415 2584 445 2609 in
461 2584 556 2609 studio
573 2584 730 2613 Pal-islensi,
745 2585 824 2617 quod
840 2587 954 2618 recepto
969 2586 1080 2618 signeto
1095 2586 1125 2611 in
1146 2587 1281 2613 facultate
1297 2589 1441 2621 theologie
1457 2597 1507 2621 per
1522 2589 1650 2614 volentes
1665 2588 1809 2614 licenciari
1831 2587 1884 2621 ipsi
1906 2587 2041 2615 mittunt,
2058 2587 2148 2619 prout
2164 2585 2278 2615 volunt.

413 2633 567 2659 liberaliter
580 2633 687 2665 absque
703 2633 833 2665 pactione
849 2634 904 2659 sire
919 2635 1067 2660 coaccione
1083 2643 1260 2669 quacunque
1277 2637 1388 2670 aliquid
1404 2637 1584 2663 cancellario.
1600 2637 1627 2662 Si
1640 2645 1705 2663 vero
1720 2637 1907 2663 cancellarius
1921 2636 2068 2669 predictus
2080 2635 2152 2661 circa
2164 2634 2279 2660 dictum

414 2690 501 2706 nsum
517 2682 694 2706 connniserit
709 2681 843 2709 abusum.
861 2682 988 2713 ignei-1112
1007 2683 1028 2708 si
1045 2685 1141 2709 tamen
1160 2686 1239 2710 tieret
1255 2686 1298 2710 vel
1318 2686 1427 2711 sactum
1446 2686 1541 2715 suerit,
1559 2686 1632 2711 illud
1647 2686 1822 2719 dampnaret
1838 2687 1866 2711 et
1886 2684 2063 2717 reprobaret.
2081 2684 2279 2716 Interrogatus

412 2732 559 2763 quantum
575 2730 771 2755 communiter
790 2731 937 2756 consuevit
962 2732 1038 2756 mitti
1064 2741 1112 2764 per
1132 2734 1304 2766 quemlibet.
1327 2735 1400 2760 dixit
1424 2735 1503 2768 quod
1528 2735 1687 2768 aliquando
1709 2734 1820 2763 (1000111,
1837 2733 1996 2767 aliquando
2018 2733 2093 2766 plus,
2114 2732 2277 2758 secundum

412 2780 501 2804 status
517 2779 559 2804 vel
574 2779 722 2803 facultates
738 2779 992 2804 licentiandorum.
1011 2781 1042 2805 lit
1060 2781 1118 2813 ip>e
1133 2783 1184 2814 qni
1204 2783 1346 2815 loquitur,
1366 2784 1417 2816 qui
1440 2784 1495 2809 suit
1510 2784 1677 2809 licenciatus
1698 2791 1777 2809 anno
1793 2783 1833 2808 lv⁰
1849 2790 1900 2815 per
1914 2782 2081 2815 predictum
2102 2780 2277 2813 magistrum

410 2828 575 2853 Johannem
591 2827 625 2852 de
641 2827 759 2859 Acyaco,
776 2828 859 2859 cujus
872 2830 928 2852 erat
947 2829 1202 2859 vicecancellarius,
1218 2831 1293 2856 misit
1310 2832 1386 2857 dicto
1403 2834 1472 2858 tunc
1486 2832 1656 2857 cancellario
1671 2834 1786 2865 recepto
1801 2832 1912 2864 signeto
1925 2831 1962 2864 xij
1980 2831 2104 2856 florenos
2121 2831 2193 2855 tunc
2207 2837 2276 2855 cur·

411 2878 505 2902 rentes
520 2884 570 2900 sua
587 2876 701 2908 propria
717 2876 875 2904 voluntate,
893 2877 961 2909 quia
983 2879 1051 2902 tune
1072 2880 1132 2903 erat
1152 2880 1270 2904 solitum
1286 2882 1314 2905 et
1335 2881 1534 2906 communiter
1550 2881 1637 2906 fiebat
1659 2888 1710 2914 per
1729 2888 1831 2906 omnes
1855 2879 2057 2905 licenciaudos.
2081 2878 2181 2904 Cetera
2203 2885 2275 2904 con-

412 2926 490 2950 tenta
505 2925 534 2949 in
548 2924 625 2949 dicto
640 2924 762 2949 articulo
777 2924 849 2949 dixit
865 2933 892 2950 se
906 2925 1084 2957 ignorare...

534 2973 573 2994 117.
