2488 3386
171 365 266 401 1380]
588 376 633 397 ΑΒ
668 375 772 397 ANNO
803 374 933 396 MCCCI.
968 374 1098 402 USQUE
1134 374 1181 395 Ao
1218 374 1480 395 BENED1CTUM
1515 374 1606 395 Χιιι.
1965 364 2028 396 297

168 460 211 475 un.
233 451 302 479 1380,
326 450 459 481 Septemb.
479 450 518 472 16.
539 463 570 466 -
586 450 609 472 4.
629 449 779 472 Dominicus
796 448 872 471 Parvi
889 456 935 471 seu
950 447 1025 475 Petit,
1047 456 1062 470 u
1083 447 1155 470 ι11111ίί
1177 448 1206 470 23
1220 447 1282 476 (vid.
1308 455 1389 478 supra
1405 456 1431 478 p.
1448 448 1501 476 162,
1520 449 1593 476 not.).
1616 461 1642 464 —
1661 450 1682 470 5.
1700 448 1761 471 Rem
1779 447 1816 470 sic
1835 451 1925 471 narrat
1940 451 2030 470 auctor

169 499 324 519 coaetaneus
338 494 399 517 libri
415 494 572 524 Chronique
587 495 632 518 des
644 497 748 524 quatre
759 493 896 523 premit-'rs
911 492 1011 519 Valois‚
1027 492 1067 514 ed.
1080 492 1184 514 Simeon
1201 492 1267 514 Luce
1284 492 1377 520 (Paris,
1395 492 1473 521 1862),
1489 500 1514 522 p.
1530 493 1590 514 288:
1607 500 1617 514 (ι
1632 492 1664 515 Le
1680 500 1756 522 corps
1771 492 1846 515 dudit
1861 501 1915 523 roy,
1931 501 2030 515 comme

170 541 188 563 il
203 541 241 563 tut
254 539 395 570 trespassd,
412 539 450 561 sut
460 541 560 567 ouvert,
576 538 708 560 embnsme
724 540 748 560 ct
763 537 879 560 ordonne'
892 544 992 559 comme
1006 536 1023 558 il
1037 539 1076 558 est
1091 537 1258 558 θοι-0115111100
1272 536 1302 558 dc
1315 535 1379 558 faire
1394 543 1444 558 aux
1459 544 1519 566 roys
1536 536 1566 558 do
1582 536 1688 564 Franco,
1705 539 1730 558 et
1746 537 1783 558 sut
1798 538 1907 567 apportt‘·
1921 538 1934 559 a
1948 537 2031 559 Puris.

171 585 202 608 Et
216 591 316 607 comme
331 583 355 606 le
375 591 452 614 corps
468 582 548 605 deubt
562 582 648 613 purtir
663 582 694 605 de
716 581 935 605 Saint-Anthoine
955 582 969 603 a
992 580 1066 603 venir
1083 581 1097 602 a
1113 580 1197 609 Paris,
1214 581 1240 602 Ia
1261 580 1339 603 estoit
1358 583 1414 602 tout
1436 580 1460 602 le
1479 580 1576 610 clergie
1592 581 1622 603 de
1646 580 1729 607 Paris,
1745 581 1783 602 les
1800 581 1880 603 freres
1897 581 1931 603 du
1947 589 1993 612 roy
2008 585 2033 604 et

169 632 247 657 grant.
264 628 348 651 foison
364 627 395 650 de
412 627 519 650 bnt-ons.
536 626 715 650 L'Universite
729 626 761 649 de
776 625 859 653 Puris,
876 625 900 648 Ie
916 628 1018 648 recteur
1039 627 1064 647 et
1079 625 1116 647 les
1134 624 1254 647 maistres
1278 624 1322 647 des
1339 627 1431 655 quatre
1447 624 1566 647 Facultes
1586 625 1725 647 vouldrent
1742 625 1796 647 aler
1813 625 1908 648 devant
1921 634 1953 647 au
1971 626 2031 656 plus

170 674 231 704 pres
248 672 282 695 du
298 680 375 702 corps
391 671 426 694 du
438 679 486 702 roy
498 671 594 694 devant
609 671 632 693 le
649 670 787 701 choppitre
800 670 831 692 de
842 669 1032 693 Nostro-Dalne
1048 669 1079 691 de
1095 668 1168 691 Paris
1185 672 1210 691 et
1224 669 1247 691 le
1263 668 1401 699 chnppitre
1414 669 1445 691 (10
1461 669 1485 691 Ia
1502 669 1605 691 Saincte
1621 668 1765 699 Chappelle
1780 669 1814 691 du
1825 669 1910 700 pnlais
1927 670 1961 692 du
1977 678 2032 700 roy.

171 718 206 741 Lin
221 717 311 740 sourdi
329 724 363 739 un
379 719 457 747 grant
471 715 550 738 debut
562 715 625 738 dont
640 715 663 738 le
674 716 781 746 pre'vost
799 714 830 737 de
843 713 926 741 Paris,
941 714 1046 744 Hngues
1063 713 1196 742 Aubriost,
1211 722 1278 744 nugs
1294 713 1368 736 homs
1385 721 1490 738 crueux,
1504 713 1549 743 luy
1564 716 1589 735 et
1600 721 1640 736 ses
1660 721 1766 744 sergens
1783 715 1877 742 armes,
1893 718 2034 737 coururent

171 770 215 784 sus
231 769 282 784 aux
296 761 386 788 clercs,
406 763 431 783 et
445 768 476 783 en
494 761 633 782 navrerent
654 759 796 790 plusieursy
814 762 839 782 et
854 758 913 781 bien
931 758 991 789 plus
1010 758 1041 781 de
1063 758 1201 780 trente-six
1216 766 1246 780 en
1264 758 1384 780 mistrent
1399 765 1429 780 en
1445 757 1545 788 prison.
1560 757 1608 780 Les
1626 757 1707 780 clercs
1724 758 1861 780 n'estoicnt
1873 767 1920 789 pas
1937 760 2033 787 armes,

171 806 193 829 si
212 807 298 828 furent
314 813 381 836 pour
400 812 427 827 00
440 804 501 835 jour
519 804 557 827 les
580 803 640 835 plus
661 803 759 827 fiebles.
780 811 790 825 ›)
808 803 847 826 Cf.
866 803 916 827 Les
931 804 1055 832 yrandes
1072 802 1240 833 Cht'oniques
1257 803 1290 826 (Ze
1306 803 1422 829 Frcmce,
1446 802 1486 824 ed.
1508 802 1535 824 P.
1557 802 1640 830 Paris,
1657 802 1698 828 VI,
1720 810 1747 832 p.
1765 803 1819 825 1169.
1844 816 1871 819 —
1897 805 1919 827 6.
1938 803 1972 826 De
1992 803 2032 825 his

168 859 224 882 Jam
239 858 328 881 supra,
348 849 389 872 vel
404 848 430 872 in
445 851 563 873 Λυσίαν.
578 862 608 865 -
624 849 645 871 7.
659 848 791 871 Johnnnes
808 848 839 870 de
855 847 980 878 Aug-usia,
999 847 1101 875 Scotus,
1119 846 1168 869 suit
1182 850 1235 869 nat.
1251 846 1363 877 Anglic.‚
1380 850 1405 869 et
1419 849 1504 869 rector
1522 846 1555 868 ab
1569 846 1659 869 octob.
1680 847 1708 868 10
1724 846 1837 869 circiter.
1851 860 1882 864 —
1897 848 1919 869 8.
1936 847 2009 877 Orig.
2027 855 2031 870 z

173 903 184 917 (‹
203 897 228 918 et
244 902 271 917 se
287 894 313 925 je
331 902 362 916 ne
381 893 452 916 renie
471 893 535 916 Dieu
552 901 574 916 ι.
591 906 617 909 —-
634 894 658 915 9.
673 893 764 915 Exstat
779 892 810 915 de
831 892 880 914 hoc
902 892 1105 914 instrumentum
1121 899 1163 914 an.
1186 891 1255 923 1381,
1274 891 1357 922 April.
1378 892 1400 918 6,
1422 890 1448 913 in
1465 891 1542 913 Arch.
1567 894 1620 913 nat.
1643 891 1727 915 Paris.
1750 891 1871 914 iva-1471
1897 892 1985 919 (Coris.
2011 896 2035 916 et

171 939 279 969 piaid.),
299 938 344 961 sol.
364 937 434 965 5321’,
456 937 482 960 in
497 945 547 968 quo
564 945 575 960 «
591 937 629 960 les
649 945 724 959 noms
746 937 777 959 dc
793 945 856 959 ceux
871 936 916 968 qui
934 939 1022 959 seront
1039 936 1160 967 adjornez
1177 937 1191 958 a
1209 935 1358 966 comparoir
1375 943 1406 958 en
1426 943 1555 966 personne
1575 943 1605 958 en
1625 936 1772 966 parlement
1792 937 1804 958 i·
1827 935 1853 958 la
1869 939 1988 966 requeste
2004 937 2035 959 de

171 982 340 1007 l'Universite
356 982 387 1005 de
403 981 476 1005 Puris
494 985 519 1005 et
531 981 562 1004 de
578 981 685 1004 maistre
701 981 855 1012 Dominique
871 981 946 1009 Petit,
960 980 1031 1012 judis
1049 983 1160 1009 recteur,
1175 983 1200 1003 et
1215 988 1314 1003 aucuns
1331 982 1418 1002 autres
1435 979 1576 1010 singuliers
1593 980 1692 1002 d'icelle
1708 979 1857 1003 Universite
1872 983 1996 1003 centenus
2012 984 2037 1004 et

173 1028 322 1051 denommez
338 1029 365 1050 es
380 1027 469 1050 lettres
483 1026 518 1049 du
533 1034 580 1057 roy
591 1034 639 1057 par
655 1026 711 1049 euls
723 1027 867 1057 empe'tre'es
884 1034 907 1049 1).
924 1026 993 1048 Inter
1006 1025 1065 1048 illos
1079 1025 1181 1055 primus
1198 1024 1347 1047 nominatus
1362 1034 1374 1046 α
1390 1024 1498 1047 messire
1512 1025 1618 1055 lluguos
1635 1024 1913 1055 Aub1·i0t,p1·evostde
1928 1025 2001 1048 Paris
2015 1034 2036 1054 »‚

173 1076 198 1096 et
215 1072 242 1095 21
262 1081 274 1094 «
290 1071 426 1103 seigneurs
441 1079 451 1093 ι)
466 1074 491 1094 et
505 1080 518 1092 «
535 1078 642 1102 sergens
660 1079 680 1093 1).
697 1070 754 1093 Vid.
774 1073 910 1101 praeterea
923 1070 991 1092 infra
1008 1074 1036 1092 n⁰
1052 1070 1120 1092 1457.

181 1273 322 1310 1455.
349 1281 474 1307 Clemens
492 1281 624 1316 Vll(Jol1.
642 1281 677 1307 de
695 1281 807 1313 Calore)
820 1280 994 1306 cancellario
1010 1282 1116 1314 Paris,
1136 1285 1165 1305 ut
1180 1280 1336 1305 Iohannem
1355 1281 1418 1305 Gaii
1434 1282 1623 1307 il'anctonens.
1639 1281 1738 1315 dioec„
1756 1281 1821 1307 ord.
1835 1284 1904 1315 frat.
1923 1282 2039 1313 Praed.,

265 1331 356 1356 nostri
374 1331 452 1356 sacri
468 1330 577 1366 palatii
593 1330 747 1366 apostolici
768 1329 977 1363 baccalareum,
997 1330 1046 1364 qui
1066 1329 1116 1354 diu
1132 1330 1208 1355 circa
1229 1329 1399 1363 facultatem
1413 1339 1437 1355 s.
1460 1329 1543 1355 theol.
1560 1339 1612 1365 per
1632 1330 1716 1365 longa
1733 1334 1860 1366 tempora
1877 1332 1905 1356 in
1922 1331 2041 1357 diver-sis

268 1389 283 1399 o

263 1379 447 1414 veneralibus
463 1379 569 1404 studiis
589 1379 741 1413 insudavit,
762 1378 880 1413 legendo
897 1379 925 1404 in
942 1378 1007 1404 villa
1024 1378 1059 1404 de
1074 1378 1227 1414 Ruppella,
1245 1378 1273 1403 in
1292 1379 1466 1403 Pictavensis
1488 1382 1515 1403 et
1529 1379 1744 1413 studegavensis
1762 1380 1905 1405 civitatum
1925 1389 2041 1405 conven-

267 1428 352 1462 tibus,
370 1428 410 1453 ad
425 1427 559 1462 legendos
575 1427 661 1453 libros
681 1427 892 1453 Sententiarum
907 1428 1031 1453 Parisiis
1053 1428 1081 1452 in
1096 1427 1230 1453 secundis
1249 1427 1354 1452 scholis
1369 1431 1518 1453 conventus
1543 1429 1569 1453 in
1589 1428 1678 1454 hieme
1695 1428 1824 1454 videlicet
1842 1429 1911 1454 anni
1930 1429 2043 1454 Domini

266 1477 395 1512 proxime
410 1478 503 1511 futuri
522 1478 599 1507 1382,
621 1476 751 1512 alioquin
773 1477 997 1512 quotiescunque
1017 1480 1084 1512 post
1105 1476 1210 1501 dictum
1233 1477 1381 1502 terminum
1402 1476 1459 1502 sibi
1476 1476 1628 1512 placuerit7
1647 1477 1793 1503 admittat.
1816 1478 1880 1504 Dat.
1902 1478 2044 1504 Avinione

268 1534 284 1551 v
299 1527 355 1552 kal.
373 1526 514 1555 Januarii‚
529 1526 717 1560 pontificatus
731 1526 822 1552 nostri
837 1533 915 1552 anno
931 1526 1025 1552 tertio.
1045 1536 1057 1550 α
1073 1526 1131 1551 Viri
1147 1534 1222 1552 sacre
1240 1537 1262 1550 υ.

1322 1575 1397 1603 1380,
1413 1575 1559 1601 Decembris
1573 1576 1616 1605 28,
1631 1576 1760 1602 Arenlone.

274 1664 336 1695 Reg.
351 1664 407 1687 Vnt.
423 1665 502 1687 Aven.
516 1663 657 1687 Clementis
674 1664 726 1692 VH,
742 1664 794 1687 vol.
811 1664 875 1692 XXI,
895 1664 938 1686 sol.
955 1664 1027 1687 5191».
1044 1676 1075 1680 —-
1090 1664 1136 1686 An.
1156 1663 1225 1691 1384,
1241 1663 1305 1686 Julii
1321 1663 1358 1692 15,
1376 1663 1523 1686 sententias
1543 1663 1598 1694 jam
1616 1663 1689 1694 legit,
1707 1666 1732 1686 et
1747 1663 1866 1686 Clemens
1883 1664 1928 1686 Vll
1943 1665 2046 1687 cancel-

181 1707 247 1731 lario
270 1708 393 1739 injungit,
409 1711 437 1731 ut
451 1711 512 1739 post
533 1708 686 1739 diligentem
706 1708 925 1731 examinationem
945 1708 1058 1732 ,Iohanni
1081 1708 1227 1738 magisterii
1250 1707 1375 1730 honorem
1395 1711 1420 1731 et
1442 1708 1550 1731 docendi
1572 1708 1704 1730 licentiam
1725 1708 1850 1731 concedat
1871 1709 1943 1739 (Reg.
1967 1710 2046 1731 Aven.

182 1752 262 1776 Clem.
280 1753 335 1781 Vll,
350 1753 402 1776 vol.
421 1753 528 1781 XXXIV,
547 1753 590 1775 fol.
613 1754 666 1776 5110.
686 1762 696 1775 «
714 1752 767 1775 Viri
784 1761 857 1775 sacre
875 1754 906 1781 »).
923 1753 1082 1775 Licentiatus
1104 1756 1244 1775 esttamen
1267 1753 1352 1775 solum
1372 1760 1414 1775 an.
1437 1753 1495 1775 138ss
1517 1753 1595 1781 (13⁸7)
1615 1761 1627 1775 0
1645 1753 1732 1776 Catal.
1750 1753 1840 1776 livent.
1859 1752 1883 1775 in
1908 1753 1976 1775 Bibl.
1994 1756 2046 1775 nat.

182 1797 308 1826 An.139l1,
320 1797 383 1820 Julii
399 1798 424 1829 9,
438 1798 520 1820 sactus
536 1800 583 1825 est,
599 1800 660 1828 post
672 1800 783 1820 mortem
798 1797 889 1820 Jacohi
903 1797 934 1820 de
950 1798 1053 1828 Moreyo
1071 1797 1111 1826 (de
1126 1805 1176 1828 qno
1193 1805 1274 1828 supra
1290 1802 1319 1819 n⁰
1332 1797 1411 1826 1271).
1429 1806 1440 1819 «
1458 1797 1501 1827 qni
1515 1797 1594 1828 paulo
1611 1800 1686 1819 antea
1702 1797 1727 1819 in
1739 1797 1811 1820 curia
1825 1797 1925 1820 obierat
1939 1806 1960 1825 ›>‚
1978 1805 2047 1828 mag.

183 1840 333 1863 scholarum
354 1841 446 1872 palatii
471 1844 557 1872 apost.
580 1842 659 1864 Aven.
679 1843 700 1870 ((1
720 1841 847 1872 magister
870 1841 966 1872 palacii
987 1849 1035 1872 pro
1054 1841 1187 1871 theologia
1209 1844 1240 1870 n),
1257 1841 1399 1871 eodemque
1415 1841 1456 1863 dic,
1475 1841 1653 1871 juramentum
1674 1841 1807 1871 praestitit
1830 1841 1864 1870 (in
1886 1843 1948 1872 Reg.
1969 1842 2047 1864 Aven.

184 1884 266 1908 clem.
279 1885 333 1914 vn,
350 1885 401 1908 vol.
416 1886 499 1914 LXIV,
516 1886 532 1908 f.
548 1885 628 1914 5921’).
645 1885 782 1909 Omittitnr
793 1885 864 1916 apud
876 1885 1093 1914 Que'tif-Echard‚
1109 1885 1217 1916 Script.¹
1232 1888 1291 1910 etc..
1308 1886 1327 1913 1,
1344 1893 1370 1916 p.
1385 1893 1437 1908 xx1.

191 2072 333 2109 1456.
359 2083 474 2107 Statuta
499 2083 626 2108 nationis
650 2082 819 2108 Gallicanae
838 2082 890 2108 sub
909 2086 1096 2118 procuratore
1119 2092 1193 2117 mag.
1219 2083 1347 2108 Iohanne
1370 2082 1505 2118 Luqueti'
1534 2082 1568 2108 de
1591 2083 1695 2116 missis,
1723 2083 1758 2109 de
1782 2085 1855 2117 festo
1880 2084 2050 2109 celebrando

278 2131 474 2166 Conceptionis
490 2132 519 2157 B.
544 2131 674 2166 Virginis,
693 2131 728 2157 de
742 2131 856 2157 scholis.

1191 2168 1266 2197 1380,
1281 2176 1370 2193 mense
1386 2167 1636 2197 Moremb.-Becemb.,
1653 2169 1766 2194 Parisiis.

279 2250 370 2293 [Quo
393 2255 638 2295 procuratore]
662 2251 788 2283 remoti
811 2257 895 2283 sunt
916 2250 1089 2291 merelli2,
1114 2258 1148 2283 et
1168 2251 1232 2283 suit
1254 2250 1490 2284 deliberatum
1515 2252 1610 2296 quod
1632 2253 1760 2284 amodo
1785 2259 1994 2297 procurator
2016 2253 2051 2284 in

189 2315 353 2360 quolibet
382 2329 507 2349 mense
538 2316 687 2349 haberet
716 2317 862 2349 nomina
890 2318 1049 2349 omnium
1082 2317 1285 2362 regentium
1315 2324 1349 2350 et
1381 2325 1531 2362 poneret
1562 2318 1644 2351 illos
1675 2319 1736 2363 qui
1766 2319 1985 2352 interessent
2017 2320 2051 2351 in

191 2382 314 2415 missis
335 2390 370 2415 01,
391 2384 570 2428 vesperis,
598 2390 635 2416 ut
665 2390 788 2428 posset
809 2384 923 2416 videri
944 2383 1048 2416 facile
1070 2384 1202 2428 quibus
1225 2384 1319 2416 natio
1343 2391 1537 2425 teneretur,
1564 2391 1598 2417 et
1619 2385 1679 2429 qui
1701 2392 1911 2418 tenerentur
1933 2386 2053 2418 resun-

192 2449 291 2481 dere.

284 2515 419 2548 Eodem
441 2528 547 2556 anno,
567 2516 624 2548 die
644 2517 682 2548 12
701 2517 837 2549 mensis
856 2516 1079 2553 Decembris,
1098 2517 1164 2548 suit
1185 2517 1273 2548 sacta
1295 2517 1530 2561 congregatio
1553 2517 1709 2549 nationis
1732 2530 1795 2562 per
1810 2518 2051 2562 juramentum

195 2582 398 2626 regentium
427 2589 462 2614 et
491 2595 563 2615 non
592 2583 810 2627 regentium,
838 2582 1001 2615 Johanne
1032 2583 1185 2627 Luqueti
1214 2583 1390 2615 existente
1421 2590 1666 2627 procuratore,
1694 2584 1736 2616 ad
1767 2585 1994 2616 statuendum
2024 2584 2054 2615 si

195 2659 287 2692 opus
309 2655 418 2689 esset,
442 2661 552 2693 super
572 2650 664 2682 sesto
686 2649 905 2682 celebrando
927 2650 963 2682 in
990 2650 1134 2682 natione
1162 2650 1198 2681 in
1220 2649 1467 2694 Conceptione
1498 2649 1659 2693 gloriose
1685 2650 1848 2694 Virginis
1876 2651 1998 2690 Marie7
2023 2657 2057 2682 et

197 2713 240 2746 de
263 2714 386 2755 scolis,
410 2722 476 2748 etc.
499 2715 640 2757 Quibus
662 2716 791 2760 positis
819 2716 854 2748 in
881 2716 1143 2748 deliberatione
1175 2728 1238 2760 per
1259 2716 1412 2748 eundem
1436 2723 1704 2760 procuratorem
1728 2717 1793 2749 suit
1820 2716 2054 2748 deliberatum

196 2781 427 2813 concorditer
461 2781 561 2814 nullo
597 2782 826 2823 reclamante,
861 2782 958 2826 quod
992 2783 1121 2814 amodo
1156 2781 1403 2814 celebraretur
1436 2783 1565 2814 festum
1603 2783 1862 2826 Conceptionis
1896 2782 2057 2826 gloriose

197 2846 300 2891 Virg.
323 2848 434 2880 Mario
456 2848 582 2880 eodem
613 2849 720 2881 modo
742 2861 813 2893 quo
839 2856 871 2881 01
901 2849 967 2881 alia
995 2850 1083 2881 festa
1116 2849 1235 2881 solent
1264 2847 1453 2888 celebrari7
1482 2849 1558 2880 sive
1590 2860 1653 2892 per
1680 2848 1822 2880 modum
1855 2849 1975 2880 statuti
2004 2848 2059 2880 vel

198 2912 297 2946 alias.

323 2974 369 2990 st*
389 2972 483 2996 Chare.
506 2972 582 2996 Unio.
601 2972 695 2997 Paris.
714 2973 758 2996 111.
1908 2973 1936 2993 :3⁸
