2488 3386
491 371 555 403 248
1058 370 1377 395 cumiTULAumM
1413 366 1602 390 Uvassns.
1640 365 1767 386 PARls.
1861 391 1863 394 .
2247 352 2346 388 [1379

492 455 597 478 christ..
615 453 656 480 ΧΙ,
673 453 709 479 Sto.
727 450 851 474 Nox-emb.
864 450 902 472 21.
916 463 941 466 —
954 450 975 472 5.
993 448 1027 470 De
1045 447 1095 469 isto
1113 450 1138 469 et
1152 445 1284 476 plerisque
1298 442 1466 474 sequentibus
1475 441 1529 472 jam
1549 440 1575 462 in
1592 438 1773 470 superioribus
1789 438 1924 469 agebatur.
1941 451 1972 455 —
1986 439 2009 461 6.
2021 438 2177 462 (thaumont.
2194 438 2251 462 Vid.
2266 447 2348 470 supra

491 506 518 529 p.
535 498 573 526 83,
590 501 618 519 n⁰
633 497 701 523 1345,
718 504 744 526 p.
761 495 813 522 225,
831 497 855 516 et
873 493 975 519 DeHsle,
998 492 1056 515 Cab.
1073 492 1118 514 des
1133 497 1207 516 mss.‚
1227 489 1259 518 ΙΙ,
1278 488 1339 516 175;
1364 486 1407 512 ΙΙΙ,
1429 486 1482 508 393.
1504 485 1567 507 Ante
1583 492 1624 506 an.
1642 483 1702 506 1373
1716 482 1865 505 licentiatus
1883 485 1923 505 cst
1946 481 1972 504 in
1996 482 2076 505 theol.
2093 482 2163 505 Inter
2184 482 2348 506 traductores

494 541 594 564 Bihliae
608 541 633 563 in
649 540 767 570 linguam
783 538 906 569 gallicam
920 538 1114 559 annumeratur.
1133 534 1189 556 Vid.
1208 532 1312 556 Samuel
1328 531 1435 561 Berger,
1450 530 1492 553 La
1506 528 1587 552 Bible
1599 526 1744 557 franqaise
1759 533 1798 550 au
1811 533 1910 556 moyen
1925 527 1983 556 dyc,
2000 535 2026 557 p.
2046 527 2099 549 242.

499 688 637 725 1430.
662 706 676 722 «
695 698 855 730 Sequuntur
868 693 1090 729 supplicationes
1108 691 1306 724 nmgistrorum
1323 689 1351 713 iu
1363 686 1505 721 facultate
1519 685 1649 720 predicta
1666 693 1719 710 non
1735 685 1891 718 regentium
1905 684 1940 709 de
1955 685 2091 719 presenti.
2109 693 2123 710 >>

584 792 681 817 Primo
693 790 846 816 Monrardo
862 789 896 814 de
910 787 1052 820 Martigni.
1068 786 1172 819 presb,
1189 792 1266 816 mag.
1285 784 1314 808 in
1329 784 1383 808 art.
1397 783 1425 808 et
1440 782 1470 807 in
1483 781 1572 807 theol.
1589 780 1635 813 [de
1648 788 1711 806 can.
1728 780 1795 805 eccl.
1812 779 1952 812 Carnot.].

584 841 656 866 Item
670 839 749 865 fratri
766 837 892 863 Johanni
905 836 1038 863 Goulein,
1054 834 1122 860 Ord.
1140 834 1169 858 B.
1187 833 1273 858 Mario
1286 832 1320 857 de
1335 831 1432 856 Monte
1445 829 1579 858 Carmeli,
1596 837 1611 854 a
1625 829 1679 862 xvij
1696 828 1779 854 annis
1794 828 1824 853 in
1840 828 1929 854 theol.
1947 836 2024 861 mag.

583 889 656 914 Item
679 887 825 920 Stephano
847 883 1005 911 Escaissart'
1029 883 1063 908 de
1084 881 1257 914 Chalendry,
1281 880 1373 913 presb.
1402 879 1587 904 Laudunens.
1610 877 1696 906 dioc..
1720 885 1797 909 mag.
1815 877 1845 902 in
1862 878 1915 902 art.
1933 878 1961 903 et
1982 877 2013 902 in
2035 877 2123 903 theol.
2141 877 2187 910 [de
2202 885 2264 904 can.
2286 878 2353 904 eccl.

498 937 699 969 Nox-ionicus}

585 987 657 1011 Item
674 985 819 1017 Stephano
835 982 955 1010 Galdeti,
972 982 1072 1006 curato
1091 980 1156 1005 cccl.
1176 979 1201 1004 S.
1219 977 1317 1003 Crucis
1331 977 1366 1002 de
1382 975 1664 1002 Monasteriowfillari
1680 975 1855 1007 nothomag.
1877 974 1948 1000 dioc.
1967 976 1996 1000 et
2015 982 2077 1000 can.
2095 975 2274 1008 prebendato
2288 975 2355 1002 eccl.

498 1035 525 1060 S.
544 1034 617 1060 Petri
633 1034 772 1059 Insulens.
790 1032 908 1057 Tornac.
925 1030 998 1055 dioc.
1016 1037 1047 1055 ac
1066 1036 1129 1054 can.
1144 1028 1210 1053 eccl.
1229 1027 1359 1054 Tornae..
1376 1024 1558 1058 sexagenario
1574 1026 1599 1050 et
1616 1024 1743 1056 amplius
1807 1023 1859 1056 qui
1876 1023 1943 1049 alias
1958 1031 2055 1049 coram
2072 1024 2150 1050 vohis
2170 1024 2278 1050 Fundis
2290 1032 2357 1059 pre-

498 1083 620 1109 dicavit²
633 1082 678 1114 [(10
692 1081 771 1114 preb.
788 1080 818 1105 in
834 1080 900 1105 eccl.
918 1078 1052 1110 Eb1·oic.].

586 1132 658 1156 Item
674 1130 786 1155 Nieolao
798 1129 918 1156 Thome,
933 1127 1038 1160 presb..
1056 1126 1168 1151 bedello
1183 1125 1258 1150 dicte
1271 1123 1422 1149 facultatis.

585 1180 658 1204 Item
675 1178 775 1211 Egidio
790 1176 982 1209 Imperatoris,
998 1174 1165 1200 subbedello
1181 1173 1310 1206 ejusdcm
1328 1172 1379 1197 sac.

584 1228 656 1252 Item
673 1226 798 1252 Johanni
812 1225 963 1253 Manssion.
979 1223 1107 1250 servitori
1121 1222 1252 1255 ejusdem
1265 1222 1316 1247 fac.
2177 1220 2215 1253 [7]

590 1316 651 1345 Reg.
668 1315 724 1337 Vat.
742 1314 833 1344 Suppl.
849 1312 989 1336 Clementis
1006 1311 1059 1338 vn,
1076 1319 1118 1333 an⁴
1132 1310 1153 1338 1,
1167 1318 1193 1340 p.
1207 1312 1228 1336 5,
1247 1310 1292 1332 fol.
1309 1309 1362 1332 131.
1378 1322 1404 1326 -
1422 1309 1457 1331 De
1473 1308 1605 1339 plerisque
1619 1307 1673 1337 jum
1690 1307 1715 1329 in
1731 1306 1924 1338 superioribus.

590 1399 613 1421 1.
627 1399 673 1421 An.
691 1398 760 1428 1371,
776 1398 884 1430 Januar.
901 1396 938 1423 27,
952 1404 962 1418 (ι
977 1403 1023 1426 per
1037 1394 1150 1426 quinque
1166 1402 1248 1416 annos
1262 1393 1302 1416 vel
1314 1392 1417 1415 circiter
1428 1392 1453 1415 in
1466 1393 1546 1415 theol.
1561 1393 1670 1421 studuit,
1687 1400 1716 1415 ac
1733 1392 1825 1414 domus
1840 1391 1950 1422 Collegit
1965 1391 2107 1415 scolarium
2119 1392 2181 1416 cler.
2194 1391 2360 1417 Laudunens.

498 1442 614 1466 Parisius
631 1442 736 1465 fundate
752 1441 877 1472 magister
892 1439 978 1463 existit
994 1449 1015 1468 υ,
1034 1447 1091 1461 can.
1108 1439 1226 1461 Remens.
1244 1438 1316 1468 (Reg.
1333 1438 1411 1460 Aveu.
1429 1437 1507 1468 Greg.
1527 1438 1568 1466 XI,
1589 1438 1641 1460 vol.
1657 1437 1698 1464 Vl,
1717 1438 1734 1460 s.
1751 1437 1814 1465 289).
1837 1437 1883 1460 An.
1902 1436 1971 1464 1377,
1993 1436 2082 1460 licent.
2098 1436 2124 1459 in
2145 1436 2224 1461 theol.
2240 1444 2254 1460 e
2270 1436 2360 1460 Catal.

499 1487 590 1511 licent.
613 1500 643 1503 —
661 1487 683 1509 2.
700 1485 794 1516 Utique
816 1489 942 1515 tempore,
965 1492 1015 1514 quo
1039 1483 1120 1513 aliqui
1144 1482 1294 1504 nuntiorum
1315 1481 1510 1509 Universitutis,
1534 1482 1566 1504 ud
1583 1481 1718 1504 Urbanum
1734 1481 1765 1503 Vl
1783 1480 1934 1510 missorum,
1956 1484 2044 1511 partes
2060 1480 2201 1504 Clementis
2219 1480 2263 1503 Vll
2279 1479 2362 1504 secuti

500 1534 568 1554 sunt.
585 1531 642 1553 Vid.
659 1538 739 1561 supra
751 1534 779 1552 n⁰
794 1530 861 1556 1419,
879 1532 931 1551 not.
946 1529 968 1551 2.

506 1630 645 1668 1431.
669 1648 684 1664 <<
701 1638 820 1664 Botulus
835 1637 1075 1673 supplicationum
1093 1637 1237 1662 doctorum
1255 1637 1282 1662 in
1296 1636 1426 1662 decretis.
1446 1645 1460 1661 »

590 1733 803 1766 Beatissime
827 1739 936 1777 pater,
961 1732 1094 1764 decens
1116 1738 1150 1763 et
1172 1730 1331 1764 debitum
1357 1742 1439 1763 esse
1461 1729 1709 1774 conspicimus
1733 1735 1768 1761 ut
1790 1729 1833 1761 ad
1855 1735 1976 1761 vestre
1998 1729 2132 1761 fontem
2154 1728 2359 1768 clementie,

499 1813 569 1845 que
592 1799 841 1844 indigentibus
867 1799 1009 1843 pietatis
1038 1798 1169 1830 intuitu
1197 1809 1325 1829 manus
1351 1796 1507 1829 libenter
1536 1796 1690 1841 porrigit
1716 1795 1926 1840 adjutrices,
1949 1806 2017 1827 nos
2047 1795 2160 1828 vestri
2185 1795 2306 1828 devoti
2327 1801 2363 1828 et

501 1866 656 1899 humiles
678 1873 840 1898 oratores
859 1865 1016 1897 decanus
1038 1864 1222 1908 ceterique
1244 1864 1412 1896 doctores
1433 1863 1613 1896 facultatis
1629 1862 1724 1907 juris
1741 1874 1819 1895 can.
1838 1861 2095 1895 Universitatis
2116 1861 2228 1895 studii
2248 1862 2362 1899 vestri

502 1933 695 1966 Parisiens.
718 1933 755 1964 in
776 1932 911 1964 nostris
933 1930 1212 1964 necessitatibus
1229 1930 1450 1975 singularem
1473 1930 1516 1962 ad
1538 1941 1691 1974 presens
1708 1928 1904 1962 habeamus
1922 1940 2122 1969 recursum,
2145 1935 2183 1961 ut
2198 1928 2304 1962 nobis
2325 1928 2362 1961 in

502 1999 700 2044 indigentia
729 1998 935 2031 constitutis
963 1997 1141 2030 celsitudo
1168 2004 1285 2030 vestra
1385 1997 1557 2041 dignetur
1578 1996 1621 2028 de
1643 2007 1708 2029 sue
1729 1995 1965 2041 benignitatis
1987 1994 2221 2028 exuberantia
2242 1989 2362 2042 provi‘-

503 2066 601 2099 dere.
628 2065 766 2097 Etenim
796 2065 888 2097 sicut
917 2064 1046 2096 melius
1076 2064 1174 2096 novit
1204 2070 1322 2096 vestra
1351 2063 1568 2103 sublimitas,
1597 2063 1817 2108 experientia
1849 2062 2024 2095 edocente
2048 2062 2138 2095 ordo
2166 2061 2362 2096 doctoralis

504 2132 697 2176 precipuus
719 2143 800 2163 esse
821 2131 1022 2163 dinoscitur
1043 2130 1078 2162 in
1100 2130 1252 2162 ecclesia
1275 2137 1394 2163 sancta
1416 2130 1537 2162 Det...

590 2230 625 2255 Et
639 2230 735 2262 primo
750 2229 854 2255 Jacobo
867 2229 967 2254 Divitis
982 2229 1016 2255 de
1032 2229 1164 2258 Pal-isius,
1178 2230 1235 2254 utr.
1250 2229 1323 2262 juris
1335 2229 1455 2258 doctori,
1472 2230 1539 2254 actu
1554 2228 1666 2262 regenti
1681 2228 1711 2254 in
1727 2229 1815 2257 decr.‚
1832 2228 1925 2261 presb.
1941 2235 2003 2253 can.
2021 2227 2198 2261 prebendato
2212 2228 2241 2253 et
2254 2227 2364 2254 decano

502 2278 568 2304 cccl.
586 2278 671 2304 Paris.
690 2278 735 2310 [de
751 2286 813 2304 can.
829 2278 894 2303 eccl.
914 2278 938 2303 S.
958 2278 1072 2303 Martini
1085 2278 1213 2310 Turon.].

591 2327 663 2352 Item
686 2327 807 2352 Henrieo
829 2326 961 2355 Costroti,
983 2326 1075 2360 presb.
1094 2326 1296 2359 Corisopitens.
1320 2326 1406 2355 dioc.,
1423 2326 1528 2352 decret.
1552 2326 1673 2355 doctori,
1690 2326 1742 2359 qui
1757 2326 1792 2351 ab
1812 2327 1877 2351 octo
1900 2326 1984 2351 annis
1999 2325 2070 2351 citra
2090 2324 2163 2351 rexit
2178 2324 2317 2351 continue
2334 2325 2363 2350 et

504 2375 600 2401 adhuc
612 2377 653 2401 est
668 2377 734 2400 actu
749 2383 849 2408 regens
865 2375 986 2400 Parisius
1001 2375 1032 2400 in
1048 2375 1181 2400 facultate
1196 2375 1301 2400 decret.

591 2424 665 2449 Item
680 2423 797 2456 Symoni
813 2424 848 2449 de
861 2423 1034 2452 Cramaudo,
1052 2424 1198 2449 ltcentiato
1213 2424 1243 2449 in
1257 2424 1311 2456 leg.
1326 2424 1355 2449 et
1370 2423 1445 2449 decr.
1463 2423 1574 2449 doctori
1587 2423 1710 2449 Parisius
1724 2423 1846 2456 regenti,
1862 2422 2055 2449 Lemovicens.
2070 2422 2143 2448 dioc.
2158 2422 2205 2454 [de
2217 2429 2279 2448 can.
2293 2421 2360 2449 eccl.

505 2472 669 2504 Baiocens.].

591 2521 666 2547 Item
681 2521 761 2546 fratri
777 2521 859 2546 Petro
871 2520 979 2553 Regis'.
1000 2521 1103 2546 decret.
1126 2520 1245 2550 doctori,
1262 2522 1328 2546 actu
1344 2521 1456 2554 regenti
1475 2521 1596 2546 Parisius
1615 2521 1646 2546 in
1661 2521 1762 2546 eadem
1784 2521 1848 2549 sac..
1871 2520 2016 2546 monacho
2032 2521 2157 2546 monast.
2173 2519 2199 2545 S.
2216 2518 2364 2545 Trinitatis

504 2569 539 2594 de
554 2569 663 2602 Exaqui
679 2569 746 2594 Ord.
763 2569 789 2594 S.
805 2569 885 2598 Ben.‚
902 2569 1050 2594 Constant.
1068 2569 1163 2601 dioc.].

592 2618 665 2643 Item
678 2617 803 2642 Johanni
817 2617 984 2650 Capitisberi
1002 2616 1116 2651 [Capitis
1130 2617 1321 2650 Bituricens.],
1339 2618 1483 2644 monacho
1496 2618 1609 2651 Majoris
1625 2618 1786 2644 Monasterii
1802 2625 1891 2651 prope
1903 2618 2012 2643 Turon.
2030 2616 2099 2642 Ord.
2115 2616 2142 2642 S.
2159 2617 2240 2645 Ben..
2255 2616 2360 2642 decret.

504 2666 616 2691 doctori
629 2667 694 2691 actu
708 2666 820 2698 regenti
836 2666 966 2691 Parisius.

592 2715 664 2740 Item
681 2714 763 2739 Petro
779 2714 890 2743 Blondi,
907 2714 1012 2747 presb..
1031 2715 1175 2740 monacho
1189 2715 1355 2740 monasterii
1372 2715 1401 2740 B.
1419 2715 1506 2741 Marie
1521 2723 1552 2741 ac
1568 2716 1721 2741 beatorum
1734 2716 1820 2740 mart.
1836 2714 1962 2740 Cornelii
1976 2716 2005 2740 ct
2017 2714 2154 2747 Cypriani
2166 2713 2202 2739 de
2214 2713 2362 2746 Compen—

503 2763 560 2791 dio,
575 2762 643 2788 Ord.
661 2762 687 2788 S.
706 2763 785 2791 Ben.‚
804 2762 996 2788 Suessionens.
1016 2763 1101 2792 (1100,
1118 2763 1230 2788 doctori
1242 2763 1272 2788 in
1285 2763 1390 2789 decret.
1407 2766 1472 2789 actu
1489 2765 1610 2797 regenti.

590 2812 664 2837 Item
676 2811 802 2837 Johanni
817 2811 851 2836 de
867 2811 973 2841 Liliers,
988 2807 1081 2844 presb.
1099 2812 1217 2837 Tornac.
1235 2811 1320 2841 dioc..
1338 2812 1442 2838 decret.
1460 2813 1571 2839 doctori
1586 2813 1631 2845 [dc
1646 2820 1708 2838 can.
1726 2812 1794 2838 eccl.
1811 2812 2014 2845 Noviomens.].

591 2860 665 2885 Item
679 2860 761 2885 Petro
774 2860 808 2885 de
823 2860 1008 2892 Lupimonte,
1026 2860 1117 2893 presb.
1135 2860 1283 2886 Cathalan.
1303 2860 1389 2890 dioc.‚
1404 2861 1508 2887 decret.
1524 2861 1645 2890 doctori,
1662 2863 1728 2887 actu
1741 2861 1853 2893 regenti
1869 2861 1991 2887 Parisius
2006 2860 2037 2885 in
2053 2860 2154 2886 eadem
2167 2860 2218 2886 fac.

590 2908 663 2934 Item
677 2908 824 2933 Salomoni
841 2908 1010 2941 Lesquelon,
1030 2908 1125 2937 subd,
1142 2908 1252 2934 doctori
1267 2910 1333 2934 actu
1349 2910 1461 2942 regenti
1475 2910 1506 2934 in
1519 2910 1624 2936 decret.
1640 2910 1762 2936 Pal-isius
1777 2911 1805 2936 et
1820 2909 1881 2935 bac.
1899 2909 1929 2935 in
1945 2909 2012 2941 leg„
2029 2909 2116 2935 Leon.
2132 2908 2206 2934 dioc.
