2488 3386
224 313 318 349 1391}
641 325 685 346 AB
722 324 827 345 ANNo
865 323 993 345 mecei,
1027 323 1157 350 USQUE
1194 323 1240 343 An
1277 323 1538 344 BENEDici-UM
1576 324 1663 344 xiii.
2018 313 2082 345 499

220 399 332 432 sancti
363 398 500 431 Thome
530 398 728 430 doctrinam
764 397 800 429 in
834 397 925 429 dicta
956 402 1079 429 nostra
1109 396 1442 440 condempnacione
1474 408 1696 441 nequaquam
1728 396 1982 441 reprobamus2
2015 396 2078 428 sed

219 465 314 498 hunc
337 467 488 510 ejusque
510 465 682 502 fautores,
705 463 903 496 doctrinam
927 464 1006 507 ejus
1026 462 1069 495 ad
1091 462 1281 494 distortum
1306 462 1462 506 fideique
1483 462 1657 494 absonum
1685 474 1830 495 sensum
1856 463 2077 507 adaptantes,

219 539 279 565 aut
300 532 390 565 ultra
412 543 515 576 quam
539 530 617 563 fieri
638 530 759 571 debet,
786 536 909 562 contra
932 529 1094 573 ejusdem
1118 528 1278 561 doctoris
1300 529 1553 561 documentum
1583 528 1786 562 dilatantes.
1811 529 2079 573 condampnan-

220 599 286 631 dos
306 598 475 631 audacter
495 597 706 630 asserimus.
730 598 804 629 Hoc
826 596 933 628 modo
955 595 1172 628 adversariis
1198 595 1416 639 impetimur,
1444 594 1510 627 hoc
1539 595 1645 627 modo
1673 595 1740 626 vim
1770 595 1900 639 patitur
1918 595 2078 627 veritatis

219 665 341 698 tuicio.

307 731 483 774 Quocirca
508 730 652 765 futuris,
676 736 847 774 quantum
870 730 923 762 fas
951 729 1057 762 nobis
1079 735 1146 769 cst,
1172 729 1344 773 periculis
1367 728 1501 761 salubri
1526 728 1686 761 remedio
1708 728 1853 760 obviare
1875 728 2075 772 cupientes,

218 797 307 830 hanc
335 809 561 830 communem
590 796 674 829 fidei
702 795 937 840 fideliumque
959 795 1117 828 omnium
1146 807 1249 839 quam
1274 795 1503 840 suscepimus
1531 807 1671 827 causam
1697 795 1733 826 in
1756 794 1937 839 publicum
1965 793 2078 825 dedu-

217 864 364 896 cendam
388 863 611 903 censuimus,
639 869 678 895 ut
704 862 1005 907 quemadmodum
1030 874 1156 894 omnes
1179 862 1303 906 tangit,
1334 862 1379 894 ita
1407 862 1588 894 communi
1617 861 1774 894 omnium
1802 862 1922 893 favore
1952 871 2077 904 prose-

217 937 364 975 quatur,
388 937 423 962 et
443 936 481 962 ut
495 929 642 974 justicia
659 935 782 961 nostra
799 935 834 961 et
849 928 1137 961 adversariorum
1160 928 1424 960 irracionabilis
1441 928 1655 972 conquestio
1673 927 1841 959 omnibus
1862 927 2074 959 innotescat.

307 997 411 1029 Adsit
431 1008 526 1029 nunc
548 996 659 1041 igitur
676 995 842 1040 quisquis
859 1002 914 1028 est
933 996 1078 1028 fervens
1097 995 1180 1027 fidei
1201 995 1346 1035 zelator,
1366 995 1532 1039 quisquis
1548 1006 1657 1027 verus
1679 994 1832 1027 ecclesie
1854 993 1964 1034 filius,
1982 993 2079 1037 quis-

217 1064 299 1108 quis
335 1064 492 1108 denique
532 1063 613 1108 pius
648 1062 763 1095 nostri
791 1062 1026 1106 veritatisque
1053 1074 1157 1106 quam
1190 1068 1354 1094 tenemus
1382 1062 1530 1094 amicus.
1559 1061 1794 1106 Appellamus
1818 1072 1883 1094 vos
1910 1061 2076 1105 inprimis

216 1142 342 1163 omues
359 1136 394 1162 et
410 1129 577 1174 singulos
594 1129 816 1162 reverendos
833 1129 870 1161 in
887 1128 1032 1162 Christo
1054 1135 1174 1173 patres
1196 1128 1232 1160 in
1248 1128 1329 1161 altis
1346 1128 1671 1160 ecclesiasticarum
1694 1128 1906 1171 dignitatum
1926 1127 2076 1160 sedibus

215 1197 445 1233 constitutos,
464 1196 674 1240 clerumque
691 1202 803 1228 totum
822 1207 1025 1228 evocamus.
1050 1194 1199 1227 Exibete
1216 1206 1281 1227 vos
1298 1194 1404 1227 nobis
1420 1195 1518 1227 viros
1539 1194 1755 1227 favorabiles
1772 1194 2075 1238 auxiliatoresque

215 1264 252 1295 in
273 1263 424 1308 synodis
446 1275 485 1295 ac
507 1262 739 1295 sermonibus
760 1261 914 1306 aliisque
936 1262 1038 1294 sactis
1067 1261 1236 1306 publicis,
1263 1273 1404 1293 causam
1428 1269 1585 1294 nostram
1610 1261 1847 1304 justissimam
1873 1261 2074 1306 propalate;

215 1329 316 1362 nullo
339 1336 441 1374 pacto
464 1329 661 1362 doctrinam
684 1329 789 1370 hane,
812 1340 915 1373 quam
946 1328 1304 1373 condampnavimus,
1330 1340 1452 1360 vanam
1480 1340 1518 1360 ac
1546 1328 1772 1372 peregrinam
1797 1328 1990 1373 divulgari,
2019 1335 2075 1360 aut

215 1396 327 1440 palam
346 1395 403 1428 vel
424 1396 565 1428 occulte
586 1395 820 1440 dogmatizari
842 1395 1052 1440 permittite.
1080 1394 1259 1438 ejusmodi
1287 1401 1489 1427 assertores
1511 1402 1567 1427 aut
1593 1395 1882 1439 promulgatores
1904 1395 2000 1427 omni
2022 1396 2076 1427 via

215 1462 426 1495 racionabili
448 1462 715 1507 compescendo
744 1474 750 1494 ε
781 1462 939 1494 scientes
966 1461 1150 1506 quoniam,
1177 1461 1375 1493 secundum
1400 1461 1627 1505 Apostolum,
1650 1473 1769 1494 sermo
1791 1461 1871 1494 talis
1894 1469 1929 1494 ut
1949 1474 2077 1494 cancer

214 1529 339 1574 serpit,
365 1536 675 1574 corrumpuntque
703 1528 821 1561 bonos
849 1540 970 1560 mores
997 1528 1179 1572 colloquia
1208 1539 1327 1572 prava.
1355 1529 1428 1560 Jam
1453 1528 1672 1561 venerabilis
1693 1528 1838 1573 capituli
1861 1529 2077 1561 parisiensis

214 1596 403 1640 adjuuccio
424 1602 530 1640 atque
546 1596 647 1628 favor
668 1595 857 1640 impensus
880 1607 1044 1640 magnam
1061 1594 1167 1627 nobis
1184 1606 1284 1639 spem
1305 1595 1387 1627 (lant
1405 1595 1644 1639 afferuntque,
1662 1595 1743 1639 quia
1765 1595 1931 1627 similiter
1947 1596 2078 1628 facient

215 1662 432 1707 reliquarum
452 1662 687 1695 ecclesiarum
706 1662 873 1706 collegia,
893 1673 1013 1700 cause,
1032 1673 1135 1706 quam
1160 1668 1314 1701 tuemur,
1334 1662 1477 1706 cognita
1495 1662 1683 1706 dignitate,
1701 1668 1733 1694 et
1751 1662 1793 1694 ad
1811 1662 1856 1694 ita
1874 1662 2074 1694 faciendum

214 1729 445 1762 exhortamur
475 1730 511 1761 in
541 1729 709 1762 Domino.
741 1728 914 1761 Subditos
935 1740 1021 1761 vero
1049 1729 1263 1772 juratosquc
1293 1735 1438 1760 nostros
1467 1740 1727 1767 ammonemus,
1756 1735 1787 1760 ct
1819 1728 2077 1761 nichilominus

214 1796 377 1828 districte
410 1796 641 1840 requirimus,
672 1802 709 1827 ut
742 1807 780 1827 sc
812 1795 919 1827 nobis
952 1807 1132 1839 causequc
1164 1802 1287 1827 nostre
1318 1795 1527 1839 adjungant,
1551 1802 1584 1827 et
1614 1807 1653 1827 se
1684 1795 1868 1839 adjutores
1890 1795 2075 1839 prebeant,

213 1862 365 1906 quilibet
393 1862 592 1894 secundum
622 1868 736 1895 status
764 1862 820 1894 sui
851 1861 1057 1906 qualitatem
1087 1873 1093 1893 ε
1125 1862 1285 1906 magistri
1317 1862 1351 1893 in
1383 1861 1619 1894 rescribendo
1640 1862 1832 1906 opiniones
1859 1874 1942 1894 suas
1968 1875 2078 1907 super

214 1929 488 1973 condampnatis
509 1929 603 1973 apud
629 1940 696 1961 nos
718 1928 899 1968 articulis;
923 1928 1033 1960 ceteri
1060 1928 1097 1960 in
1121 1928 1361 1967 consulendo,
1383 1928 1602 1960 notificando
1624 1941 1661 1961 ac
1685 1929 1878 1961 revelando
1900 1929 2074 1974 quidquid

213 2007 319 2028 cause
356 2002 478 2028 nostre
513 1996 590 2027 fore
626 1995 799 2027 sciverint
835 2001 1090 2039 opportunum.
1128 1995 1267 2029 Omnes
1302 1995 1345 2027 ad
1381 2001 1577 2027 extremum
1615 1995 1741 2028 fideles
1776 1995 2006 2028 exhortamur
2040 1997 2075 2028 in

213 2063 381 2102 Domino,
405 2069 442 2094 ut
463 2074 535 2094 non
557 2061 845 2094 adversariorum
870 2061 1190 2094 susurracionibus
1217 2073 1322 2094 aures
1345 2061 1517 2106 prebeant
1539 2062 1674 2097 faciles,
1703 2074 1747 2094 ne
1776 2063 1811 2094 in
1838 2063 1973 2095 erroris
1995 2075 2075 2107 pre-

211 2129 378 2173 cipicium
402 2128 574 2169 incidant,
594 2128 681 2173 quin
703 2128 830 2172 pocius
852 2127 1062 2172 reprobatas
1085 2140 1148 2172 per
1165 2139 1231 2160 nos
1253 2129 1530 2172 proposiciones
1552 2140 1615 2173 pro
1634 2129 1798 2161 erroneis
1820 2129 1985 2170 habeant,
2004 2130 2074 2163 nisi

211 2195 376 2228 fortassis
400 2207 462 2239 per
484 2195 605 2227 sedem
630 2194 862 2239 apostolicam
886 2194 989 2226 aliter
1005 2194 1114 2226 suerit
1134 2194 1338 2235 diffinitum,
1358 2195 1453 2239 quod
1472 2207 1537 2226 nec
1559 2207 1746 2239 speramus
1768 2208 1833 2228 nec
1855 2197 2071 2241 sperandum

210 2262 285 2294 sore
308 2262 437 2306 quovis
460 2262 566 2294 modo
589 2261 827 2306 suspicamur.
846 2261 901 2293 Ad
924 2260 989 2293 hos
1012 2261 1102 2293 fines
1125 2260 1189 2293 hec
1212 2260 1418 2300 scribimus,
1438 2261 1480 2293 ad
1502 2261 1565 2294 has
1587 2261 1842 2295 conclusiones
1863 2263 2072 2297 anhelamus

211 2341 273 2373 per
294 2328 359 2361 hec
382 2329 526 2372 scripta.
546 2328 671 2361 Valete
693 2328 728 2359 in
751 2340 806 2367 co,
826 2328 930 2371 cujus
952 2340 1057 2360 causa
1079 2327 1210 2372 agitur,
1229 2327 1392 2372 Virginis
1414 2327 1575 2372 gloriose
1594 2328 1695 2369 Filio,
1715 2335 1749 2361 et
1770 2341 1869 2373 spem
1892 2330 2073 2363 fiduciam-

210 2408 278 2440 que
310 2402 483 2436 nostram,
513 2407 616 2439 quam
650 2395 693 2427 de
724 2394 829 2427 vobis
861 2394 1094 2432 assumimus,
1132 2394 1297 2426 frustrari
1330 2406 1553 2439 nequaquam
1593 2396 1800 2439 permittite.
1836 2398 1878 2429 Et
1907 2398 2004 2442 quod
2034 2399 2069 2430 in

211 2461 404 2494 universali
437 2462 604 2502 dicimus,
635 2461 767 2493 dictum
798 2460 868 2492 sibi
898 2460 1081 2505 sigillatim
1115 2460 1268 2504 quilibet
1296 2460 1500 2493 arbitretur.
1540 2462 1666 2494 Datum
1696 2462 1854 2495 Parisius
1884 2464 1918 2496 in
1948 2472 2069 2498 nostra

209 2528 499 2573 congregacione
533 2528 709 2572 generali,
737 2539 830 2560 anno
868 2527 1009 2559 Domini
1044 2527 1236 2559 millesimo
1270 2528 1524 2559 trecentesimo
1557 2529 1781 2573 octogesimo
1815 2531 1980 2574 septimo.
2012 2532 2068 2564 dic

209 2595 473 2639 quartadecima
495 2595 632 2627 mensis
655 2594 841 2626 Februarii
863 2594 955 2638 apud
979 2595 1144 2626 Sanctum
1168 2594 1399 2626 Maturinum.
1423 2594 1508 2626 hora
1538 2595 1650 2639 prime
1681 2597 1786 2628 Beate
1813 2597 1936 2633 Mario,
1960 2609 2069 2642 super

208 2661 275 2693 hoc
297 2661 503 2705 specialiter
523 2660 714 2699 celebrata,
733 2661 909 2705 appositis
931 2661 1066 2693 nostris
1087 2673 1125 2692 ac
1148 2661 1282 2704 prefate
1305 2660 1482 2693 facultatis
1504 2660 1686 2706 theologie
1709 2662 1852 2707 sigillis.

300 2781 434 2811 Origiuale
458 2780 483 2803 in
503 2780 578 2803 Arcb.
603 2784 655 2804 nat.
672 2781 755 2804 Paris.
775 2781 808 2804 M.
829 2782 857 2804 (37
868 2781 886 2807 b,
911 2786 939 2803 n⁰
962 2781 1000 2804 51.
1017 2782 1142 2812 Superest.
1160 2781 1276 2811 sigillum
1295 2781 1411 2804 sacultat.
1428 2781 1506 2803 theol,
1528 2795 1558 2799 —
1578 2782 1697 2806 Bulaeus.
1717 2783 1758 2813 lv,
1773 2784 1827 2805 621,
1846 2784 2065 2816 Opp.Gersoni1',

205 2825 244 2848 ed.
257 2825 351 2856 Dupin,
369 2826 387 2852 I,
404 2826 448 2848 694
461 2833 517 2856 sqq.
533 2825 700 2855 D⁷Argentrt²‚
722 2826 872 2855 COR-jud.
887 2826 918 2853 1¹2,
931 2827 969 2853 Gli,
987 2826 1030 2848 ubi
1049 2829 1143 2852 tumen,
1162 2825 1263 2847 incuria
1280 2825 1426 2856 scriptoris.
1443 2828 1527 2848 textus
1544 2829 1687 2849 truncatus⁴
1704 2828 1730 2849 In
1744 2827 1802 2850 cdd.
1819 2828 1881 2855 (vid-
1896 2828 1972 2850 ctiam
1988 2830 2065 2851 Jour-

205 2869 273 2896 duin,
293 2874 319 2891 ¹1⁰
334 2870 387 2897 83¹1)
405 2869 506 2892 initium
529 2869 675 2891 litterarum
692 2877 832 2900 perperam
849 2878 859 2892 (ι
878 2870 908 2892 Et
923 2878 981 2892 cum
996 2870 1105 2892 phinces
1125 2870 1207 2892 zelum
1227 2878 1237 2891 υ
1256 2869 1415 2899 assignatur.
