2488 3386
247 311 343 348 1386]
669 325 714 346 AB
750 325 855 346 ANNO
890 324 1020 346 MCCCL
1055 324 1185 352 USQUE
1221 324 1269 345 AD
1304 324 1568 347 BENEmc'rUM
1595 326 1684 347 x111.
2044 316 2107 348 421

248 439 389 476 1523.
415 448 571 475 Concordia
587 450 669 483 facta
686 449 760 474 inter
774 448 944 483 facultatem
961 448 1138 474 decretorum
1154 452 1181 474 et
1196 447 1336 474 decanum
1353 452 1380 474 cl
1400 449 1557 485 capitulum
1581 450 1647 476 eccl.
1665 451 1759 477 Paris.
1778 451 1986 486 superlectum
2003 451 2111 477 decreti

331 498 470 532 facienda
486 499 514 524 in
530 497 636 523 scholis
652 497 775 533 capituli
788 497 959 534 praedictae
975 497 1124 523 ecclesiae.

1375 534 1449 563 1386,
1466 534 1527 559 Masi
1541 535 1572 563 11,
1589 535 1656 560 ιΙιΙηῘῘ
1668 536 1692 563 4,
1709 536 1822 561 ParJ'sl'l's.

331 622 399 653 Pro
421 619 517 653 bono
538 620 637 665 pacis
658 620 772 664 major
793 631 875 665 pars
897 619 1128 653 dominorum
1150 619 1305 653 ecclesie
1327 620 1558 662 Parisiensis,
1582 628 1618 654 ut
1636 621 1743 654 michi
1765 622 1919 661 videtur,
1940 623 2108 656 transiret

243 687 473 720 concordiam
495 686 563 720 sub
584 686 648 719 hac
669 687 783 719 forma
803 699 808 719 :

331 755 374 786 Et
394 753 523 798 primo,
543 753 639 798 quod
662 753 789 786 (100101
810 753 1037 786 decretorum
1061 754 1122 798 qui
1150 754 1249 799 leget
1274 754 1310 786 in
1332 753 1443 786 scolis
1465 753 1612 786 claustri
1635 754 1788 786 ecclesie
1813 754 2038 795 ParisiensiS,
2064 755 2110 788 sit

242 819 321 853 talis
343 820 404 864 qui
426 820 605 864 receperit
625 820 785 853 Parisius
807 820 966 865 insignia
988 820 1211 862 doctoratus,
1234 827 1269 853 et
1290 820 1370 853 talis
1393 819 1503 853 eciam
1527 821 1587 865 qui
1609 821 1717 853 suerit
1738 827 1772 853 et
1796 821 1843 854 sit
1864 820 2046 866 obligatus
2067 821 2109 854 ad

241 886 537 919 observacionem
560 887 866 919 consuetudinum
890 893 924 919 et
944 893 1159 919 statutorum
1182 887 1277 920 dicte
1298 886 1478 920 facultatis
1500 888 1819 932 perjuramentnm
1839 899 1957 929 suum,
1976 894 2010 920 et
2029 887 2110 920 talis

240 953 301 998 qui
323 953 370 986 sit
389 953 586 986 canonicus
607 953 854 998 prebendatus
875 954 911 986 in
933 953 1087 986 ecclesia
1108 954 1319 995 Parisiensi,
1343 960 1377 986 et
1398 966 1471 986 non
1492 953 1581 986 alter
1598 966 1663 986 nec
1685 953 1784 986 alias.

330 1021 417 1053 Item
440 1026 475 1053 et
491 1020 588 1065 quod
610 1020 732 1053 nullus
754 1027 854 1053 actus
876 1020 1091 1053 scolasticus
1112 1020 1149 1053 in
1171 1020 1278 1053 dictis
1300 1020 1411 1053 scolis
1433 1020 1582 1053 claustri
1603 1020 1758 1053 ecclesie
1779 1020 1996 1054 Parisiensis
2017 1021 2108 1054 ultra

239 1087 412 1120 lecturam
435 1087 571 1120 decreti
594 1087 682 1120 hora
703 1087 818 1132 prime
839 1087 1022 1120 ordinarie
1044 1099 1108 1132 per
1129 1088 1263 1120 dictum
1289 1087 1435 1120 unicum
1458 1087 1642 1120 doctorem
1665 1087 1863 1120 faciendam
1886 1094 2107 1120 exerceatur.

329 1154 437 1186 Item¹
460 1153 597 1186 bedelli
621 1153 801 1187 facultatis
826 1166 899 1186 non
927 1153 1149 1186 tenebuntur
1170 1155 1222 1186 ire
1248 1154 1291 1187 ad
1320 1154 1438 1187 scolas
1460 1154 1641 1199 predictas
1662 1154 1808 1186 claustri
1831 1154 1985 1187 ecclesie
2013 1155 2106 1187 Pari-

239 1220 372 1253 siensis
400 1220 444 1253 ad
473 1220 768 1265 proclamandum
790 1221 880 1253 festa
902 1227 936 1253 et
960 1227 1061 1253 actus
1087 1221 1313 1262 scolasticos,
1337 1221 1402 1254 sed
1423 1220 1491 1253 hoc
1512 1221 1619 1253 saciet
1639 1220 1806 1253 bedellns
1829 1221 1913 1253 (11011
1935 1221 2108 1263 doctoris⁷

239 1287 300 1332 qui
319 1286 548 1332 participabit
568 1287 604 1319 in
625 1287 808 1329 omnibus,
832 1287 926 1320 sicut
946 1287 1082 1320 bedelli
1104 1288 1292 1320 doctorum
1316 1288 1352 1320 in
1374 1288 1498 1321 clauso
1520 1287 1683 1320 Brnnelli
1707 1287 1903 1332 legentium
1927 1294 1961 1320 et
1981 1300 2110 1333 regen-

238 1353 339 1386 tium.

327 1421 415 1452 Item
438 1420 534 1465 quod
557 1420 684 1453 doctor
705 1420 891 1465 predictus
919 1421 1143 1466 presentabit
1172 1433 1210 1454 se
1238 1421 1351 1466 prima
1379 1421 1437 1453 die
1465 1420 1607 1466 legibili
1638 1427 1720 1465 post
1747 1421 1876 1453 festum
1900 1420 1993 1453 beati
2016 1422 2109 1465 Dyo—

238 1486 323 1519 nisii
344 1487 387 1519 ad
407 1487 625 1520 visitandum
654 1487 853 1520 bacalarios
881 1488 1048 1533 legentes
1078 1488 1122 1520 de
1150 1500 1253 1520 mane
1282 1500 1361 1521 cum
1393 1488 1474 1521 aliis
1505 1488 1703 1533 magistris,
1727 1494 1758 1520 et
1784 1487 1893 1520 eciam
1917 1488 2029 1532 prima
2051 1487 2109 1519 die

237 1552 378 1598 legibili
400 1560 483 1598 post
497 1554 629 1586 festum
647 1553 815 1587 Omnium
835 1555 1046 1588 Sanctorum
1065 1554 1120 1587 vel
1138 1555 1238 1596 alias,
1257 1554 1549 1599 quandocunque
1567 1560 1647 1599 post
1666 1554 1916 1586 dimissionem
1938 1554 2108 1598 regencie

237 1631 321 1653 suas
342 1619 518 1653 lectiones
540 1632 727 1653 resumere
747 1620 915 1654 voluerit.
940 1623 983 1654 Et
1011 1621 1195 1654 tenebitur
1217 1621 1305 1654 duas
1333 1621 1457 1666 legere
1483 1621 1661 1654 lectiones
1687 1621 1724 1653 in
1746 1620 1923 1653 decretis²
1945 1620 1981 1652 in
2012 1620 2110 1665 prin-

236 1686 331 1731 cipio
353 1686 527 1719 ordinarii
549 1687 810 1720 tantummodo.
834 1689 877 1721 Et
906 1688 942 1720 in
972 1688 1090 1733 aliqua
1122 1689 1312 1721 missarum
1342 1695 1425 1733 post
1452 1688 1566 1721 dictas
1594 1687 1771 1720 lectiones
1798 1694 1895 1732 petet
1921 1687 2107 1720 licenciam

237 1765 255 1786 a
276 1753 370 1786 dicta
398 1753 564 1786 facultate
595 1754 791 1787 recedendi
820 1761 855 1787 et
881 1754 1030 1800 legendi
1060 1756 1096 1787 in
1125 1755 1282 1788 claustro
1311 1755 1509 1788 Parisiensi
1540 1767 1605 1799 pro
1627 1754 1775 1787 residuo
1798 1754 1897 1786 illins
1922 1754 2018 1794 anni,
2042 1766 2109 1798 qua

237 1820 358 1865 petita,
381 1820 466 1853 licet
486 1833 560 1853 non
581 1820 740 1863 obtenta,
764 1821 898 1866 poterit
919 1822 998 1854 sine
1019 1822 1136 1867 aliqua
1164 1822 1372 1855 difficultate
1398 1822 1435 1854 in
1461 1821 1619 1855 claustro
1647 1821 1771 1866 legere
1796 1821 2004 1865 supradicto
2027 1827 2107 1853 tem-

237 1898 326 1932 pore
354 1887 538 1919 ordinario
568 1887 605 1920 in
636 1887 747 1921 scolis
777 1900 842 1933 per
862 1889 997 1921 dictum
1026 1889 1220 1933 capitulum
1244 1889 1452 1930 nominatis,
1475 1888 1583 1921 modo
1612 1895 1647 1921 et
1673 1888 1787 1920 forma
1815 1894 1850 1920 et
1879 1887 2022 1932 quando
2048 1887 2108 1920 alii

238 1953 408 1986 doctores
428 1953 557 1999 legunt
577 1954 613 1986 in
633 1954 714 1988 vico
735 1954 848 1988 clausi
870 1955 1046 1988 Brunelli.

327 2020 468 2063 Quibus
490 2021 734 2054 mediantibus
757 2022 875 2054 dictus
902 2022 1030 2055 doctor
1054 2022 1184 2067 legens
1210 2029 1248 2055 ut
1275 2022 1495 2067 premittitur
1515 2022 1551 2054 in
1573 2022 1731 2055 claustro
1753 2021 1907 2054 ecclesie
1933 2020 2108 2066 prelibate

237 2086 306 2120 erit
325 2099 435 2120 verus
458 2099 605 2132 regens,
628 2094 663 2120 et
687 2088 916 2133 participabit
936 2089 972 2121 in
994 2088 1164 2122 omnibus
1185 2088 1388 2122 honoribus
1410 2095 1444 2122 01
1464 2089 1719 2122 emolumentis
1745 2101 1784 2120 ac
1806 2087 1992 2129 oneribus,
2016 2087 2109 2120 sicut

238 2153 393 2198 quilibet
413 2153 540 2186 doctor
561 2166 670 2187 verus
691 2154 820 2200 legens
844 2162 877 2188 et
899 2167 1032 2200 regens
1054 2156 1090 2187 in
1112 2155 1208 2188 (11010
1229 2155 1321 2189 vico.
1346 2157 1389 2188 Et
1410 2155 1570 2188 scolares
1592 2168 1609 2188 a
1631 2155 1726 2187 dicto
1749 2155 1897 2187 doctore
1919 2154 2108 2186 audientes

235 2220 312 2253 veri
332 2220 492 2253 scolares
510 2220 775 2265 reputabuntur
792 2228 826 2254 et
841 2221 1053 2266 gaudebunt
1069 2222 1273 2267 privilegiis
1290 2222 1548 2255 Universitatis
1565 2229 1599 2255 et
1614 2221 1807 2262 facultatis,
1825 2227 1932 2266 prout
1949 2220 2108 2253 scolares

237 2298 254 2319 a
276 2286 489 2320 doctoribus
511 2287 548 2319 in
568 2287 648 2320 vico
670 2287 784 2320 clausi
810 2288 973 2320 Brunelli
1002 2288 1211 2333 legentibus
1239 2289 1429 2322 audientes
1459 2289 1619 2334 gaudere
1645 2293 1921 2321 consueverant.
1944 2287 2108 2319 Predicta

236 2364 322 2386 vero
354 2353 472 2386 omnia
501 2361 536 2386 et
566 2354 711 2399 singula
738 2355 873 2400 poterit
900 2362 935 2388 et
964 2355 1145 2388 tenebitur
1166 2356 1284 2388 (1101115
1312 2356 1438 2388 doctor
1458 2356 1576 2388 facere
1606 2362 1640 2388 et
1670 2366 1853 2395 exercere,
1876 2354 1970 2386 sicut
1997 2353 2107 2386 ceteri

237 2419 406 2453 doctores
428 2420 464 2452 in
482 2420 577 2453 dicto
594 2421 674 2454 vico
696 2421 863 2467 legentes
884 2428 919 2454 et
939 2428 1110 2467 regentes
1131 2423 1249 2455 facere
1271 2429 1306 2455 et
1326 2434 1495 2455 exercere
1518 2427 1800 2455 consueverunt.
1824 2422 1867 2453 Et
1888 2420 1997 2453 eciam
2022 2420 2107 2452 dicti

237 2493 408 2531 regentes
429 2486 499 2531 ipsi
521 2487 661 2520 doctori
684 2488 720 2520 in
744 2488 840 2521 dicto
863 2488 1020 2521 elaustro
1042 2489 1238 2522 Parisiensi
1260 2489 1312 2522 sic
1332 2489 1474 2534 regenti
1502 2489 1635 2521 facient
1659 2494 1694 2521 et
1719 2486 1978 2528 observabunt,
2000 2492 2107 2531 prout

237 2553 374 2585 faciunt
394 2552 465 2586 sibi
486 2553 591 2598 ipsis,
613 2567 651 2587 ac
673 2555 704 2587 si
725 2554 865 2600 legeret
886 2555 923 2588 in
943 2555 1022 2588 vico
1045 2555 1267 2600 supradicto.

324 2619 450 2651 Αι11103
482 2621 626 2653 Domini
656 2621 850 2655 millesimo
879 2623 968 2656 CCC
983 2624 1176 2664 LXXXVI,
1207 2622 1265 2654 die
1292 2622 1438 2655 veneris
1466 2629 1548 2667 post
1574 2620 1848 2662 Misericordia,
1872 2631 2045 2653 concessa
2072 2625 2106 2651 et

238 2692 379 2731 passata
399 2686 466 2718 fuit
486 2686 552 2720 hec
573 2688 701 2721 cedula
721 2689 758 2721 in
779 2689 937 2734 capitulo
959 2689 1058 2730 [ecel.
1081 2689 1209 2730 Paris]
1230 2689 1323 2722 dicta
1345 2689 1402 2722 die
1423 2688 1640 2722 celebrato&

1327 2770 1361 2802 S.
1390 2770 1607 2802 Boussmm.
1700 2769 1731 2801 J.
1760 2769 1924 2800 BinAnm.

325 2865 453 2897 Actum
472 2865 516 2898 de
537 2877 720 2899 consensu
742 2866 998 2911 magistrorum
1021 2867 1117 2900 Petri
1139 2867 1293 2900 Bidaudi
1315 2866 1442 2900 decani
1468 2873 1503 2899 et
1522 2861 1697 2899 Johan'nis
1719 2860 1763 2897 de
1790 2866 1906 2897 Bosco
1933 2872 2101 2907 procura-
