2488 3386
227 337 322 372 1367]
644 351 690 372 AB
725 351 830 372 ANNo
866 351 997 372 MCCCL
1027 351 1157 378 USQUE
1192 352 1239 372 AD
1276 352 1539 373 ΒΕΝΕυιαΤυΜ
1574 353 1663 373 xm.
2024 343 2084 375 167

224 424 395 461 fecerant,
414 424 457 456 ad
479 424 607 456 domos
628 431 662 457 et
681 424 929 457 habitaciones
951 425 1103 456 rectoris
1125 431 1158 457 et
1182 424 1439 456 nonnullorum
1463 425 1613 457 aliorum
1638 426 1893 469 magistrorum
1917 433 1951 458 ct
1972 426 2086 458 scola-

225 490 316 522 rium
338 490 432 522 dicte
454 491 721 531 Universitatis,
743 503 848 524 causa
870 491 994 523 solacii
1017 497 1051 523 et
1066 492 1206 535 jocosa,
1229 491 1272 523 ad
1290 503 1353 523 eos
1375 491 1590 523 visitandum
1614 499 1649 523 et
1665 492 1859 524 videndum
1883 493 2085 532 duxissent,

224 557 417 601 ipsumque
445 557 496 589 sic
523 557 703 598 ducendo,
733 558 803 602 ipsi
830 558 1003 602 magister
1030 559 1158 590 Petrus
1185 564 1220 590 ct
1242 557 1402 589 scolares
1424 569 1503 589 cum
1531 558 1627 589 dicto
1656 558 1829 602 episcopo
1861 570 1924 590 seu
1947 559 2085 591 scolare

225 623 494 668 episcopalibus
515 624 738 656 indumentis
759 631 884 657 ornato
909 624 1120 665 existentes,
1143 623 1358 668 quibusdam
1382 623 1578 655 clientibus
1600 635 1663 655 seu
1686 624 1930 656 servientibus
1952 626 2086 657 nostris

225 690 393 722 duodene
419 690 530 722 Paris.
554 690 783 729 obviassent;
807 691 867 735 qui
890 691 960 722 sibi
981 691 1172 731 dixissent,
1194 690 1290 734 quod
1317 690 1463 734 pacifice
1485 690 1697 722 incederent
1719 697 1750 722 et
1773 691 1869 734 quod
1892 691 2013 723 nullus
2035 692 2086 723 eis

225 757 391 800 injuriam
413 756 470 789 vel
497 769 690 801 gravamen
717 757 879 790 inferret.
909 757 1174 790 Nichilominus
1195 769 1274 789 eum
1302 756 1372 801 ipsi
1403 757 1576 800 magister
1598 757 1724 789 Petrus
1755 763 1789 789 et
1817 757 1976 789 scolares
2006 770 2085 789 eum

225 823 360 855 lumine
389 823 494 855 trium
517 823 734 856 torchiarum
757 836 796 856 ac
818 824 897 856 sine
920 824 1029 856 armis
1051 823 1342 868 quibuscumque
1365 823 1458 855 dieta
1482 823 1693 855 visitacione
1716 824 1873 867 perfecta
1893 823 1934 856 ad
1958 824 2085 856 dictam

225 890 371 922 domum
393 901 493 923 suam
510 890 719 932 redeuntes,
744 890 886 935 aliquos
908 890 1078 935 parvulos
1095 890 1257 934 ipsorum
1280 889 1473 922 scolarium
1492 901 1555 921 eos
1577 890 1792 922 antecedere
1814 890 2000 930 fecissent,
2019 890 2087 934 ipsi

225 956 385 988 scolares
407 957 458 989 sic
479 957 748 998 antecedentes,
771 957 951 1001 injuriam,
976 957 1184 1001 dampnum,
1205 957 1379 989 offensam
1404 955 1461 989 vel
1491 968 1685 999 gravamen
1711 956 1876 1000 cuiquam
1905 968 1977 988 non
1998 957 2089 988 inse-

227 1029 361 1063 rentes,
386 1035 452 1055 nec
473 1035 490 1055 a
507 1035 687 1068 quoquam
710 1023 780 1056 sibi
801 1024 983 1064 timentes,
1007 1030 1161 1068 quatuor
1178 1022 1423 1056 servientibus
1445 1022 1581 1055 nostris
1603 1022 1759 1055 diversis
1781 1035 1961 1055 armorum
1983 1035 2089 1068 gene-

228 1089 327 1121 ribus
357 1090 501 1122 armatis
534 1090 682 1122 insimul
719 1090 930 1123 coadunatis
961 1090 1206 1130 obviaverant,
1250 1090 1311 1133 qui
1350 1089 1541 1121 confestim
1569 1089 1726 1133 g[l]adiis
1761 1090 1959 1134 evaginatis
1989 1090 2089 1134 ipsos

226 1155 385 1188 scolares
408 1156 614 1189 invaserant
634 1169 673 1189 ac
700 1169 809 1189 unum
837 1169 878 1189 ex
904 1157 993 1201 ipsis
1019 1156 1236 1197 scolaribus,
1258 1162 1422 1188 vocatum
1445 1154 1616 1188 Jacobum
1642 1156 1686 1187 de
1715 1157 1895 1196 Bussono,
1928 1156 1963 1188 in
1985 1168 2089 1189 crure

225 1223 384 1266 graviter
404 1229 439 1255 et
459 1223 656 1256 enormiter
676 1223 972 1263 vulneraverant,
1001 1230 1036 1256 et
1058 1235 1272 1268 quamquam
1295 1223 1381 1255 dicti
1403 1222 1462 1255 alii
1485 1222 1645 1254 scolares
1666 1223 1767 1267 ipsos
1793 1223 2030 1267 insequentes
2057 1230 2089 1256 et

224 1289 267 1321 ad
289 1289 495 1322 conflictum
518 1289 727 1334 hujusmodi
743 1290 957 1323 festinantes
974 1290 1064 1335 ipsis
1082 1289 1327 1323 servientibus
1344 1289 1581 1322 amicabiliter
1598 1296 1630 1321 et
1649 1289 1882 1321 tractabiliter
1899 1290 2088 1331 dixissent,

225 1356 322 1400 quod
344 1356 475 1388 malum
497 1357 657 1389 fecerant
673 1363 706 1389 et
723 1356 901 1389 faciebant
922 1357 973 1389 sic
990 1356 1185 1389 invadendi
1208 1363 1243 1388 et
1258 1356 1473 1389 vulnerandi
1495 1356 1655 1388 scolares
1676 1356 1878 1388 antedictos
1898 1368 1904 1388 :
1924 1368 2091 1401 verump-

225 1430 344 1455 tamen
365 1434 459 1455 unus
476 1423 638 1467 ipsorum
660 1430 814 1467 quatuor
835 1423 1068 1456 servientium
1088 1429 1237 1467 propter
1254 1424 1332 1466 ejus
1349 1422 1599 1455 vehementem
1618 1429 1653 1455 et
1670 1422 1913 1455 inordinatum
1931 1424 2088 1455 furorem

226 1501 290 1534 per
310 1495 384 1522 tres
405 1489 496 1522 alios
518 1490 639 1522 socios
661 1501 747 1522 suos
770 1501 808 1522 se
830 1490 946 1522 teneri
973 1490 1120 1531 fecerat,
1147 1496 1181 1522 et
1209 1489 1378 1522 detentus
1399 1490 1526 1528 suerat,
1550 1490 1593 1522 ad
1615 1489 1723 1521 finem
1746 1501 1789 1521 ne
1811 1489 1970 1522 scolares
1991 1496 2090 1522 ante-

226 1556 343 1588 dictos
360 1556 592 1597 interficeret,
616 1563 722 1601 prout
742 1557 859 1589 facere
881 1556 1045 1589 voluerat
1066 1563 1099 1589 et
1121 1568 1185 1600 pro
1208 1556 1345 1589 viribus
1367 1556 1444 1588 suis
1466 1555 1658 1588 nitebatur.

314 1622 490 1655 Dicebant
510 1623 628 1663 etiam,
653 1623 750 1667 quod
778 1623 814 1655 in
843 1623 979 1656 insultu
1008 1635 1072 1656 seu
1095 1623 1266 1655 conssictu
1294 1623 1455 1667 predicto
1478 1623 1633 1655 dilectus
1660 1630 1694 1655 et
1722 1623 1840 1655 fidelis
1865 1630 1989 1655 noster
2010 1623 2091 1655 Phi-

226 1689 346 1734 lippus
374 1690 418 1721 de
443 1689 655 1731 Villarihus,
679 1689 783 1722 miles
810 1690 910 1734 gueti
937 1690 1051 1722 nostri
1083 1690 1314 1730 I‘arisiensis,
1336 1702 1375 1722 ac
1398 1689 1606 1722 Bernardus
1628 1689 1824 1730 Blondelli,
1853 1691 1931 1734 ejus
1954 1689 2091 1722 locum-

226 1763 366 1796 tenens,
397 1768 476 1788 cum
502 1756 668 1801 pluribus
698 1756 778 1789 aliis
810 1763 878 1789 tarn
910 1756 1095 1801 equitibus
1126 1768 1232 1801 quam
1264 1756 1448 1801 peditibus
1475 1757 1519 1788 de
1550 1768 1614 1789 sua
1641 1757 1807 1789 comitiva
1836 1756 2091 1791 existentibus,

225 1830 512 1867 supervenerant
531 1829 565 1855 et
588 1823 791 1868 impetuose
812 1835 851 1855 ae
872 1836 950 1856 cum
974 1823 1126 1868 strepitu
1149 1835 1222 1855 non
1247 1823 1390 1855 modico
1413 1822 1564 1855 ensibus
1587 1823 1788 1868 evaginatis
1813 1823 1989 1856 adversus
2011 1836 2092 1856 eos—

226 1890 307 1922 dem
332 1890 490 1922 seolares
513 1904 528 1920 «
552 1890 595 1922 ad
617 1896 767 1922 mortem
791 1904 807 1920 »
829 1890 897 1922 alta
918 1902 1006 1923 voce
1027 1890 1280 1931 clamaverant,
1303 1902 1346 1922 ex
1367 1902 1438 1934 quo
1460 1889 1617 1922 clamore
1639 1890 1748 1922 iidem
1773 1890 1932 1922 scolares
1956 1897 2092 1934 perter-

226 1957 297 1997 riti,
320 1963 487 1989 verentes
515 1957 625 1989 eciam
657 1957 835 1989 dictorum
866 1957 1002 1998 militis,
1032 1957 1267 1990 servientium
1300 1963 1335 1989 et
1360 1969 1483 1989 eorum
1514 1957 1722 2001 sequacium
1756 1958 1927 1998 furorem,
1957 1964 2091 1990 attento

227 2024 323 2067 quod
346 2023 465 2055 dictus
485 2023 642 2056 Jacobus
659 2023 703 2055 de
721 2024 943 2064 Bu[i]ssono,
969 2035 1093 2056 eorum
1119 2024 1255 2064 socius,
1279 2024 1330 2056 sic
1354 2022 1599 2055 inhumaniter
1620 2023 1830 2056 vulneratus
1856 2024 2032 2062 extiterat,
2055 2031 2089 2056 ut

228 2090 418 2134 prefertur,
441 2090 484 2122 ad
513 2090 658 2122 domum
682 2101 781 2122 suam
809 2090 1020 2134 predictam,
1048 2097 1155 2134 prout
1182 2090 1312 2122 melius
1344 2097 1375 2122 et
1405 2090 1518 2122 cicius
1548 2097 1749 2134 potuerant,
1773 2090 1946 2123 velociter
1971 2102 2091 2123 acces-

226 2163 347 2189 serant
368 2163 400 2188 et
423 2168 498 2188 eam
522 2157 753 2197 intraverant,
783 2163 818 2188 et
843 2156 975 2188 deinde
998 2157 1076 2200 ejus
1098 2156 1214 2189 hostia
1240 2163 1273 2189 et
1300 2157 1492 2201 ingressus
1525 2168 1586 2200 pre
1613 2157 1740 2189 timore
1769 2157 1905 2197 militis,
1929 2157 2091 2189 servien-

226 2223 336 2263 t[i]um
360 2229 392 2255 et
417 2235 541 2255 eorum
564 2223 771 2267 sequacium
795 2223 1040 2267 predictorum
1068 2235 1131 2255 eos
1155 2235 1235 2255 cum
1264 2223 1399 2268 impetu
1427 2235 1499 2255 non
1524 2223 1665 2255 modico
1688 2223 1869 2256 hostiliter
1890 2224 2088 2268 sugantium

225 2297 260 2322 et
283 2290 389 2322 morti
411 2290 552 2322 tradere
574 2290 835 2334 satagencium,
856 2290 1062 2322 clauserant
1082 2297 1117 2322 et
1139 2290 1379 2323 firmaverant.

313 2357 478 2400 Cumque
500 2356 742 2401 prenominati
768 2356 886 2397 miles,
909 2357 1112 2389 servientes
1134 2363 1169 2389 et
1196 2369 1275 2389 cum
1299 2357 1352 2389 eis
1374 2357 1572 2389 existentes
1594 2357 1770 2390 vidissent
1793 2357 1921 2389 dictam
1945 2357 2089 2389 domum

225 2423 277 2455 sic
298 2423 454 2455 clausam
477 2429 511 2455 et
531 2423 703 2455 firmatam
726 2423 882 2467 ingredi,
906 2429 941 2455 et
962 2423 1109 2455 eosdem
1133 2423 1344 2467 magistrum
1364 2430 1398 2455 et
1414 2423 1575 2455 scolares
1594 2423 1628 2455 iu
1646 2423 1726 2467 ipso
1745 2423 1942 2455 existentes
1964 2435 2091 2467 appre-

226 2489 385 2522 hendere
411 2496 443 2521 et
472 2496 596 2522 tenere
625 2502 696 2522 non
726 2501 846 2534 posse,
877 2490 946 2521 nisi
979 2490 1013 2522 vi
1040 2489 1183 2534 publica
1210 2490 1403 2530 mediante,
1428 2490 1497 2534 ipsi
1529 2489 1645 2530 miles,
1675 2490 1877 2522 servientes
1908 2496 1940 2522 et
1968 2502 2089 2521 secum

226 2556 393 2588 associati
416 2555 532 2588 dictos
555 2556 765 2600 magistrum
791 2563 826 2589 et
847 2556 1007 2588 scolares
1031 2555 1166 2588 ibidem
1188 2556 1294 2588 morti
1318 2556 1460 2589 tradere
1484 2563 1703 2600 satagentes,
1727 2563 1761 2588 ut
1785 2555 1986 2596 videbatur,
2010 2567 2090 2599 pre-

225 2623 328 2654 fatam
356 2622 500 2655 domum
528 2629 563 2655 et
593 2623 776 2667 predictos
799 2623 1009 2667 magistrum
1035 2629 1070 2655 et
1095 2622 1255 2655 scolares
1283 2623 1319 2654 in
1342 2635 1381 2655 ea
1408 2623 1605 2655 existentes
1627 2622 1825 2655 insultibus
1846 2622 2033 2654 bellicosis
2057 2628 2091 2653 et

227 2688 382 2732 publicis
411 2689 677 2722 convocacione
706 2689 870 2734 populari
895 2696 929 2722 et
958 2702 1037 2721 cum
1067 2689 1223 2733 plurium
1246 2696 1281 2721 et
1302 2689 1529 2722 diversorum
1557 2689 1756 2733 generibus
1782 2701 1959 2721 armorum
1991 2700 2088 2720 more

226 2754 347 2786 hostili
371 2755 588 2796 invaserant,
612 2768 650 2788 ac
671 2756 707 2787 in
729 2756 877 2788 eandem
906 2756 1050 2787 domum
1073 2762 1108 2787 et
1134 2755 1316 2800 predictos
1339 2756 1549 2800 magistrum
1575 2762 1606 2787 et
1630 2755 1789 2787 scolares
1814 2754 1979 2798 pluribus
2002 2754 2089 2797 lapi-

226 2820 333 2853 dibus
364 2833 506 2853 necnon
529 2822 721 2854 viretonis¹’
753 2829 787 2854 et
808 2822 949 2867 sagittis
977 2822 1012 2854 in
1042 2834 1118 2862 eos,
1150 2821 1306 2854 arcubus
1336 2829 1368 2853 et
1396 2822 1537 2854 balistis
1567 2821 1809 2853 mediantibus
1836 2820 1979 2852 emissis
2012 2820 2087 2851 sive

227 2887 360 2927 tractis,
387 2888 688 2931 quemadmodum
715 2889 891 2922 adversus
918 2888 1084 2920 inimicos
1108 2895 1265 2928 nostros,
1290 2888 1480 2920 Irruerant.
1504 2888 1609 2929 Quod
1636 2900 1714 2919 cum
1743 2887 1883 2919 videret
1912 2893 1945 2918 et
1972 2885 2087 2930 perci—
