<?xml version="1.0" encoding="UTF-8"?>
<!DOCTYPE html PUBLIC "-//W3C//DTD XHTML 1.0 Transitional//EN"
    "http://www.w3.org/TR/xhtml1/DTD/xhtml1-transitional.dtd">
<html xmlns="http://www.w3.org/1999/xhtml" xml:lang="en" lang="en">
 <head>
  <title>
</title>
<meta http-equiv="Content-Type" content="text/html;charset=utf-8" />
  <meta name='ocr-system' content='tesseract 3.04.00' />
  <meta name='ocr-capabilities' content='ocr_page ocr_carea ocr_par ocr_line ocrx_word'/>
</head>
<body>
  <div class='ocr_page' id='page_1' title='image "auctariumchartul03univuoft_0157.png"; bbox 0 0 2488 3386; ppageno 0'>
   <div class='ocr_carea' id='block_1_1' title="bbox 199 334 2059 371">
    <p class='ocr_par' dir='ltr' id='par_1_1' title="bbox 199 334 2059 371">
     <span class='ocr_line' id='line_1_1' title="bbox 199 334 2059 371; baseline -0.001 -1"><span class='ocrx_word' id='word_1_1' title='bbox 199 334 292 371; x_wconf 87' lang='lat'>1364]</span> <span class='ocrx_word' id='word_1_2' title='bbox 613 345 659 367; x_wconf 68' lang='lat' dir='ltr'><em>AB</em></span> <span class='ocrx_word' id='word_1_3' title='bbox 693 344 799 366; x_wconf 56' lang='lat' dir='ltr'><em>anno</em></span> <span class='ocrx_word' id='word_1_4' title='bbox 834 343 965 366; x_wconf 73' lang='lat' dir='ltr'><em>mecm.</em></span> <span class='ocrx_word' id='word_1_5' title='bbox 998 343 1130 371; x_wconf 67' lang='lat' dir='ltr'><em>usone</em></span> <span class='ocrx_word' id='word_1_6' title='bbox 1166 344 1213 365; x_wconf 63' lang='lat' dir='ltr'><em>An</em></span> <span class='ocrx_word' id='word_1_7' title='bbox 1249 344 1515 366; x_wconf 82' lang='lat' dir='ltr'>BENEDICTUM</span> <span class='ocrx_word' id='word_1_8' title='bbox 1550 345 1640 366; x_wconf 77' lang='lat' dir='ltr'><em>xm.</em></span> <span class='ocrx_word' id='word_1_9' title='bbox 1997 336 2059 368; x_wconf 81' lang='lat'><em>109</em></span> 
     </span>
    </p>
   </div>
   <div class='ocr_carea' id='block_1_2' title="bbox 193 416 2060 452">
    <p class='ocr_par' dir='ltr' id='par_1_2' title="bbox 193 416 2060 452">
     <span class='ocr_line' id='line_1_2' title="bbox 193 416 2060 452; baseline -0.001 -8"><span class='ocrx_word' id='word_1_10' title='bbox 193 429 207 444; x_wconf 84' lang='lat' dir='ltr'><em>e</em></span> <span class='ocrx_word' id='word_1_11' title='bbox 222 429 282 452; x_wconf 82' lang='lat' dir='ltr'><em>qua,</em></span> <span class='ocrx_word' id='word_1_12' title='bbox 306 428 352 443; x_wconf 81' lang='lat' dir='ltr'><em>seu</em></span> <span class='ocrx_word' id='word_1_13' title='bbox 374 419 462 451; x_wconf 82' lang='lat' dir='ltr'><em>potius</em></span> <span class='ocrx_word' id='word_1_14' title='bbox 478 427 491 443; x_wconf 85' lang='lat' dir='ltr'><em>e</em></span> <span class='ocrx_word' id='word_1_15' title='bbox 506 419 579 443; x_wconf 84' lang='lat' dir='ltr'><em>Bibl.</em></span> <span class='ocrx_word' id='word_1_16' title='bbox 595 425 669 448; x_wconf 72' lang='lat' dir='ltr'><em>may.</em></span> <span class='ocrx_word' id='word_1_17' title='bbox 692 421 779 449; x_wconf 68' lang='lat' dir='ltr'><em>patr„</em></span> <span class='ocrx_word' id='word_1_18' title='bbox 798 417 838 446; x_wconf 85' lang='lat' dir='ltr'><em>IV,</em></span> <span class='ocrx_word' id='word_1_19' title='bbox 857 417 980 447; x_wconf 76' lang='lat' dir='ltr'><em>Bulaeus,</em></span> <span class='ocrx_word' id='word_1_20' title='bbox 1000 417 1041 446; x_wconf 85' lang='lat' dir='ltr'><em>IV,</em></span> <span class='ocrx_word' id='word_1_21' title='bbox 1062 417 1119 445; x_wconf 82' lang='lat'>377;</span> <span class='ocrx_word' id='word_1_22' title='bbox 1142 416 1309 448; x_wconf 68' lang='lat' dir='ltr'><em>D&#39;Argentre,</em></span> <span class='ocrx_word' id='word_1_23' title='bbox 1334 417 1400 442; x_wconf 82' lang='lat' dir='ltr'><em>Coll.</em></span> <span class='ocrx_word' id='word_1_24' title='bbox 1413 418 1488 447; x_wconf 74' lang='lat' dir='ltr'><em>jud.y</em></span> <span class='ocrx_word' id='word_1_25' title='bbox 1505 418 1525 446; x_wconf 81' lang='lat'><em>1,</em></span> <span class='ocrx_word' id='word_1_26' title='bbox 1543 418 1597 441; x_wconf 88' lang='lat'>387.</span> <span class='ocrx_word' id='word_1_27' title='bbox 1614 418 1716 449; x_wconf 87' lang='lat' dir='ltr'>Ubique</span> <span class='ocrx_word' id='word_1_28' title='bbox 1733 419 1782 441; x_wconf 81' lang='lat' dir='ltr'><em>sub</em></span> <span class='ocrx_word' id='word_1_29' title='bbox 1802 419 1908 442; x_wconf 77' lang='lat' dir='ltr'><em>rubrica</em></span> <span class='ocrx_word' id='word_1_30' title='bbox 1924 422 1951 442; x_wconf 89' lang='lat' dir='ltr'><em>ut</em></span> <span class='ocrx_word' id='word_1_31' title='bbox 1966 419 1991 442; x_wconf 90' lang='lat' dir='ltr'><em>in</em></span> <span class='ocrx_word' id='word_1_32' title='bbox 2009 428 2060 443; x_wconf 82' lang='lat' dir='ltr'><em>ms.</em></span> 
     </span>
    </p>
   </div>
   <div class='ocr_carea' id='block_1_3' title="bbox 194 463 687 496">
    <p class='ocr_par' dir='ltr' id='par_1_3' title="bbox 194 463 687 496">
     <span class='ocr_line' id='line_1_3' title="bbox 194 463 687 496; baseline -0.008 -7"><span class='ocrx_word' id='word_1_33' title='bbox 194 465 325 496; x_wconf 72' lang='lat' dir='ltr'><em>Amplon„</em></span> <span class='ocrx_word' id='word_1_34' title='bbox 342 472 409 487; x_wconf 84' lang='lat' dir='ltr'><em>anno</em></span> <span class='ocrx_word' id='word_1_35' title='bbox 423 471 547 495; x_wconf 80' lang='lat' dir='ltr'><em>expresso</em></span> <span class='ocrx_word' id='word_1_36' title='bbox 564 471 576 486; x_wconf 87' lang='lat'>«</span> <span class='ocrx_word' id='word_1_37' title='bbox 590 463 650 486; x_wconf 81' lang='lat'><strong>1363</strong></span> <span class='ocrx_word' id='word_1_38' title='bbox 666 471 687 486; x_wconf 78' lang='lat' dir='ltr'><em>u.</em></span> 
     </span>
    </p>
   </div>
   <div class='ocr_carea' id='block_1_4' title="bbox 286 545 2059 579">
    <p class='ocr_par' dir='ltr' id='par_1_4' title="bbox 286 545 2059 579">
     <span class='ocr_line' id='line_1_4' title="bbox 286 545 2059 579; baseline -0.001 -8"><span class='ocrx_word' id='word_1_39' title='bbox 286 548 309 572; x_wconf 90' lang='lat'><em>1.</em></span> <span class='ocrx_word' id='word_1_40' title='bbox 325 548 345 571; x_wconf 92' lang='lat'><em>1.</em></span> <span class='ocrx_word' id='word_1_41' title='bbox 361 556 383 571; x_wconf 86' lang='lat' dir='ltr'><em>e.</em></span> <span class='ocrx_word' id='word_1_42' title='bbox 399 547 495 579; x_wconf 79' lang='lat' dir='ltr'><strong>dignae</strong></span> <span class='ocrx_word' id='word_1_43' title='bbox 508 550 578 570; x_wconf 75' lang='lat' dir='ltr'><em>sunt.</em></span> <span class='ocrx_word' id='word_1_44' title='bbox 591 560 617 564; x_wconf 98' lang='lat'><strong>—</strong></span> <span class='ocrx_word' id='word_1_45' title='bbox 632 547 655 570; x_wconf 86' lang='lat'><em>2.</em></span> <span class='ocrx_word' id='word_1_46' title='bbox 670 546 792 578; x_wconf 83' lang='lat' dir='ltr'><em>Amplon.</em></span> <span class='ocrx_word' id='word_1_47' title='bbox 806 554 813 570; x_wconf 78' lang='lat' dir='ltr'>z</span> <span class='ocrx_word' id='word_1_48' title='bbox 831 554 842 569; x_wconf 88' lang='lat'>«</span> <span class='ocrx_word' id='word_1_49' title='bbox 859 546 936 569; x_wconf 83' lang='lat' dir='ltr'><em>dutus</em></span> <span class='ocrx_word' id='word_1_50' title='bbox 951 553 973 570; x_wconf 83' lang='lat'><em>».</em></span> <span class='ocrx_word' id='word_1_51' title='bbox 986 559 1016 563; x_wconf 89' lang='lat'><strong>—</strong></span> <span class='ocrx_word' id='word_1_52' title='bbox 1031 546 1054 569; x_wconf 87' lang='grc'><em>3.</em></span> <span class='ocrx_word' id='word_1_53' title='bbox 1068 545 1134 568; x_wconf 86' lang='lat' dir='ltr'>Edd.</span> <span class='ocrx_word' id='word_1_54' title='bbox 1152 552 1157 568; x_wconf 85' lang='lat'>:</span> <span class='ocrx_word' id='word_1_55' title='bbox 1171 553 1183 567; x_wconf 87' lang='lat'><strong><em>«</em></strong></span> <span class='ocrx_word' id='word_1_56' title='bbox 1199 545 1261 576; x_wconf 81' lang='lat' dir='ltr'><em>quia</em></span> <span class='ocrx_word' id='word_1_57' title='bbox 1275 546 1413 572; x_wconf 80' lang='lat' dir='ltr'><em>frueretur,</em></span> <span class='ocrx_word' id='word_1_58' title='bbox 1431 548 1456 568; x_wconf 77' lang='lat' dir='ltr'><em>et</em></span> <span class='ocrx_word' id='word_1_59' title='bbox 1468 545 1533 568; x_wconf 89' lang='lat' dir='ltr'><em>illud</em></span> <span class='ocrx_word' id='word_1_60' title='bbox 1547 545 1648 575; x_wconf 88' lang='lat' dir='ltr'><em>pluries</em></span> <span class='ocrx_word' id='word_1_61' title='bbox 1664 545 1796 573; x_wconf 83' lang='lat' dir='ltr'><em>reiteravi,</em></span> <span class='ocrx_word' id='word_1_62' title='bbox 1813 545 1870 568; x_wconf 87' lang='lat' dir='ltr'><em>dico</em></span> <span class='ocrx_word' id='word_1_63' title='bbox 1887 546 1966 577; x_wconf 80' lang='lat' dir='ltr'><em>quod,</em></span> <span class='ocrx_word' id='word_1_64' title='bbox 1984 555 1996 566; x_wconf 83' lang='lat'><em>›&gt;</em></span> <span class='ocrx_word' id='word_1_65' title='bbox 2009 551 2059 570; x_wconf 76' lang='lat' dir='ltr'><em>etc.</em></span> 
     </span>
    </p>
   </div>
   <div class='ocr_carea' id='block_1_5' title="bbox 191 590 703 623">
    <p class='ocr_par' dir='ltr' id='par_1_5' title="bbox 191 590 703 623">
     <span class='ocr_line' id='line_1_5' title="bbox 191 590 703 623; baseline -0.004 -7"><span class='ocrx_word' id='word_1_66' title='bbox 191 606 222 611; x_wconf 91' lang='lat'><em>——</em></span> <span class='ocrx_word' id='word_1_67' title='bbox 236 594 260 616; x_wconf 76' lang='lat'><em>4.</em></span> <span class='ocrx_word' id='word_1_68' title='bbox 276 592 396 623; x_wconf 82' lang='lat' dir='ltr'><em>Amplon.</em></span> <span class='ocrx_word' id='word_1_69' title='bbox 410 591 498 623; x_wconf 83' lang='lat' dir='ltr'><em>potius</em></span> <span class='ocrx_word' id='word_1_70' title='bbox 517 599 522 614; x_wconf 91' lang='lat'>:</span> <span class='ocrx_word' id='word_1_71' title='bbox 538 590 666 623; x_wconf 81' lang='lat' dir='ltr'><em>«quando</em></span> <span class='ocrx_word' id='word_1_72' title='bbox 681 598 703 614; x_wconf 80' lang='lat'><em>»-</em></span> 
     </span>
    </p>
   </div>
   <div class='ocr_carea' id='block_1_6' title="bbox 196 740 2059 879">
    <p class='ocr_par' dir='ltr' id='par_1_6' title="bbox 196 740 2059 879">
     <span class='ocr_line' id='line_1_6' title="bbox 196 740 2059 783; baseline -0.002 -7"><span class='ocrx_word' id='word_1_73' title='bbox 196 740 336 777; x_wconf 81' lang='grc'><strong>1289.</strong></span> <span class='ocrx_word' id='word_1_74' title='bbox 365 748 494 774; x_wconf 82' lang='lat' dir='ltr'><em>Urbanus</em></span> <span class='ocrx_word' id='word_1_75' title='bbox 511 747 661 783; x_wconf 81' lang='lat' dir='ltr'><em>(Grimerio</em></span> <span class='ocrx_word' id='word_1_76' title='bbox 676 747 834 781; x_wconf 80' lang='lat' dir='ltr'><em>Bonifacii)</em></span> <span class='ocrx_word' id='word_1_77' title='bbox 846 746 1021 773; x_wconf 84' lang='lat' dir='ltr'><em>cancellario</em></span> <span class='ocrx_word' id='word_1_78' title='bbox 1037 748 1143 782; x_wconf 60' lang='lat' dir='ltr'><em>Paris„</em></span> <span class='ocrx_word' id='word_1_79' title='bbox 1157 751 1188 773; x_wconf 80' lang='lat' dir='ltr'><em>nt</em></span> <span class='ocrx_word' id='word_1_80' title='bbox 1199 746 1356 772; x_wconf 77' lang='lat' dir='ltr'><em>Iohannem</em></span> <span class='ocrx_word' id='word_1_81' title='bbox 1372 745 1521 771; x_wconf 73' lang='lat' dir='ltr'><em>abbatem¹</em></span> <span class='ocrx_word' id='word_1_82' title='bbox 1540 746 1709 772; x_wconf 83' lang='lat' dir='ltr'><em>monasterii</em></span> <span class='ocrx_word' id='word_1_83' title='bbox 1727 746 1924 781; x_wconf 78' lang='lat' dir='ltr'><em>Claraevallis,</em></span> <span class='ocrx_word' id='word_1_84' title='bbox 1945 748 2059 774; x_wconf 77' lang='lat' dir='ltr'><em>Cisterc.</em></span> 
     </span>
     <span class='ocr_line' id='line_1_7' title="bbox 283 794 2059 832; baseline -0.001 -9"><span class='ocrx_word' id='word_1_85' title='bbox 283 797 361 832; x_wconf 62' lang='lat' dir='ltr'><em>Ord„</em></span> <span class='ocrx_word' id='word_1_86' title='bbox 378 798 546 831; x_wconf 75' lang='lat' dir='ltr'><em>lingonens.</em></span> <span class='ocrx_word' id='word_1_87' title='bbox 564 796 664 830; x_wconf 58' lang='lat' dir='ltr'><em>dioec„</em></span> <span class='ocrx_word' id='word_1_88' title='bbox 682 796 732 831; x_wconf 85' lang='lat' dir='ltr'><em>qui</em></span> <span class='ocrx_word' id='word_1_89' title='bbox 747 796 775 822; x_wconf 94' lang='lat' dir='ltr'><em>in</em></span> <span class='ocrx_word' id='word_1_90' title='bbox 793 795 889 821; x_wconf 85' lang='lat' dir='ltr'><em>studio</em></span> <span class='ocrx_word' id='word_1_91' title='bbox 904 796 1067 822; x_wconf 84' lang='lat' dir='ltr'><em>Parisiensi</em></span> <span class='ocrx_word' id='word_1_92' title='bbox 1081 795 1207 822; x_wconf 88' lang='lat' dir='ltr'><em>Bibliam</em></span> <span class='ocrx_word' id='word_1_93' title='bbox 1220 795 1346 821; x_wconf 81' lang='lat' dir='ltr'><em>cursorie</em></span> <span class='ocrx_word' id='word_1_94' title='bbox 1362 798 1389 820; x_wconf 85' lang='lat' dir='ltr'><em>et</em></span> <span class='ocrx_word' id='word_1_95' title='bbox 1403 794 1492 820; x_wconf 83' lang='lat' dir='ltr'><em>libros</em></span> <span class='ocrx_word' id='word_1_96' title='bbox 1510 795 1721 820; x_wconf 81' lang='lat' dir='ltr'><em>Sententiarum</em></span> <span class='ocrx_word' id='word_1_97' title='bbox 1737 794 1806 829; x_wconf 78' lang='lat' dir='ltr'><em>legit</em></span> <span class='ocrx_word' id='word_1_98' title='bbox 1821 799 1848 820; x_wconf 90' lang='lat' dir='ltr'><em>et</em></span> <span class='ocrx_word' id='word_1_99' title='bbox 1865 795 1964 831; x_wconf 80' lang='lat' dir='ltr'><em>plures</em></span> <span class='ocrx_word' id='word_1_100' title='bbox 1985 796 2059 821; x_wconf 87' lang='lat' dir='ltr'><em>alios</em></span> 
     </span>
     <span class='ocr_line' id='line_1_8' title="bbox 279 843 2059 879; baseline -0.001 -8"><span class='ocrx_word' id='word_1_101' title='bbox 279 849 362 872; x_wconf 82' lang='lat' dir='ltr'><em>actus</em></span> <span class='ocrx_word' id='word_1_102' title='bbox 377 845 565 871; x_wconf 84' lang='lat' dir='ltr'><em>scholasticos</em></span> <span class='ocrx_word' id='word_1_103' title='bbox 583 845 612 871; x_wconf 90' lang='lat' dir='ltr'><em>in</em></span> <span class='ocrx_word' id='word_1_104' title='bbox 627 844 724 871; x_wconf 87' lang='lat' dir='ltr'><em>eodem</em></span> <span class='ocrx_word' id='word_1_105' title='bbox 742 844 838 870; x_wconf 88' lang='lat' dir='ltr'><em>studio</em></span> <span class='ocrx_word' id='word_1_106' title='bbox 854 844 990 879; x_wconf 65' lang='lat' dir='ltr'><em>ezer-cuit,</em></span> <span class='ocrx_word' id='word_1_107' title='bbox 1013 844 1054 870; x_wconf 85' lang='lat' dir='ltr'><em>ad</em></span> <span class='ocrx_word' id='word_1_108' title='bbox 1073 844 1196 879; x_wconf 81' lang='lat' dir='ltr'><em>gradum</em></span> <span class='ocrx_word' id='word_1_109' title='bbox 1218 843 1380 878; x_wconf 80' lang='lat' dir='ltr'><em>magisterii</em></span> <span class='ocrx_word' id='word_1_110' title='bbox 1394 843 1525 879; x_wconf 83' lang='lat' dir='ltr'><em>recipiat.</em></span> <span class='ocrx_word' id='word_1_111' title='bbox 1545 844 1608 869; x_wconf 84' lang='lat' dir='ltr'><em>Dat.</em></span> <span class='ocrx_word' id='word_1_112' title='bbox 1626 843 1768 870; x_wconf 88' lang='lat' dir='ltr'><em>Avinione</em></span> <span class='ocrx_word' id='word_1_113' title='bbox 1781 844 1809 877; x_wconf 85' lang='lat' dir='ltr'><em>iij</em></span> <span class='ocrx_word' id='word_1_114' title='bbox 1828 852 1898 870; x_wconf 85' lang='lat' dir='ltr'><em>non.</em></span> <span class='ocrx_word' id='word_1_115' title='bbox 1916 845 2059 875; x_wconf 85' lang='lat' dir='ltr'><em>Januarii,</em></span> 
     </span>
    </p>
   </div>
   <div class='ocr_carea' id='block_1_7' title="bbox 279 894 1774 1018">
    <p class='ocr_par' dir='ltr' id='par_1_7' title="bbox 279 894 1774 1018">
     <span class='ocr_line' id='line_1_9' title="bbox 279 894 889 921; baseline -0.003 0"><span class='ocrx_word' id='word_1_116' title='bbox 279 902 357 921; x_wconf 84' lang='lat' dir='ltr'><em>anno</em></span> <span class='ocrx_word' id='word_1_117' title='bbox 371 895 507 921; x_wconf 87' lang='lat' dir='ltr'><em>secundo.</em></span> <span class='ocrx_word' id='word_1_118' title='bbox 526 904 540 918; x_wconf 89' lang='lat'>«</span> <span class='ocrx_word' id='word_1_119' title='bbox 556 894 616 920; x_wconf 91' lang='lat' dir='ltr'><em>Viri</em></span> <span class='ocrx_word' id='word_1_120' title='bbox 628 901 705 921; x_wconf 87' lang='lat' dir='ltr'>sacre</span> <span class='ocrx_word' id='word_1_121' title='bbox 717 894 848 920; x_wconf 85' lang='lat' dir='ltr'><em>lectionis</em></span> <span class='ocrx_word' id='word_1_122' title='bbox 864 903 889 919; x_wconf 78' lang='lat'><em>».</em></span> 
     </span>
     <span class='ocr_line' id='line_1_10' title="bbox 1390 941 1774 971; baseline -0.003 -4"><span class='ocrx_word' id='word_1_123' title='bbox 1390 942 1466 971; x_wconf 80' lang='lat'><em>7364,</em></span> <span class='ocrx_word' id='word_1_124' title='bbox 1481 941 1599 967; x_wconf 70' lang='lat' dir='ltr'><em>danum-ii</em></span> <span class='ocrx_word' id='word_1_125' title='bbox 1609 942 1633 971; x_wconf 83' lang='lat'><em>3,</em></span> <span class='ocrx_word' id='word_1_126' title='bbox 1649 941 1774 967; x_wconf 74' lang='lat' dir='ltr'><em>Arinione.</em></span> 
     </span>
     <span class='ocr_line' id='line_1_11' title="bbox 283 986 962 1018; baseline -0.003 -7"><span class='ocrx_word' id='word_1_127' title='bbox 283 987 346 1018; x_wconf 82' lang='lat' dir='ltr'><em>Reg.</em></span> <span class='ocrx_word' id='word_1_128' title='bbox 360 987 418 1010; x_wconf 79' lang='lat' dir='ltr'><em>Vat.</em></span> <span class='ocrx_word' id='word_1_129' title='bbox 431 987 512 1010; x_wconf 78' lang='lat' dir='ltr'><em>Aven.</em></span> <span class='ocrx_word' id='word_1_130' title='bbox 529 986 630 1010; x_wconf 82' lang='lat' dir='ltr'><em>Urbani</em></span> <span class='ocrx_word' id='word_1_131' title='bbox 645 987 675 1015; x_wconf 84' lang='lat' dir='ltr'><em>V,</em></span> <span class='ocrx_word' id='word_1_132' title='bbox 690 986 744 1011; x_wconf 83' lang='lat' dir='ltr'><em>vol.</em></span> <span class='ocrx_word' id='word_1_133' title='bbox 760 986 814 1014; x_wconf 85' lang='lat' dir='ltr'><em>Vll,</em></span> <span class='ocrx_word' id='word_1_134' title='bbox 833 986 877 1010; x_wconf 79' lang='lat' dir='ltr'><em>sol.</em></span> <span class='ocrx_word' id='word_1_135' title='bbox 891 986 962 1009; x_wconf 70' lang='lat'>52412.</span> 
     </span>
    </p>
   </div>
   <div class='ocr_carea' id='block_1_8' title="bbox 188 1067 2058 1145">
    <p class='ocr_par' dir='ltr' id='par_1_8' title="bbox 188 1067 2058 1145">
     <span class='ocr_line' id='line_1_12' title="bbox 283 1067 2058 1100; baseline -0.001 -6"><span class='ocrx_word' id='word_1_136' title='bbox 283 1071 306 1094; x_wconf 83' lang='lat'><em>1.</em></span> <span class='ocrx_word' id='word_1_137' title='bbox 319 1070 466 1094; x_wconf 76' lang='lat' dir='ltr'><em>Johannem</em></span> <span class='ocrx_word' id='word_1_138' title='bbox 488 1070 529 1100; x_wconf 87' lang='lat' dir='ltr'><em>(de</em></span> <span class='ocrx_word' id='word_1_139' title='bbox 548 1070 722 1099; x_wconf 85' lang='lat' dir='ltr'><em>Dulemonte),</em></span> <span class='ocrx_word' id='word_1_140' title='bbox 743 1069 866 1092; x_wconf 79' lang='lat' dir='ltr'>abbatem</span> <span class='ocrx_word' id='word_1_141' title='bbox 890 1068 923 1092; x_wconf 83' lang='lat' dir='ltr'><em>ab</em></span> <span class='ocrx_word' id='word_1_142' title='bbox 941 1077 983 1092; x_wconf 79' lang='lat' dir='ltr'><em>an.</em></span> <span class='ocrx_word' id='word_1_143' title='bbox 1004 1069 1073 1096; x_wconf 83' lang='lat'><em>1363,</em></span> <span class='ocrx_word' id='word_1_144' title='bbox 1093 1068 1166 1092; x_wconf 89' lang='lat' dir='ltr'><em>Junii</em></span> <span class='ocrx_word' id='word_1_145' title='bbox 1181 1068 1210 1091; x_wconf 81' lang='lat'><em>22</em></span> <span class='ocrx_word' id='word_1_146' title='bbox 1232 1068 1268 1097; x_wconf 85' lang='lat' dir='ltr'><em>(in</em></span> <span class='ocrx_word' id='word_1_147' title='bbox 1290 1068 1362 1092; x_wconf 84' lang='lat' dir='ltr'><em>Gall.</em></span> <span class='ocrx_word' id='word_1_148' title='bbox 1378 1067 1483 1096; x_wconf 60' lang='lat' dir='ltr'><em>christ„</em></span> <span class='ocrx_word' id='word_1_149' title='bbox 1502 1068 1543 1097; x_wconf 85' lang='lat' dir='ltr'><em>lv,</em></span> <span class='ocrx_word' id='word_1_150' title='bbox 1569 1069 1624 1097; x_wconf 82' lang='lat'><em>809,</em></span> <span class='ocrx_word' id='word_1_151' title='bbox 1646 1076 1787 1099; x_wconf 77' lang='lat' dir='ltr'>perperam</span> <span class='ocrx_word' id='word_1_152' title='bbox 1803 1068 1836 1090; x_wconf 87' lang='lat' dir='ltr'><em>ab</em></span> <span class='ocrx_word' id='word_1_153' title='bbox 1852 1076 1893 1091; x_wconf 87' lang='lat' dir='ltr'><em>an.</em></span> <span class='ocrx_word' id='word_1_154' title='bbox 1911 1068 1986 1100; x_wconf 82' lang='lat'><strong>1360;</strong></span> <span class='ocrx_word' id='word_1_155' title='bbox 2004 1068 2058 1092; x_wconf 83' lang='lat' dir='ltr'><em>vid.</em></span> 
     </span>
     <span class='ocr_line' id='line_1_13' title="bbox 188 1112 1907 1145; baseline -0.002 -6"><span class='ocrx_word' id='word_1_156' title='bbox 188 1115 267 1139; x_wconf 74' lang='lat' dir='ltr'><em>etiam</em></span> <span class='ocrx_word' id='word_1_157' title='bbox 282 1115 352 1138; x_wconf 78' lang='lat' dir='ltr'><em>infra</em></span> <span class='ocrx_word' id='word_1_158' title='bbox 369 1119 398 1138; x_wconf 88' lang='lat' dir='ltr'><em>n⁰</em></span> <span class='ocrx_word' id='word_1_159' title='bbox 413 1115 491 1144; x_wconf 83' lang='lat'><em>1303),</em></span> <span class='ocrx_word' id='word_1_160' title='bbox 508 1115 571 1138; x_wconf 89' lang='lat' dir='ltr'><em>dum</em></span> <span class='ocrx_word' id='word_1_161' title='bbox 586 1117 655 1138; x_wconf 82' lang='lat' dir='ltr'><em>esset</em></span> <span class='ocrx_word' id='word_1_162' title='bbox 669 1114 743 1145; x_wconf 90' lang='lat' dir='ltr'><em>prior</em></span> <span class='ocrx_word' id='word_1_163' title='bbox 757 1113 909 1137; x_wconf 74' lang='lat' dir='ltr'><em>claustralis</em></span> <span class='ocrx_word' id='word_1_164' title='bbox 925 1116 1037 1137; x_wconf 87' lang='lat' dir='ltr'><em>monast.</em></span> <span class='ocrx_word' id='word_1_165' title='bbox 1055 1113 1213 1136; x_wconf 72' lang='lat' dir='ltr'><em>Cluraevatl.</em></span> <span class='ocrx_word' id='word_1_166' title='bbox 1229 1113 1301 1143; x_wconf 86' lang='lat' dir='ltr'><em>(Reg.</em></span> <span class='ocrx_word' id='word_1_167' title='bbox 1320 1113 1377 1135; x_wconf 76' lang='lat' dir='ltr'><em>Vnt.</em></span> <span class='ocrx_word' id='word_1_168' title='bbox 1394 1113 1474 1136; x_wconf 77' lang='lat' dir='ltr'><em>Aven.</em></span> <span class='ocrx_word' id='word_1_169' title='bbox 1491 1112 1592 1136; x_wconf 84' lang='lat' dir='ltr'><em>Urbani</em></span> <span class='ocrx_word' id='word_1_170' title='bbox 1609 1112 1637 1141; x_wconf 88' lang='lat' dir='ltr'><em>V,</em></span> <span class='ocrx_word' id='word_1_171' title='bbox 1654 1112 1706 1136; x_wconf 88' lang='lat' dir='ltr'><em>vol.</em></span> <span class='ocrx_word' id='word_1_172' title='bbox 1723 1112 1764 1140; x_wconf 85' lang='lat' dir='ltr'><em>Vl,</em></span> <span class='ocrx_word' id='word_1_173' title='bbox 1780 1113 1825 1135; x_wconf 84' lang='lat' dir='ltr'><em>sol.</em></span> <span class='ocrx_word' id='word_1_174' title='bbox 1842 1112 1907 1142; x_wconf 74' lang='lat' dir='ltr'>74b).</span> 
     </span>
    </p>
   </div>
   <div class='ocr_carea' id='block_1_9' title="bbox 181 1289 2060 2852">
    <p class='ocr_par' dir='ltr' id='par_1_9' title="bbox 194 1289 2059 1333">
     <span class='ocr_line' id='line_1_14' title="bbox 194 1289 2059 1333; baseline -0.001 -7"><span class='ocrx_word' id='word_1_175' title='bbox 194 1289 334 1327; x_wconf 79' lang='lat'>1290.</span> <span class='ocrx_word' id='word_1_176' title='bbox 357 1307 373 1324; x_wconf 68' lang='grc' dir='ltr'>ε</span> <span class='ocrx_word' id='word_1_177' title='bbox 388 1300 607 1325; x_wconf 75' lang='lat' dir='ltr'><em>lustramentum</em></span> <span class='ocrx_word' id='word_1_178' title='bbox 624 1298 750 1333; x_wconf 82' lang='lat' dir='ltr'><em>qualiter</em></span> <span class='ocrx_word' id='word_1_179' title='bbox 764 1297 930 1324; x_wconf 82' lang='lat' dir='ltr'><em>sacerdotes</em></span> <span class='ocrx_word' id='word_1_180' title='bbox 945 1297 1088 1323; x_wconf 86' lang='lat' dir='ltr'><em>licentiati</em></span> <span class='ocrx_word' id='word_1_181' title='bbox 1104 1298 1145 1332; x_wconf 90' lang='lat' dir='ltr'><em>(in</em></span> <span class='ocrx_word' id='word_1_182' title='bbox 1160 1297 1315 1331; x_wconf 85' lang='lat' dir='ltr'><em>medicina)</em></span> <span class='ocrx_word' id='word_1_183' title='bbox 1328 1300 1451 1333; x_wconf 81' lang='lat' dir='ltr'><em>possunt</em></span> <span class='ocrx_word' id='word_1_184' title='bbox 1466 1297 1593 1333; x_wconf 84' lang='lat' dir='ltr'><em>incipere</em></span> <span class='ocrx_word' id='word_1_185' title='bbox 1606 1296 1700 1331; x_wconf 80' lang='lat' dir='ltr'><em>legere</em></span> <span class='ocrx_word' id='word_1_186' title='bbox 1713 1300 1741 1322; x_wconf 88' lang='lat' dir='ltr'><em>et</em></span> <span class='ocrx_word' id='word_1_187' title='bbox 1755 1296 1906 1332; x_wconf 83' lang='lat' dir='ltr'><em>disputare</em></span> <span class='ocrx_word' id='word_1_188' title='bbox 1922 1301 1949 1323; x_wconf 89' lang='lat' dir='ltr'><em>et</em></span> <span class='ocrx_word' id='word_1_189' title='bbox 1964 1298 2059 1324; x_wconf 82' lang='lat' dir='ltr'><em>omnia</em></span> 
     </span>
    </p>

    <p class='ocr_par' dir='ltr' id='par_1_10' title="bbox 279 1346 1259 1383">
     <span class='ocr_line' id='line_1_15' title="bbox 279 1346 1259 1383; baseline -0.001 -10"><span class='ocrx_word' id='word_1_190' title='bbox 279 1348 428 1382; x_wconf 68' lang='lat' dir='ltr'><em>tangentia</em></span> <span class='ocrx_word' id='word_1_191' title='bbox 439 1351 535 1373; x_wconf 83' lang='lat' dir='ltr'><em>actum</em></span> <span class='ocrx_word' id='word_1_192' title='bbox 551 1347 721 1383; x_wconf 83' lang='lat' dir='ltr'><em>inceptionis</em></span> <span class='ocrx_word' id='word_1_193' title='bbox 734 1355 786 1383; x_wconf 87' lang='lat' dir='ltr'><em>pro</em></span> <span class='ocrx_word' id='word_1_194' title='bbox 803 1346 856 1372; x_wconf 91' lang='lat' dir='ltr'><em>illa</em></span> <span class='ocrx_word' id='word_1_195' title='bbox 871 1346 919 1372; x_wconf 85' lang='lat' dir='ltr'><em>die</em></span> <span class='ocrx_word' id='word_1_196' title='bbox 935 1346 1106 1382; x_wconf 86' lang='lat' dir='ltr'><em>inceptionis</em></span> <span class='ocrx_word' id='word_1_197' title='bbox 1118 1348 1217 1380; x_wconf 84' lang='lat' dir='ltr'><em>facere</em></span> <span class='ocrx_word' id='word_1_198' title='bbox 1234 1355 1259 1372; x_wconf 78' lang='lat'><em>›.</em></span> 
     </span>
    </p>

    <p class='ocr_par' dir='ltr' id='par_1_11' title="bbox 1402 1395 1775 1425">
     <span class='ocr_line' id='line_1_16' title="bbox 1402 1395 1775 1425; baseline -0.003 -4"><span class='ocrx_word' id='word_1_199' title='bbox 1402 1395 1474 1425; x_wconf 75' lang='lat'><em>1364,</em></span> <span class='ocrx_word' id='word_1_200' title='bbox 1490 1395 1608 1421; x_wconf 72' lang='lat' dir='ltr'><em>danunt-ii</em></span> <span class='ocrx_word' id='word_1_201' title='bbox 1621 1396 1645 1424; x_wconf 83' lang='lat'><em>9,</em></span> <span class='ocrx_word' id='word_1_202' title='bbox 1661 1395 1775 1421; x_wconf 74' lang='lat' dir='ltr'><em>Parisiis.</em></span> 
     </span>
    </p>

    <p class='ocr_par' dir='ltr' id='par_1_12' title="bbox 181 1478 2060 2852">
     <span class='ocr_line' id='line_1_17' title="bbox 276 1478 2057 1524; baseline -0.001 -12"><span class='ocrx_word' id='word_1_203' title='bbox 276 1481 318 1512; x_wconf 90' lang='lat' dir='ltr'><em>ln</em></span> <span class='ocrx_word' id='word_1_204' title='bbox 338 1479 484 1512; x_wconf 89' lang='lat' dir='ltr'><em>nomine</em></span> <span class='ocrx_word' id='word_1_205' title='bbox 511 1479 669 1520; x_wconf 82' lang='lat' dir='ltr'><em>Domini,</em></span> <span class='ocrx_word' id='word_1_206' title='bbox 697 1490 812 1512; x_wconf 87' lang='lat' dir='ltr'><em>amen.</em></span> <span class='ocrx_word' id='word_1_207' title='bbox 847 1480 916 1511; x_wconf 88' lang='lat' dir='ltr'><em>Per</em></span> <span class='ocrx_word' id='word_1_208' title='bbox 947 1478 1015 1511; x_wconf 88' lang='lat' dir='ltr'><em>hoc</em></span> <span class='ocrx_word' id='word_1_209' title='bbox 1043 1490 1196 1524; x_wconf 92' lang='lat' dir='ltr'><em>presens</em></span> <span class='ocrx_word' id='word_1_210' title='bbox 1227 1479 1508 1511; x_wconf 79' lang='lat' dir='ltr'><em>instrumentum</em></span> <span class='ocrx_word' id='word_1_211' title='bbox 1539 1478 1680 1511; x_wconf 87' lang='lat' dir='ltr'><em>cunctis</em></span> <span class='ocrx_word' id='word_1_212' title='bbox 1711 1484 1826 1523; x_wconf 87' lang='lat' dir='ltr'><em>pateat</em></span> <span class='ocrx_word' id='word_1_213' title='bbox 1857 1478 2057 1520; x_wconf 84' lang='lat' dir='ltr'><em>evidenter,</em></span> 
     </span>
     <span class='ocr_line' id='line_1_18' title="bbox 188 1545 2058 1591; baseline -0.001 -12"><span class='ocrx_word' id='word_1_214' title='bbox 188 1546 287 1591; x_wconf 92' lang='lat' dir='ltr'><em>quod</em></span> <span class='ocrx_word' id='word_1_215' title='bbox 319 1558 413 1579; x_wconf 87' lang='lat' dir='ltr'><em>anno</em></span> <span class='ocrx_word' id='word_1_216' title='bbox 447 1557 465 1578; x_wconf 90' lang='lat' dir='ltr'><em>a</em></span> <span class='ocrx_word' id='word_1_217' title='bbox 499 1545 689 1579; x_wconf 88' lang='lat' dir='ltr'><em>Nativitate</em></span> <span class='ocrx_word' id='word_1_218' title='bbox 725 1545 889 1590; x_wconf 87' lang='lat' dir='ltr'><em>ejusdem</em></span> <span class='ocrx_word' id='word_1_219' title='bbox 924 1545 1119 1578; x_wconf 88' lang='lat' dir='ltr'><em>millesimo</em></span> <span class='ocrx_word' id='word_1_220' title='bbox 1150 1545 1407 1578; x_wconf 89' lang='lat' dir='ltr'><em>trecentesimo</em></span> <span class='ocrx_word' id='word_1_221' title='bbox 1443 1545 1671 1589; x_wconf 88' lang='lat' dir='ltr'><em>sexagesimo</em></span> <span class='ocrx_word' id='word_1_222' title='bbox 1708 1545 1827 1586; x_wconf 83' lang='lat' dir='ltr'><em>tertio,</em></span> <span class='ocrx_word' id='word_1_223' title='bbox 1860 1545 2058 1577; x_wconf 89' lang='lat' dir='ltr'><em>secundum</em></span> 
     </span>
     <span class='ocr_line' id='line_1_19' title="bbox 188 1610 2060 1655; baseline -0.001 -10"><span class='ocrx_word' id='word_1_224' title='bbox 188 1624 324 1645; x_wconf 91' lang='lat' dir='ltr'><em>morem</em></span> <span class='ocrx_word' id='word_1_225' title='bbox 345 1612 583 1653; x_wconf 86' lang='lat' dir='ltr'><em>Gallicanum,</em></span> <span class='ocrx_word' id='word_1_226' title='bbox 602 1612 801 1644; x_wconf 87' lang='lat' dir='ltr'><em>indictione</em></span> <span class='ocrx_word' id='word_1_227' title='bbox 828 1611 1001 1652; x_wconf 85' lang='lat' dir='ltr'><em>secunda,</em></span> <span class='ocrx_word' id='word_1_228' title='bbox 1025 1611 1082 1644; x_wconf 93' lang='lat' dir='ltr'><em>die</em></span> <span class='ocrx_word' id='word_1_229' title='bbox 1104 1623 1201 1644; x_wconf 93' lang='lat' dir='ltr'><em>nono</em></span> <span class='ocrx_word' id='word_1_230' title='bbox 1227 1611 1365 1644; x_wconf 80' lang='lat' dir='ltr'><em>mensis</em></span> <span class='ocrx_word' id='word_1_231' title='bbox 1386 1611 1559 1652; x_wconf 86' lang='lat' dir='ltr'><em>Januarii,</em></span> <span class='ocrx_word' id='word_1_232' title='bbox 1583 1610 1814 1655; x_wconf 75' lang='lat' dir='ltr'><em>pontificatus</em></span> <span class='ocrx_word' id='word_1_233' title='bbox 1841 1611 2060 1644; x_wconf 79' lang='lat' dir='ltr'><em>sanctissimi</em></span> 
     </span>
     <span class='ocr_line' id='line_1_20' title="bbox 187 1677 2060 1724; baseline -0.001 -13"><span class='ocrx_word' id='word_1_234' title='bbox 187 1678 224 1711; x_wconf 92' lang='lat' dir='ltr'><em>in</em></span> <span class='ocrx_word' id='word_1_235' title='bbox 252 1678 400 1712; x_wconf 90' lang='lat' dir='ltr'><em>Christo</em></span> <span class='ocrx_word' id='word_1_236' title='bbox 430 1679 542 1724; x_wconf 88' lang='lat' dir='ltr'><em>patris</em></span> <span class='ocrx_word' id='word_1_237' title='bbox 571 1691 609 1711; x_wconf 90' lang='lat' dir='ltr'><em>ac</em></span> <span class='ocrx_word' id='word_1_238' title='bbox 640 1678 778 1711; x_wconf 91' lang='lat' dir='ltr'><em>domini</em></span> <span class='ocrx_word' id='word_1_239' title='bbox 808 1678 925 1711; x_wconf 86' lang='lat' dir='ltr'><em>nostri</em></span> <span class='ocrx_word' id='word_1_240' title='bbox 956 1678 1092 1711; x_wconf 91' lang='lat' dir='ltr'><em>domini</em></span> <span class='ocrx_word' id='word_1_241' title='bbox 1120 1677 1257 1711; x_wconf 88' lang='lat' dir='ltr'><em>Urbani</em></span> <span class='ocrx_word' id='word_1_242' title='bbox 1287 1678 1408 1711; x_wconf 88' lang='lat' dir='ltr'><em>divina</em></span> <span class='ocrx_word' id='word_1_243' title='bbox 1439 1677 1667 1722; x_wconf 87' lang='lat' dir='ltr'><em>providentia</em></span> <span class='ocrx_word' id='word_1_244' title='bbox 1697 1689 1787 1722; x_wconf 90' lang='lat' dir='ltr'><em>pape</em></span> <span class='ocrx_word' id='word_1_245' title='bbox 1818 1678 1933 1722; x_wconf 89' lang='lat' dir='ltr'><em>quinti</em></span> <span class='ocrx_word' id='word_1_246' title='bbox 1967 1690 2060 1710; x_wconf 84' lang='lat' dir='ltr'><em>anno</em></span> 
     </span>
     <span class='ocr_line' id='line_1_21' title="bbox 187 1744 2059 1790; baseline -0.001 -12"><span class='ocrx_word' id='word_1_247' title='bbox 187 1745 362 1786; x_wconf 90' lang='lat' dir='ltr'><em>secundo,</em></span> <span class='ocrx_word' id='word_1_248' title='bbox 384 1745 551 1778; x_wconf 85' lang='lat' dir='ltr'><em>facultate</em></span> <span class='ocrx_word' id='word_1_249' title='bbox 573 1745 802 1778; x_wconf 89' lang='lat' dir='ltr'><em>decretorum</em></span> <span class='ocrx_word' id='word_1_250' title='bbox 830 1757 873 1777; x_wconf 90' lang='lat' dir='ltr'><em>ex</em></span> <span class='ocrx_word' id='word_1_251' title='bbox 898 1751 1069 1790; x_wconf 89' lang='lat' dir='ltr'><em>precepto</em></span> <span class='ocrx_word' id='word_1_252' title='bbox 1091 1751 1127 1777; x_wconf 91' lang='lat' dir='ltr'><em>et</em></span> <span class='ocrx_word' id='word_1_253' title='bbox 1151 1744 1318 1777; x_wconf 89' lang='lat' dir='ltr'><em>mandato</em></span> <span class='ocrx_word' id='word_1_254' title='bbox 1347 1756 1476 1789; x_wconf 82' lang='lat' dir='ltr'><em>magne</em></span> <span class='ocrx_word' id='word_1_255' title='bbox 1497 1744 1837 1789; x_wconf 75' lang='lat' dir='ltr'><em>circumspectionis</em></span> <span class='ocrx_word' id='word_1_256' title='bbox 1857 1744 1925 1777; x_wconf 86' lang='lat' dir='ltr'><em>viri</em></span> <span class='ocrx_word' id='word_1_257' title='bbox 1947 1744 2059 1789; x_wconf 85' lang='lat' dir='ltr'><em>magi-</em></span> 
     </span>
     <span class='ocr_line' id='line_1_22' title="bbox 187 1810 2058 1856; baseline -0.001 -12"><span class='ocrx_word' id='word_1_258' title='bbox 187 1811 252 1845; x_wconf 83' lang='lat' dir='ltr'><em>stri</em></span> <span class='ocrx_word' id='word_1_259' title='bbox 273 1811 422 1845; x_wconf 89' lang='lat' dir='ltr'><em>Heberti</em></span> <span class='ocrx_word' id='word_1_260' title='bbox 443 1812 487 1845; x_wconf 89' lang='lat' dir='ltr'><em>de</em></span> <span class='ocrx_word' id='word_1_261' title='bbox 510 1811 692 1853; x_wconf 89' lang='lat' dir='ltr'><em>Sarcellis,</em></span> <span class='ocrx_word' id='word_1_262' title='bbox 712 1812 872 1844; x_wconf 88' lang='lat' dir='ltr'><em>doctoris</em></span> <span class='ocrx_word' id='word_1_263' title='bbox 893 1812 931 1844; x_wconf 92' lang='lat' dir='ltr'><em>in</em></span> <span class='ocrx_word' id='word_1_264' title='bbox 951 1811 1122 1852; x_wconf 82' lang='lat' dir='ltr'><em>decretis,</em></span> <span class='ocrx_word' id='word_1_265' title='bbox 1141 1811 1268 1844; x_wconf 85' lang='lat' dir='ltr'><em>decani</em></span> <span class='ocrx_word' id='word_1_266' title='bbox 1290 1811 1384 1844; x_wconf 85' lang='lat' dir='ltr'><em>dicte</em></span> <span class='ocrx_word' id='word_1_267' title='bbox 1401 1811 1593 1852; x_wconf 74' lang='lat' dir='ltr'><em>facultatis,</em></span> <span class='ocrx_word' id='word_1_268' title='bbox 1612 1823 1677 1856; x_wconf 91' lang='lat' dir='ltr'><em>per</em></span> <span class='ocrx_word' id='word_1_269' title='bbox 1694 1823 1862 1855; x_wconf 82' lang='lat' dir='ltr'><em>magnum</em></span> <span class='ocrx_word' id='word_1_270' title='bbox 1884 1810 2058 1843; x_wconf 89' lang='lat' dir='ltr'><em>bidellum</em></span> 
     </span>
     <span class='ocr_line' id='line_1_23' title="bbox 181 1877 2058 1923; baseline -0.001 -12"><span class='ocrx_word' id='word_1_271' title='bbox 181 1879 340 1923; x_wconf 85' lang='lat' dir='ltr'><em>juratum</em></span> <span class='ocrx_word' id='word_1_272' title='bbox 368 1878 462 1911; x_wconf 91' lang='lat' dir='ltr'><em>dicte</em></span> <span class='ocrx_word' id='word_1_273' title='bbox 489 1878 681 1919; x_wconf 71' lang='lat' dir='ltr'><em>facultatis,</em></span> <span class='ocrx_word' id='word_1_274' title='bbox 705 1885 744 1911; x_wconf 90' lang='lat' dir='ltr'><em>ut</em></span> <span class='ocrx_word' id='word_1_275' title='bbox 770 1878 882 1911; x_wconf 91' lang='lat' dir='ltr'><em>moris</em></span> <span class='ocrx_word' id='word_1_276' title='bbox 904 1885 971 1919; x_wconf 91' lang='lat' dir='ltr'><em>est,</em></span> <span class='ocrx_word' id='word_1_277' title='bbox 995 1878 1217 1911; x_wconf 83' lang='lat' dir='ltr'><em>sufficienter</em></span> <span class='ocrx_word' id='word_1_278' title='bbox 1237 1884 1360 1911; x_wconf 86' lang='lat' dir='ltr'><em>vocata</em></span> <span class='ocrx_word' id='word_1_279' title='bbox 1389 1884 1424 1910; x_wconf 87' lang='lat' dir='ltr'><em>et</em></span> <span class='ocrx_word' id='word_1_280' title='bbox 1450 1884 1670 1922; x_wconf 86' lang='lat' dir='ltr'><em>congregata</em></span> <span class='ocrx_word' id='word_1_281' title='bbox 1698 1877 1734 1909; x_wconf 93' lang='lat' dir='ltr'><em>in</em></span> <span class='ocrx_word' id='word_1_282' title='bbox 1763 1884 1937 1922; x_wconf 78' lang='lat' dir='ltr'><em>parqucto</em></span> <span class='ocrx_word' id='word_1_283' title='bbox 1959 1878 2058 1910; x_wconf 89' lang='lat' dir='ltr'><em>curie</em></span> 
     </span>
     <span class='ocr_line' id='line_1_24' title="bbox 187 1943 2058 1990; baseline -0.001 -13"><span class='ocrx_word' id='word_1_284' title='bbox 187 1944 350 1978; x_wconf 90' lang='lat' dir='ltr'><em>officialis</em></span> <span class='ocrx_word' id='word_1_285' title='bbox 367 1945 586 1978; x_wconf 87' lang='lat' dir='ltr'><em>Parisiensis</em></span> <span class='ocrx_word' id='word_1_286' title='bbox 600 1946 701 1989; x_wconf 85' lang='lat' dir='ltr'><em>juxta</em></span> <span class='ocrx_word' id='word_1_287' title='bbox 718 1945 854 1990; x_wconf 86' lang='lat' dir='ltr'><em>gradus</em></span> <span class='ocrx_word' id='word_1_288' title='bbox 872 1945 933 1990; x_wconf 91' lang='lat' dir='ltr'><em>qui</em></span> <span class='ocrx_word' id='word_1_289' title='bbox 954 1945 1156 1978; x_wconf 87' lang='lat' dir='ltr'><em>ascendunt</em></span> <span class='ocrx_word' id='word_1_290' title='bbox 1173 1944 1216 1977; x_wconf 88' lang='lat' dir='ltr'><em>ad</em></span> <span class='ocrx_word' id='word_1_291' title='bbox 1232 1956 1409 1977; x_wconf 85' lang='lat' dir='ltr'><em>cameram</em></span> <span class='ocrx_word' id='word_1_292' title='bbox 1431 1944 1517 1977; x_wconf 85' lang='lat' dir='ltr'><em>dicti</em></span> <span class='ocrx_word' id='word_1_293' title='bbox 1534 1943 1712 1985; x_wconf 85' lang='lat' dir='ltr'><em>officialis,</em></span> <span class='ocrx_word' id='word_1_294' title='bbox 1735 1955 1846 1988; x_wconf 87' lang='lat' dir='ltr'><em>super</em></span> <span class='ocrx_word' id='word_1_295' title='bbox 1867 1944 2058 1988; x_wconf 86' lang='lat' dir='ltr'><em>questione</em></span> 
     </span>
     <span class='ocr_line' id='line_1_25' title="bbox 186 2009 2057 2056; baseline -0.001 -12"><span class='ocrx_word' id='word_1_296' title='bbox 186 2017 282 2044; x_wconf 89' lang='lat' dir='ltr'><em>mota</em></span> <span class='ocrx_word' id='word_1_297' title='bbox 311 2023 375 2056; x_wconf 88' lang='lat' dir='ltr'><em>per</em></span> <span class='ocrx_word' id='word_1_298' title='bbox 400 2010 647 2044; x_wconf 88' lang='lat' dir='ltr'><em>venerabilem</em></span> <span class='ocrx_word' id='word_1_299' title='bbox 677 2018 712 2044; x_wconf 91' lang='lat' dir='ltr'><em>et</em></span> <span class='ocrx_word' id='word_1_300' title='bbox 745 2011 941 2044; x_wconf 87' lang='lat' dir='ltr'><em>discretum</em></span> <span class='ocrx_word' id='word_1_301' title='bbox 975 2011 1106 2052; x_wconf 88' lang='lat' dir='ltr'><em>virum,</em></span> <span class='ocrx_word' id='word_1_302' title='bbox 1140 2011 1353 2056; x_wconf 88' lang='lat' dir='ltr'><em>magistrum</em></span> <span class='ocrx_word' id='word_1_303' title='bbox 1391 2012 1535 2043; x_wconf 89' lang='lat' dir='ltr'><em>Petrum</em></span> <span class='ocrx_word' id='word_1_304' title='bbox 1572 2010 1616 2043; x_wconf 86' lang='lat' dir='ltr'><em>de</em></span> <span class='ocrx_word' id='word_1_305' title='bbox 1651 2009 1851 2051; x_wconf 78' lang='lat' dir='ltr'><em>Montibus,</em></span> <span class='ocrx_word' id='word_1_306' title='bbox 1882 2010 2057 2042; x_wconf 87' lang='lat' dir='ltr'><em>decanum</em></span> 
     </span>
     <span class='ocr_line' id='line_1_26' title="bbox 186 2076 2055 2122; baseline -0.001 -12"><span class='ocrx_word' id='word_1_307' title='bbox 186 2077 381 2119; x_wconf 87' lang='lat' dir='ltr'><em>medicine,</em></span> <span class='ocrx_word' id='word_1_308' title='bbox 403 2078 550 2110; x_wconf 89' lang='lat' dir='ltr'><em>nomine</em></span> <span class='ocrx_word' id='word_1_309' title='bbox 570 2077 749 2110; x_wconf 81' lang='lat' dir='ltr'><em>facultatis</em></span> <span class='ocrx_word' id='word_1_310' title='bbox 778 2078 957 2110; x_wconf 85' lang='lat' dir='ltr'><em>medicine</em></span> <span class='ocrx_word' id='word_1_311' title='bbox 979 2084 1014 2110; x_wconf 90' lang='lat' dir='ltr'><em>et</em></span> <span class='ocrx_word' id='word_1_312' title='bbox 1040 2090 1104 2122; x_wconf 83' lang='lat' dir='ltr'><em>pro</em></span> <span class='ocrx_word' id='word_1_313' title='bbox 1126 2078 1217 2122; x_wconf 88' lang='lat' dir='ltr'><em>ipsa,</em></span> <span class='ocrx_word' id='word_1_314' title='bbox 1239 2077 1411 2111; x_wconf 85' lang='lat' dir='ltr'><em>videlicet</em></span> <span class='ocrx_word' id='word_1_315' title='bbox 1431 2084 1550 2110; x_wconf 89' lang='lat' dir='ltr'><em>utrum</em></span> <span class='ocrx_word' id='word_1_316' title='bbox 1572 2077 1778 2110; x_wconf 87' lang='lat' dir='ltr'><em>licentiatus</em></span> <span class='ocrx_word' id='word_1_317' title='bbox 1803 2077 1840 2108; x_wconf 89' lang='lat' dir='ltr'><em>in</em></span> <span class='ocrx_word' id='word_1_318' title='bbox 1866 2076 2055 2117; x_wconf 86' lang='lat' dir='ltr'><em>medicina,</em></span> 
     </span>
     <span class='ocr_line' id='line_1_27' title="bbox 186 2143 2055 2189; baseline -0.001 -13"><span class='ocrx_word' id='word_1_319' title='bbox 186 2150 312 2188; x_wconf 86' lang='lat' dir='ltr'><em>postea</em></span> <span class='ocrx_word' id='word_1_320' title='bbox 341 2144 457 2177; x_wconf 86' lang='lat' dir='ltr'><em>factus</em></span> <span class='ocrx_word' id='word_1_321' title='bbox 488 2144 673 2185; x_wconf 88' lang='lat' dir='ltr'><em>sacerdos,</em></span> <span class='ocrx_word' id='word_1_322' title='bbox 705 2144 823 2189; x_wconf 86' lang='lat' dir='ltr'><em>possit</em></span> <span class='ocrx_word' id='word_1_323' title='bbox 856 2144 892 2176; x_wconf 91' lang='lat' dir='ltr'><em>in</em></span> <span class='ocrx_word' id='word_1_324' title='bbox 928 2144 1052 2176; x_wconf 88' lang='lat' dir='ltr'><em>eadem</em></span> <span class='ocrx_word' id='word_1_325' title='bbox 1087 2144 1254 2177; x_wconf 84' lang='lat' dir='ltr'><em>facultate</em></span> <span class='ocrx_word' id='word_1_326' title='bbox 1284 2144 1463 2176; x_wconf 85' lang='lat' dir='ltr'><em>medicine</em></span> <span class='ocrx_word' id='word_1_327' title='bbox 1494 2144 1655 2188; x_wconf 87' lang='lat' dir='ltr'><em>incipere</em></span> <span class='ocrx_word' id='word_1_328' title='bbox 1687 2150 1722 2176; x_wconf 86' lang='lat' dir='ltr'><em>et</em></span> <span class='ocrx_word' id='word_1_329' title='bbox 1753 2143 1945 2183; x_wconf 90' lang='lat' dir='ltr'><em>doctorari,</em></span> <span class='ocrx_word' id='word_1_330' title='bbox 1977 2155 2055 2175; x_wconf 92' lang='lat' dir='ltr'><em>cum</em></span> 
     </span>
     <span class='ocr_line' id='line_1_28' title="bbox 186 2209 2056 2254; baseline -0.001 -12"><span class='ocrx_word' id='word_1_331' title='bbox 186 2209 386 2243; x_wconf 90' lang='lat' dir='ltr'><em>secundum</em></span> <span class='ocrx_word' id='word_1_332' title='bbox 417 2216 547 2243; x_wconf 90' lang='lat' dir='ltr'><em>statuta</em></span> <span class='ocrx_word' id='word_1_333' title='bbox 575 2216 611 2243; x_wconf 90' lang='lat' dir='ltr'><em>et</em></span> <span class='ocrx_word' id='word_1_334' title='bbox 639 2210 926 2243; x_wconf 88' lang='lat' dir='ltr'><em>consuetudines</em></span> <span class='ocrx_word' id='word_1_335' title='bbox 957 2210 1051 2242; x_wconf 90' lang='lat' dir='ltr'><em>dicte</em></span> <span class='ocrx_word' id='word_1_336' title='bbox 1081 2210 1260 2243; x_wconf 82' lang='lat' dir='ltr'><em>facultatis</em></span> <span class='ocrx_word' id='word_1_337' title='bbox 1289 2210 1468 2243; x_wconf 87' lang='lat' dir='ltr'><em>medicine</em></span> <span class='ocrx_word' id='word_1_338' title='bbox 1497 2210 1533 2242; x_wconf 90' lang='lat' dir='ltr'><em>in</em></span> <span class='ocrx_word' id='word_1_339' title='bbox 1563 2210 1771 2254; x_wconf 84' lang='lat' dir='ltr'><em>inceptione</em></span> <span class='ocrx_word' id='word_1_340' title='bbox 1802 2209 2056 2254; x_wconf 87' lang='lat' dir='ltr'><em>magistrorum</em></span> 
     </span>
     <span class='ocr_line' id='line_1_29' title="bbox 186 2275 2056 2322; baseline -0.001 -13"><span class='ocrx_word' id='word_1_341' title='bbox 186 2276 350 2321; x_wconf 88' lang='lat' dir='ltr'><em>ejusdem</em></span> <span class='ocrx_word' id='word_1_342' title='bbox 372 2283 536 2321; x_wconf 86' lang='lat' dir='ltr'><em>oporteat</em></span> <span class='ocrx_word' id='word_1_343' title='bbox 562 2276 686 2321; x_wconf 83' lang='lat' dir='ltr'><em>legere</em></span> <span class='ocrx_word' id='word_1_344' title='bbox 713 2289 819 2309; x_wconf 88' lang='lat' dir='ltr'><em>unam</em></span> <span class='ocrx_word' id='word_1_345' title='bbox 848 2276 1040 2309; x_wconf 89' lang='lat' dir='ltr'><em>lectionem</em></span> <span class='ocrx_word' id='word_1_346' title='bbox 1064 2283 1099 2309; x_wconf 92' lang='lat' dir='ltr'><em>et</em></span> <span class='ocrx_word' id='word_1_347' title='bbox 1126 2276 1311 2322; x_wconf 86' lang='lat' dir='ltr'><em>disputare</em></span> <span class='ocrx_word' id='word_1_348' title='bbox 1338 2288 1443 2309; x_wconf 86' lang='lat' dir='ltr'><em>unam</em></span> <span class='ocrx_word' id='word_1_349' title='bbox 1472 2276 1701 2321; x_wconf 87' lang='lat' dir='ltr'><em>questionem</em></span> <span class='ocrx_word' id='word_1_350' title='bbox 1731 2276 1767 2308; x_wconf 94' lang='lat' dir='ltr'><em>in</em></span> <span class='ocrx_word' id='word_1_351' title='bbox 1789 2287 1874 2320; x_wconf 84' lang='lat' dir='ltr'><em>capa</em></span> <span class='ocrx_word' id='word_1_352' title='bbox 1901 2287 1991 2308; x_wconf 88' lang='lat' dir='ltr'><em>nova</em></span> <span class='ocrx_word' id='word_1_353' title='bbox 2013 2275 2056 2307; x_wconf 84' lang='lat' dir='ltr'><em>(le</em></span> 
     </span>
     <span class='ocr_line' id='line_1_30' title="bbox 186 2341 2057 2388; baseline -0.001 -13"><span class='ocrx_word' id='word_1_354' title='bbox 186 2341 282 2375; x_wconf 91' lang='lat' dir='ltr'><em>bono</em></span> <span class='ocrx_word' id='word_1_355' title='bbox 303 2355 421 2387; x_wconf 89' lang='lat' dir='ltr'><em>panno</em></span> <span class='ocrx_word' id='word_1_356' title='bbox 443 2355 551 2384; x_wconf 93' lang='lat' dir='ltr'><em>novo,</em></span> <span class='ocrx_word' id='word_1_357' title='bbox 575 2350 657 2383; x_wconf 89' lang='lat' dir='ltr'><em>etc.‚</em></span> <span class='ocrx_word' id='word_1_358' title='bbox 681 2349 788 2388; x_wconf 88' lang='lat' dir='ltr'><em>prout</em></span> <span class='ocrx_word' id='word_1_359' title='bbox 807 2343 952 2388; x_wconf 87' lang='lat' dir='ltr'><em>plenius</em></span> <span class='ocrx_word' id='word_1_360' title='bbox 973 2343 1181 2376; x_wconf 85' lang='lat' dir='ltr'><em>continetur</em></span> <span class='ocrx_word' id='word_1_361' title='bbox 1202 2343 1238 2375; x_wconf 90' lang='lat' dir='ltr'><em>in</em></span> <span class='ocrx_word' id='word_1_362' title='bbox 1260 2345 1402 2376; x_wconf 89' lang='lat' dir='ltr'><em>statutis</em></span> <span class='ocrx_word' id='word_1_363' title='bbox 1423 2343 1517 2375; x_wconf 86' lang='lat' dir='ltr'><em>dicte</em></span> <span class='ocrx_word' id='word_1_364' title='bbox 1538 2342 1717 2375; x_wconf 85' lang='lat' dir='ltr'><em>facultatis</em></span> <span class='ocrx_word' id='word_1_365' title='bbox 1740 2342 1918 2374; x_wconf 88' lang='lat' dir='ltr'><em>medicine</em></span> <span class='ocrx_word' id='word_1_366' title='bbox 1938 2354 1944 2374; x_wconf 89' lang='lat'><strong>:</strong></span> <span class='ocrx_word' id='word_1_367' title='bbox 1969 2341 2057 2373; x_wconf 87' lang='lat' dir='ltr'><em>(leli-</em></span> 
     </span>
     <span class='ocr_line' id='line_1_31' title="bbox 185 2407 2055 2455; baseline -0.002 -13"><span class='ocrx_word' id='word_1_368' title='bbox 185 2408 348 2442; x_wconf 90' lang='lat' dir='ltr'><em>beratum</em></span> <span class='ocrx_word' id='word_1_369' title='bbox 369 2409 437 2442; x_wconf 88' lang='lat' dir='ltr'><em>fuit</em></span> <span class='ocrx_word' id='word_1_370' title='bbox 456 2409 687 2442; x_wconf 89' lang='lat' dir='ltr'><em>concorditer</em></span> <span class='ocrx_word' id='word_1_371' title='bbox 707 2409 750 2442; x_wconf 89' lang='lat' dir='ltr'><em>ab</em></span> <span class='ocrx_word' id='word_1_372' title='bbox 772 2409 941 2442; x_wconf 88' lang='lat' dir='ltr'><em>omnibus</em></span> <span class='ocrx_word' id='word_1_373' title='bbox 963 2409 1176 2442; x_wconf 88' lang='lat' dir='ltr'><em>doctoribus</em></span> <span class='ocrx_word' id='word_1_374' title='bbox 1201 2410 1237 2442; x_wconf 90' lang='lat' dir='ltr'><em>in</em></span> <span class='ocrx_word' id='word_1_375' title='bbox 1263 2410 1357 2442; x_wconf 89' lang='lat' dir='ltr'><em>dicta</em></span> <span class='ocrx_word' id='word_1_376' title='bbox 1377 2409 1662 2455; x_wconf 83' lang='lat' dir='ltr'><em>congregatione</em></span> <span class='ocrx_word' id='word_1_377' title='bbox 1685 2408 1931 2453; x_wconf 86' lang='lat' dir='ltr'><em>presentibus,</em></span> <span class='ocrx_word' id='word_1_378' title='bbox 1955 2407 2055 2440; x_wconf 91' lang='lat' dir='ltr'><em>nullo</em></span> 
     </span>
     <span class='ocr_line' id='line_1_32' title="bbox 186 2474 2056 2521; baseline -0.001 -14"><span class='ocrx_word' id='word_1_379' title='bbox 186 2474 415 2517; x_wconf 87' lang='lat' dir='ltr'><em>reclamante,</em></span> <span class='ocrx_word' id='word_1_380' title='bbox 442 2482 478 2508; x_wconf 89' lang='lat' dir='ltr'><em>et</em></span> <span class='ocrx_word' id='word_1_381' title='bbox 506 2475 719 2509; x_wconf 89' lang='lat' dir='ltr'><em>conclusum</em></span> <span class='ocrx_word' id='word_1_382' title='bbox 749 2487 813 2521; x_wconf 91' lang='lat' dir='ltr'><em>per</em></span> <span class='ocrx_word' id='word_1_383' title='bbox 843 2475 1045 2521; x_wconf 87' lang='lat' dir='ltr'><em>predictum</em></span> <span class='ocrx_word' id='word_1_384' title='bbox 1073 2476 1249 2509; x_wconf 90' lang='lat' dir='ltr'><em>decanum</em></span> <span class='ocrx_word' id='word_1_385' title='bbox 1278 2476 1457 2509; x_wconf 84' lang='lat' dir='ltr'><em>facultatis</em></span> <span class='ocrx_word' id='word_1_386' title='bbox 1488 2476 1730 2516; x_wconf 86' lang='lat' dir='ltr'><em>decretorum,</em></span> <span class='ocrx_word' id='word_1_387' title='bbox 1760 2474 1990 2507; x_wconf 87' lang='lat' dir='ltr'><em>inducentem</em></span> <span class='ocrx_word' id='word_1_388' title='bbox 2022 2481 2056 2506; x_wconf 89' lang='lat' dir='ltr'><em>et</em></span> 
     </span>
     <span class='ocr_line' id='line_1_33' title="bbox 186 2541 2054 2587; baseline -0.001 -13"><span class='ocrx_word' id='word_1_389' title='bbox 186 2548 366 2586; x_wconf 87' lang='lat' dir='ltr'><em>petentem</em></span> <span class='ocrx_word' id='word_1_390' title='bbox 383 2548 464 2575; x_wconf 87' lang='lat' dir='ltr'><em>vota</em></span> <span class='ocrx_word' id='word_1_391' title='bbox 485 2548 520 2574; x_wconf 87' lang='lat' dir='ltr'><em>et</em></span> <span class='ocrx_word' id='word_1_392' title='bbox 540 2542 840 2575; x_wconf 89' lang='lat' dir='ltr'><em>deliberationem</em></span> <span class='ocrx_word' id='word_1_393' title='bbox 862 2542 1119 2587; x_wconf 85' lang='lat' dir='ltr'><em>magistrorum</em></span> <span class='ocrx_word' id='word_1_394' title='bbox 1141 2554 1205 2587; x_wconf 88' lang='lat' dir='ltr'><em>per</em></span> <span class='ocrx_word' id='word_1_395' title='bbox 1221 2542 1399 2583; x_wconf 85' lang='lat' dir='ltr'><em>ordinem,</em></span> <span class='ocrx_word' id='word_1_396' title='bbox 1418 2542 1589 2575; x_wconf 86' lang='lat' dir='ltr'><em>videlicet</em></span> <span class='ocrx_word' id='word_1_397' title='bbox 1610 2541 1707 2586; x_wconf 92' lang='lat' dir='ltr'><em>quod</em></span> <span class='ocrx_word' id='word_1_398' title='bbox 1724 2541 1895 2574; x_wconf 84' lang='lat' dir='ltr'><em>sacerdos</em></span> <span class='ocrx_word' id='word_1_399' title='bbox 1918 2546 2054 2584; x_wconf 85' lang='lat' dir='ltr'><em>poterat</em></span> 
     </span>
     <span class='ocr_line' id='line_1_34' title="bbox 186 2605 2054 2654; baseline -0.002 -14"><span class='ocrx_word' id='word_1_400' title='bbox 186 2614 221 2640; x_wconf 89' lang='lat' dir='ltr'><em>et</em></span> <span class='ocrx_word' id='word_1_401' title='bbox 240 2614 361 2652; x_wconf 89' lang='lat' dir='ltr'><em>potest</em></span> <span class='ocrx_word' id='word_1_402' title='bbox 380 2608 555 2653; x_wconf 89' lang='lat' dir='ltr'><em>incipere,</em></span> <span class='ocrx_word' id='word_1_403' title='bbox 577 2608 702 2653; x_wconf 85' lang='lat' dir='ltr'><em>legere</em></span> <span class='ocrx_word' id='word_1_404' title='bbox 723 2615 758 2641; x_wconf 91' lang='lat' dir='ltr'><em>et</em></span> <span class='ocrx_word' id='word_1_405' title='bbox 778 2608 977 2653; x_wconf 86' lang='lat' dir='ltr'><em>disputare,</em></span> <span class='ocrx_word' id='word_1_406' title='bbox 996 2615 1031 2641; x_wconf 86' lang='lat' dir='ltr'><em>et</em></span> <span class='ocrx_word' id='word_1_407' title='bbox 1051 2609 1169 2641; x_wconf 90' lang='lat' dir='ltr'><em>omnia</em></span> <span class='ocrx_word' id='word_1_408' title='bbox 1190 2609 1308 2642; x_wconf 90' lang='lat' dir='ltr'><em>facere</em></span> <span class='ocrx_word' id='word_1_409' title='bbox 1329 2609 1512 2654; x_wconf 85' lang='lat' dir='ltr'><em>tangentia</em></span> <span class='ocrx_word' id='word_1_410' title='bbox 1529 2615 1646 2641; x_wconf 89' lang='lat' dir='ltr'><em>actum</em></span> <span class='ocrx_word' id='word_1_411' title='bbox 1668 2607 1887 2651; x_wconf 88' lang='lat' dir='ltr'><em>inceptionis</em></span> <span class='ocrx_word' id='word_1_412' title='bbox 1909 2618 1973 2650; x_wconf 89' lang='lat' dir='ltr'><em>pro</em></span> <span class='ocrx_word' id='word_1_413' title='bbox 1995 2605 2054 2638; x_wconf 90' lang='lat' dir='ltr'><em>illa</em></span> 
     </span>
     <span class='ocr_line' id='line_1_35' title="bbox 186 2671 2053 2720; baseline -0.002 -14"><span class='ocrx_word' id='word_1_414' title='bbox 186 2673 256 2715; x_wconf 91' lang='lat' dir='ltr'><em>die,</em></span> <span class='ocrx_word' id='word_1_415' title='bbox 279 2686 352 2706; x_wconf 92' lang='lat' dir='ltr'><em>non</em></span> <span class='ocrx_word' id='word_1_416' title='bbox 373 2674 602 2707; x_wconf 88' lang='lat' dir='ltr'><em>obstantibus</em></span> <span class='ocrx_word' id='word_1_417' title='bbox 624 2675 766 2707; x_wconf 90' lang='lat' dir='ltr'><em>statutis</em></span> <span class='ocrx_word' id='word_1_418' title='bbox 788 2675 975 2720; x_wconf 86' lang='lat' dir='ltr'><em>predictis,</em></span> <span class='ocrx_word' id='word_1_419' title='bbox 1003 2675 1085 2719; x_wconf 90' lang='lat' dir='ltr'><em>quia</em></span> <span class='ocrx_word' id='word_1_420' title='bbox 1107 2675 1167 2707; x_wconf 89' lang='lat' dir='ltr'><em>illa</em></span> <span class='ocrx_word' id='word_1_421' title='bbox 1187 2675 1296 2708; x_wconf 90' lang='lat' dir='ltr'><em>lectio</em></span> <span class='ocrx_word' id='word_1_422' title='bbox 1318 2682 1353 2708; x_wconf 88' lang='lat' dir='ltr'><em>et</em></span> <span class='ocrx_word' id='word_1_423' title='bbox 1374 2674 1569 2720; x_wconf 88' lang='lat' dir='ltr'><em>disputatio</em></span> <span class='ocrx_word' id='word_1_424' title='bbox 1592 2686 1664 2706; x_wconf 85' lang='lat' dir='ltr'><em>non</em></span> <span class='ocrx_word' id='word_1_425' title='bbox 1692 2680 1777 2706; x_wconf 90' lang='lat' dir='ltr'><em>sunt</em></span> <span class='ocrx_word' id='word_1_426' title='bbox 1806 2673 1876 2705; x_wconf 89' lang='lat' dir='ltr'><em>nisi</em></span> <span class='ocrx_word' id='word_1_427' title='bbox 1907 2671 2053 2716; x_wconf 86' lang='lat' dir='ltr'><em>sequela</em></span> 
     </span>
     <span class='ocr_line' id='line_1_36' title="bbox 185 2738 2052 2786; baseline -0.002 -14"><span class='ocrx_word' id='word_1_428' title='bbox 185 2740 320 2785; x_wconf 86' lang='lat' dir='ltr'><em>gradus</em></span> <span class='ocrx_word' id='word_1_429' title='bbox 342 2747 377 2773; x_wconf 90' lang='lat' dir='ltr'><em>et</em></span> <span class='ocrx_word' id='word_1_430' title='bbox 404 2740 555 2774; x_wconf 91' lang='lat' dir='ltr'><em>honoris</em></span> <span class='ocrx_word' id='word_1_431' title='bbox 583 2740 762 2786; x_wconf 87' lang='lat' dir='ltr'><em>prehabiti</em></span> <span class='ocrx_word' id='word_1_432' title='bbox 789 2748 824 2774; x_wconf 87' lang='lat' dir='ltr'><em>et</em></span> <span class='ocrx_word' id='word_1_433' title='bbox 851 2742 1032 2786; x_wconf 86' lang='lat' dir='ltr'><em>acquisiti,</em></span> <span class='ocrx_word' id='word_1_434' title='bbox 1056 2753 1122 2774; x_wconf 88' lang='lat' dir='ltr'><em>nec</em></span> <span class='ocrx_word' id='word_1_435' title='bbox 1150 2741 1230 2774; x_wconf 86' lang='lat' dir='ltr'><em>talis</em></span> <span class='ocrx_word' id='word_1_436' title='bbox 1256 2741 1363 2774; x_wconf 91' lang='lat' dir='ltr'><em>lectio</em></span> <span class='ocrx_word' id='word_1_437' title='bbox 1392 2753 1456 2773; x_wconf 88' lang='lat' dir='ltr'><em>seu</em></span> <span class='ocrx_word' id='word_1_438' title='bbox 1479 2740 1674 2785; x_wconf 87' lang='lat' dir='ltr'><em>disputatio</em></span> <span class='ocrx_word' id='word_1_439' title='bbox 1696 2746 1751 2772; x_wconf 87' lang='lat' dir='ltr'><em>est</em></span> <span class='ocrx_word' id='word_1_440' title='bbox 1771 2739 1814 2771; x_wconf 89' lang='lat' dir='ltr'><em>ad</em></span> <span class='ocrx_word' id='word_1_441' title='bbox 1835 2738 2052 2774; x_wconf 77' lang='lat' dir='ltr'><em>docendum,</em></span> 
     </span>
     <span class='ocr_line' id='line_1_37' title="bbox 185 2803 2053 2852; baseline -0.002 -14"><span class='ocrx_word' id='word_1_442' title='bbox 185 2818 265 2839; x_wconf 92' lang='lat' dir='ltr'><em>cum</em></span> <span class='ocrx_word' id='word_1_443' title='bbox 296 2806 333 2839; x_wconf 92' lang='lat' dir='ltr'><em>in</em></span> <span class='ocrx_word' id='word_1_444' title='bbox 362 2806 572 2851; x_wconf 88' lang='lat' dir='ltr'><em>hujusmodi</em></span> <span class='ocrx_word' id='word_1_445' title='bbox 600 2807 790 2852; x_wconf 88' lang='lat' dir='ltr'><em>principiis</em></span> <span class='ocrx_word' id='word_1_446' title='bbox 810 2808 957 2841; x_wconf 89' lang='lat' dir='ltr'><em>veniant</em></span> <span class='ocrx_word' id='word_1_447' title='bbox 984 2814 1019 2840; x_wconf 88' lang='lat' dir='ltr'><em>et</em></span> <span class='ocrx_word' id='word_1_448' title='bbox 1039 2808 1112 2841; x_wconf 90' lang='lat' dir='ltr'><em>sint</em></span> <span class='ocrx_word' id='word_1_449' title='bbox 1132 2808 1342 2840; x_wconf 88' lang='lat' dir='ltr'><em>sacerdotes</em></span> <span class='ocrx_word' id='word_1_450' title='bbox 1363 2814 1398 2840; x_wconf 88' lang='lat' dir='ltr'><em>et</em></span> <span class='ocrx_word' id='word_1_451' title='bbox 1417 2806 1582 2851; x_wconf 84' lang='lat' dir='ltr'><em>religiosi</em></span> <span class='ocrx_word' id='word_1_452' title='bbox 1604 2806 1647 2838; x_wconf 89' lang='lat' dir='ltr'><em>ad</em></span> <span class='ocrx_word' id='word_1_453' title='bbox 1673 2805 1922 2838; x_wconf 85' lang='lat' dir='ltr'><em>honorandum</em></span> <span class='ocrx_word' id='word_1_454' title='bbox 1944 2803 2053 2847; x_wconf 86' lang='lat' dir='ltr'><em>magi-</em></span> 
     </span>
    </p>
   </div>
   <div class='ocr_carea' id='block_1_10' title="bbox 186 2870 2049 2919">
    <p class='ocr_par' dir='ltr' id='par_1_13' title="bbox 186 2870 2049 2919">
     <span class='ocr_line' id='line_1_38' title="bbox 186 2870 2049 2919; baseline -0.002 -14"><span class='ocrx_word' id='word_1_455' title='bbox 186 2878 312 2914; x_wconf 85' lang='lat' dir='ltr'><em>strum,</em></span> <span class='ocrx_word' id='word_1_456' title='bbox 340 2873 492 2906; x_wconf 88' lang='lat' dir='ltr'><em>amicum</em></span> <span class='ocrx_word' id='word_1_457' title='bbox 521 2885 639 2914; x_wconf 89' lang='lat' dir='ltr'><em>suum,</em></span> <span class='ocrx_word' id='word_1_458' title='bbox 667 2874 750 2919; x_wconf 86' lang='lat' dir='ltr'><em>quia</em></span> <span class='ocrx_word' id='word_1_459' title='bbox 781 2874 857 2919; x_wconf 81' lang='lat' dir='ltr'><em>pari</em></span> <span class='ocrx_word' id='word_1_460' title='bbox 887 2874 1025 2907; x_wconf 88' lang='lat' dir='ltr'><em>ratione</em></span> <span class='ocrx_word' id='word_1_461' title='bbox 1055 2874 1112 2907; x_wconf 89' lang='lat' dir='ltr'><em>vel</em></span> <span class='ocrx_word' id='word_1_462' title='bbox 1145 2874 1271 2919; x_wconf 89' lang='lat' dir='ltr'><em>majori</em></span> <span class='ocrx_word' id='word_1_463' title='bbox 1299 2874 1387 2906; x_wconf 84' lang='lat' dir='ltr'><em>tales</em></span> <span class='ocrx_word' id='word_1_464' title='bbox 1415 2873 1604 2906; x_wconf 84' lang='lat' dir='ltr'><em>audientes</em></span> <span class='ocrx_word' id='word_1_465' title='bbox 1625 2871 1834 2915; x_wconf 90' lang='lat' dir='ltr'><em>hujusmodi</em></span> <span class='ocrx_word' id='word_1_466' title='bbox 1860 2870 2049 2903; x_wconf 90' lang='lat' dir='ltr'><em>lectionem</em></span> 
     </span>
    </p>
   </div>
  </div>
 </body>
</html>
