2488 3386
414 320 479 352 424
991 327 1308 351 CHARTULARIUM
1344 327 1533 349 UNivEns.
1571 325 1699 347 PARlS.
2034 312 2036 314 ’
2179 311 2279 348 [1386

416 405 458 436 Et
477 403 631 437 voulons
652 415 721 447 que
743 415 787 436 en
808 403 968 436 vozdites
993 402 1119 435 lettres
1141 402 1260 434 soient
1286 401 1529 445 encorporees
1556 406 1591 432 et
1616 399 1781 432 inserees
1808 399 1852 431 de
1874 405 1949 431 mot
1973 400 1991 431 a
2013 404 2087 430 mot
2113 410 2180 431 noz
2201 410 2279 443 pre-

415 476 536 503 sentes
553 469 690 510 lettres,
710 476 745 502 et
760 481 829 514 que
846 472 864 502 a
879 469 1004 502 icelles
1022 469 1147 501 lettres
1164 468 1282 512 plaine
1298 468 1358 512 foy
1373 467 1444 500 soit
1460 473 1495 499 et
1511 466 1593 499 doie
1611 472 1707 498 estre
1724 465 1912 510 adjoustce
1929 476 2068 497 comme
2084 476 2129 498 au
2146 477 2278 510 propre

414 536 582 581 original,
606 536 761 581 laquelle
782 536 892 569 chose
918 547 1010 568 nous
1036 547 1147 568 avons
1168 534 1304 567 octroie
1326 540 1360 566 et
1381 533 1566 566 octroions
1594 532 1721 565 auxdiz
1742 532 1923 572 maistres,
1947 531 2123 564 escoliers
2150 538 2185 565 et
2205 532 2278 565 offi-

414 603 507 635 ciers
530 603 573 635 de
595 604 700 648 grace
721 602 899 647 especiale
920 614 982 647 par
1003 613 1063 634 ces
1084 607 1288 646 presentes,
1313 599 1538 633 nonobstans
1565 599 1806 640 ordenences,
1831 599 2026 639 deffenses,
2050 598 2141 639 ediz,
2165 605 2279 632 statuz

414 681 460 702 ou
481 669 732 702 observations
754 675 788 701 et
808 669 932 701 lettres
954 668 1176 701 subrectices
1197 670 1400 711 empetrees
1428 678 1473 698 ou
1500 668 1518 698 a
1543 672 1726 710 empetrer
1751 667 1769 698 a
1795 677 1835 698 ce
1861 665 2076 698 contraires.
2105 666 2233 698 Donne
2261 668 2280 698 a

414 736 513 769 Paris
534 735 567 768 le
588 736 680 780 xxvij
698 736 783 780 jour
804 735 847 768 de
868 734 992 768 Juillet
1018 734 1086 766 l'an
1108 734 1151 766 de
1178 745 1284 778 grace
1306 732 1367 764 mil
1388 733 1477 766 CCC
1501 732 1711 777 quatrevins
1733 738 1766 765 et
1793 732 1859 774 six,
1883 739 1918 765 et
1945 732 1989 764 de
2014 738 2138 765 nostre
2165 735 2278 777 regne

414 802 446 835 le
468 802 648 835 sisiesme.
669 803 747 835 Par
762 802 792 835 le
809 813 887 846 roy,
905 803 924 834 ci
942 801 975 834 la
993 800 1146 834 relation
1161 799 1203 833 de
1217 800 1396 833 monsieur
1411 799 1442 832 le
1456 798 1523 832 cluc
1538 798 1580 832 de
1595 800 1719 840 Berri,

1871 866 1915 899 G.
1941 866 2098 898 BARRAU.

505 967 640 997 Originale
655 966 681 988 in
703 965 778 989 Aren
798 965 919 988 Univers.
937 964 1031 993 Paris„
1051 963 1118 987 thee.
1138 964 1169 991 ΙΙ,
1189 964 1217 986 Α.
1235 965 1256 986 5.
1274 971 1314 986 aa.
1338 964 1366 986 In
1389 963 1508 994 margine
1524 963 1643 986 inferiori
1664 962 1762 994 legitur
1784 963 1935 986 charactere
1954 971 2022 986 saec.
2044 970 2110 986 xvnl
2128 970 2133 986 :
2155 971 2167 986 t(
2183 963 2279 994 Repre-

412 1012 521 1038 senices,
538 1010 709 1039 transcrittes,
726 1009 849 1032 retablies
863 1012 888 1032 ct
904 1009 1019 1031 insere'es
1037 1008 1102 1031 dans
1117 1008 1154 1030 les
1171 1008 1296 1038 registi-es
1311 1008 1342 1030 de
1358 1008 1382 1030 ln
1401 1007 1532 1031 Chambre
1551 1008 1596 1031 des
1617 1007 1750 1038 Comptes,
1769 1009 1976 1030 consormement
1991 1009 2005 1030 ὁ
2020 1008 2046 1030 la
2066 1007 2227 1031 declaration
2243 1007 2279 1030 du

411 1064 466 1086 roy,
481 1056 515 1078 du
531 1058 654 1086 quntorze
667 1055 735 1077 Mars
751 1054 818 1076 XVII
829 1056 956 1084 quarente
972 1061 1005 1075 un
1021 1055 1046 1076 et
1061 1052 1166 1075 suivant
1181 1052 1285 1075 l'arrest
1303 1052 1333 1075 dc
1351 1052 1377 1075 la
1390 1052 1521 1075 Chambre
1537 1052 1571 1075 du
1587 1051 1662 1083 vingt
1678 1061 1711 1074 un
1732 1053 1812 1077 Mars,
1829 1053 1934 1075 HENRY.
1954 1061 1964 1073 i)
1983 1066 2010 1069 —
2027 1052 2144 1077 Recueil
2155 1053 2202 1077 des
2214 1053 2276 1083 pri-

411 1100 512 1130 vileyes
524 1099 751 1126 de-l'Univers-ite',
769 1107 795 1129 p.
811 1099 849 1120 88.

503 1183 525 1206 1.
542 1183 616 1205 Petro
633 1182 810 1212 d'Orgcmont,
827 1181 880 1213 qui,
895 1190 954 1204 cum
969 1184 1038 1204 esset
1051 1181 1165 1204 decanus
1184 1181 1209 1205 S.
1229 1180 1334 1204 Martini
1352 1181 1450 1203 Turon.
1466 1183 1491 1204 et
1507 1180 1531 1203 in
1548 1184 1660 1212 utroque
1673 1181 1732 1211 jure
1747 1181 1847 1210 licent„
1863 1189 1905 1205 nn.
1923 1181 1992 1211 1376,
2009 1181 2070 1204 Maii
2085 1182 2123 1211 26,
2140 1183 2223 1205 suctus
2239 1185 2279 1205 est

410 1227 491 1258 episc.
507 1227 600 1250 Morin.
617 1227 688 1258 (Reg.
702 1227 759 1249 vat.
777 1226 854 1257 Greg.
874 1226 914 1254 XI,
931 1230 959 1248 n⁰
972 1227 1026 1254 ⁴289,
1044 1227 1061 1249 f.
1077 1226 1124 1254 71),
1141 1234 1183 1249 an.
1207 1226 1272 1254 1384,
1287 1226 1395 1248 Januar.
1412 1225 1450 1254 19,
1467 1225 1549 1256 episc.
1567 1225 1651 1248 Paris.
1667 1226 1740 1257 (Reg.
1754 1226 1801 1248 Av.
1815 1225 1897 1249 Clem.
1913 1226 1968 1254 VII,
1983 1226 2036 1250 vol.
2051 1226 2162 1256 XXXIII,
2176 1227 2193 1251 f.
2211 1227 2276 1256 392).

410 1285 438 1289 —
454 1273 477 1295 2.
492 1271 614 1302 Philippo
630 1271 660 1294 de
674 1271 795 1301 Moulins,
809 1271 840 1293 de
855 1279 906 1302 quo
922 1279 1003 1301 supra
1019 1274 1047 1293 n⁰
1063 1271 1130 1297 1446.
1145 1273 1199 1293 not.
1218 1271 1240 1299 1,
1256 1278 1284 1301 p.
1299 1270 1354 1293 291.

415 1455 555 1492 1526.
583 1464 707 1490 Clemens
729 1465 781 1491 VII
792 1463 965 1489 cancellario
981 1464 1076 1490 Paris.
1095 1463 1226 1499 injungit,
1243 1467 1273 1489 ut
1284 1463 1410 1489 solianni
1422 1463 1457 1489 de
1473 1463 1629 1498 Hasteriis,
1651 1463 1717 1490 ord.
1737 1464 1817 1499 Min„
1836 1464 1886 1499 qui
1900 1463 2004 1489 librum
2021 1465 2232 1490 Sententiarum
2249 1465 2278 1490 in

498 1513 593 1539 studio
609 1514 702 1539 Paris.
720 1513 796 1547 legit,
815 1522 864 1538 nec
880 1517 974 1539 tamen
990 1521 1026 1539 ex
1046 1513 1129 1538 certis
1146 1513 1243 1538 causis
1264 1522 1325 1538 cum
1348 1512 1426 1547 aliis,
1453 1512 1503 1547 qui
1522 1522 1613 1548 nuper
1633 1513 1662 1538 in
1681 1513 1779 1538 stadio
1798 1513 1920 1548 gradum
1942 1513 2077 1539 licentiae
2099 1517 2275 1549 receperunt,

500 1562 694 1596 magisterium
714 1562 840 1587 obtinere
854 1562 955 1597 potnit,
972 1565 1037 1597 post
1052 1561 1123 1587 dnos
1140 1570 1250 1587 menses
1270 1561 1431 1596 magisterii
1453 1561 1586 1587 honorem
1610 1565 1637 1587 et
1658 1561 1780 1588 docendi
1794 1561 1942 1588 licentiam
1958 1561 2113 1596 largiatur.
2131 1563 2196 1589 Dat.
2213 1563 2275 1589 Avi-

500 1612 588 1637 nione
602 1611 648 1645 viij
664 1611 721 1637 kal.
738 1611 878 1641 Octobris,
895 1618 972 1637 anno
985 1612 1094 1637 octavo.
1113 1621 1126 1635 (ι
1143 1611 1222 1637 Sicut
1235 1611 1359 1637 debetur
1376 1621 1399 1636 n.

1486 1695 1488 1697 -
1530 1678 1605 1707 1386,
1621 1677 1781 1710 Septembris
1794 1679 1838 1708 24,
1855 1678 1988 1704 Arenione.

505 1761 567 1792 Reg.
580 1761 636 1786 Vnt,
654 1762 732 1784 Aven.
748 1761 887 1784 Clementis
903 1761 957 1789 vlt,
975 1761 1025 1784 vol.
1040 1761 1101 1790 XLI,
1121 1761 1164 1784 sol.
1183 1762 1238 1784 452.
1254 1775 1286 1778 —
1300 1761 1376 1784 Deest
1391 1761 1418 1783 in
1434 1761 1522 1785 Catal.
1540 1760 1636 1786 licent.

416 1944 557 1982 1527,
584 1953 707 1980 Clemens
729 1955 781 1980 Vll
791 1954 914 1980 Iohanni
928 1954 963 1980 de
979 1954 1167 1990 Guignicurte‚
1187 1954 1358 1981 baccalareo
1375 1955 1403 1981 in
1420 1955 1516 1990 theol.,
1534 1955 1740 1981 cancellariam
1756 1955 1850 1981 Paris.
1870 1957 1988 1990 confert.

1528 2047 1604 2076 1386,
1621 2046 1780 2079 Septembris
1793 2047 1837 2077 28,
1854 2047 1985 2074 Ᾱνοηῐοηε.

502 2132 640 2165 Dilecto
676 2132 749 2165 filio
784 2132 937 2166 Johanni
973 2133 1016 2166 de
1046 2133 1299 2178 Guignicurte,
1331 2134 1506 2168 canonico
1536 2141 1571 2167 et
1604 2134 1820 2168 cancellario
1855 2134 2010 2168 ecclesie
2043 2134 2275 2177 parisiensis,

413 2197 577 2239 salutem,
604 2205 670 2231 etc.
693 2200 784 2231 Dum
811 2200 1015 2233 evidentem
1041 2200 1240 2233 litterarum
1262 2201 1464 2243 scientiam,
1487 2213 1556 2246 qua
1583 2202 1682 2234 Deus
1708 2201 1941 2235 scientiarum
1964 2201 2132 2235 dominus
2154 2213 2276 2246 perso-

412 2276 492 2296 nam
514 2271 607 2297 tuam
635 2265 882 2310 multipliciter
907 2273 1014 2310 prout
1042 2267 1209 2300 novimus
1230 2267 1434 2312 insignivit,
1456 2280 1600 2301 necnon
1625 2268 1696 2301 vite
1723 2280 1762 2301 ac
1784 2279 1923 2302 morum
1946 2268 2114 2301 decorem
2135 2267 2275 2313 aliaque

412 2329 603 2362 laudabilia
625 2331 813 2375 probitatis
830 2339 863 2364 et
880 2333 1050 2365 virtutum
1072 2333 1210 2375 merita,
1234 2345 1344 2378 super
1365 2334 1497 2379 quibus
1519 2334 1613 2379 apud
1635 2346 1702 2367 nos
1723 2334 1992 2380 fidedignorum
2010 2334 2276 2367 commendaris

412 2396 632 2437 testimonio,
650 2397 692 2429 ad
713 2398 921 2430 memoriam
942 2411 1165 2441 revocamus,
1184 2412 1375 2433 monemur
1396 2401 1524 2434 merito
1547 2408 1582 2434 et
1601 2401 1809 2434 inducimur
1825 2407 1864 2434 ut
1883 2407 1917 2434 te
1939 2400 2160 2446 specialibus
2180 2401 2277 2435 favo-

412 2461 514 2494 ribus
531 2468 566 2494 et
585 2463 710 2506 gratiis
731 2475 1005 2508 prosequamur.
1028 2466 1170 2498 Dudum
1193 2466 1373 2511 siquidem
1396 2479 1523 2500 omnes
1545 2467 1740 2512 dignitates
1839 2467 2161 2501 reservavimus...
2184 2467 2275 2501 Cum

412 2527 531 2572 itaque
563 2529 788 2572 postmodum
817 2531 1030 2564 cancellaria
1058 2532 1212 2565 ecclesie
1234 2533 1451 2566 Parisiensis
1472 2546 1536 2579 per
1557 2534 1709 2567 liberam
1735 2534 2037 2579 resignationem¹
2061 2533 2185 2567 dilecti
2209 2533 2275 2567 filii

412 2593 585 2626 Johannis
616 2594 781 2628 Blancart
809 2596 924 2640 ipsius
953 2597 1107 2630 ecclesie
1141 2598 1347 2631 cancellarii
1377 2600 1421 2632 de
1451 2600 1524 2642 illa,
1557 2612 1662 2645 quam
1694 2607 1779 2633 tunc
1810 2600 1986 2645 temporis
2012 2600 2212 2642 obtinebat,
2238 2600 2275 2633 in

410 2659 578 2692 manibus
598 2661 733 2694 nostris
754 2668 883 2706 sponte
903 2663 1029 2695 factam
1051 2670 1086 2696 et
1105 2676 1169 2708 per
1189 2676 1256 2698 nos
1277 2665 1485 2708 admissam,
1506 2667 1603 2711 apud
1623 2667 1748 2700 sedem
1764 2666 1879 2712 ipsam
1899 2667 2081 2701 vacaverit
2099 2673 2134 2700 et
2148 2655 2275 2700 vacare

413 2732 583 2758 noscatur
602 2726 646 2758 ad
666 2739 831 2771 presens,
850 2728 1044 2773 nullusque
1062 2737 1183 2774 preter
1199 2742 1266 2764 nos
1286 2731 1351 2764 hae
1368 2732 1446 2765 vice
1464 2733 1507 2765 de
1524 2733 1585 2765 illa
1606 2733 1803 2779 disponere
1824 2733 1984 2778 potuerit
2004 2745 2123 2778 neque
2144 2733 2273 2779 possit,

414 2793 659 2826 reservatione
682 2800 716 2826 et
741 2794 886 2827 decreto
909 2794 1174 2829 obsistentibus
1195 2798 1415 2842 supradictis
1440 2810 1447 2831 ε
1470 2811 1538 2832 nos
1558 2800 1725 2833 volentes
1752 2799 1816 2833 tibi
1837 2800 2100 2845 premissorum
2128 2800 2275 2847 merito·-

409 2870 491 2891 rum
512 2864 655 2892 tuorum
676 2859 807 2893 intuitu
832 2861 981 2906 gratiam
1002 2862 1119 2895 facere
1141 2863 1348 2908 specialem,
1375 2866 1624 2899 canonicatum
1652 2867 1817 2911 ejusdem
1839 2866 1994 2900 ecclesie
2014 2878 2096 2901 cum
2116 2866 2274 2913 plenitu-
