2488 3386
483 380 550 412 140·
1052 387 1368 409 CHARTULARIUM
1404 387 1593 408 UNIVERS.
1644 386 1773 408 Panis.
2247 370 2346 407 [1365

481 464 706 507 frequentem
734 461 1023 506 requisitionem,
1046 460 1150 493 etiam
1174 460 1270 504 quod
1293 472 1360 493 nos
1381 460 1559 493 vellemus
1585 464 1742 499 cessare,
1765 464 1825 491 aut
1844 469 1911 490 nos
1932 469 2005 490 non
2025 463 2239 490 v'e'xaremur
2259 457 2354 502 p'lus·
2369 459 2376 465 ’

483 529 526 561 de
552 528 862 573 impositionibus,
886 540 947 560 rex
974 527 1091 560 taliter
1116 527 1182 559 fuit
1209 527 1436 567 informatus,
1459 526 1554 570 quod
1578 526 1706 558 eodem
1728 537 1821 558 anno
1848 530 1929 557 ante
1953 523 2148 556 rectoriam¹
2164 523 2346 557 Tilmanni

481 595 650 627 antedicti
668 594 712 627 lis
733 595 799 627 suit
821 600 895 626 orta
918 594 1011 626 inter
1033 593 1310 626 Universitatem
1336 599 1371 624 et
1391 592 1624 636 impositores
1648 603 1654 624 τ
1678 591 1725 624 ita
1746 591 1844 635 quod
1866 602 1927 623 rex
1952 589 2097 623 volebat
2117 590 2214 634 quod
2236 595 2351 635 super*

483 661 664 705 signetum
687 660 838 692 rectoris
859 659 1096 692 cancellarius
1127 658 1344 691 Parisiensis
1366 658 1517 690 deberet
1537 657 1685 690 cedulas
1707 657 1929 690 studentium
1958 656 2103 701 signare
2125 662 2160 688 et
2186 656 2238 689 sic
2265 656 2349 690 vi'na

483 726 572 771 ipsis
594 726 895 766 deliberarentur,
914 732 947 758 et
969 725 1072 757 aliter
1093 737 1177 758 non.
1197 726 1239 757 Et
1259 724 1296 758 in
1317 724 1602 769 congregatione
1623 722 1787 768 generali
1809 734 1920 767 super
1940 722 2008 755 hoc
2029 722 2118 755 sacra
2140 728 2214 755 tres
2235 722 2346 755 sacul-

484 799 587 833 tates,
615 792 785 825 videlicet
809 791 1076 836 theologorum,
1100 791 1373 823 decretistarum
1403 797 1438 823 et
1465 790 1702 829 medicorum,
1730 788 1982 822 deliberabant
2011 788 2062 821 sic
2093 788 2227 821 debere
2254 788 2346 830 fieri,

485 858 561 891 sola
588 858 753 891 facultate
783 858 911 890 artium
945 857 1012 890 hoc
1042 870 1115 890 non
1145 857 1396 890 consentiente
1424 857 1489 890 sed
1517 856 1747 889 reclamante.
1779 855 1937 888 Tandem
1966 855 2033 888 alia
2062 855 2347 900 congregatione

485 925 647 969 generali
674 925 762 957 facta
789 936 853 969 per
873 926 1116 969 juramentum
1144 924 1238 969 apud
1265 924 1431 956 Sanctum
1461 923 1699 964 Bernardum,
1722 922 1920 967 propositis
1951 933 2015 967 per
2042 928 2218 955 rectorem
2249 928 2348 955 ante-

485 991 619 1023 dictum
641 990 842 1023 rationibus
864 997 898 1023 et
919 990 1109 1023 declaratis
1137 990 1281 1023 motivis
1302 990 1558 1035 magistrorum
1580 989 1617 1022 in
1638 988 1776 1022 artibus
1804 995 1840 1021 et
1865 988 1939 1021 illis
1965 988 2095 1033 positis
2115 988 2152 1020 in
2173 987 2349 1021 deliberas

485 1057 594 1098 tione,
624 1069 750 1089 omnes
778 1063 930 1101 quatuor
954 1057 1141 1089 facultates
1166 1056 1397 1089 concorditer
1426 1056 1462 1088 in
1492 1055 1560 1088 hoc
1591 1061 1872 1096 consenserunt,
1899 1054 1997 1099 quod
2027 1066 2138 1099 super
2165 1054 2348 1099 signetum

486 1124 636 1156 rectoris
658 1123 796 1156 nullum
823 1123 919 1156 aliud
941 1123 1122 1168 signetum
1145 1123 1299 1167 alicujus
1320 1123 1469 1155 alterius
1490 1129 1735 1167 apponeretur
1755 1121 1896 1155 cedulis
1918 1121 2140 1154 studentium
2168 1132 2232 1166 pro
2254 1120 2349 1155 vinis

484 1189 659 1222 habendis
683 1201 689 1221 :
712 1196 747 1222 et
767 1190 818 1222 sic
841 1189 957 1222 tribus
978 1189 1059 1222 aliis
1084 1189 1314 1222 facultatibus
1342 1189 1386 1222 ad
1416 1196 1575 1222 nostram
1605 1188 1875 1222 revertentibus
1901 1188 1938 1220 in
1963 1187 2214 1229 deliberando,
2237 1187 2349 1232 petito

485 1255 630 1300 publico
652 1268 762 1300 super
783 1256 850 1289 hoc
871 1256 1112 1289 instrumento
1133 1256 1252 1289 aditus
1273 1256 1341 1288 fuit
1360 1268 1423 1288 rex
1442 1255 1738 1300 frequentissime
1762 1267 1768 1287 :
1791 1255 1839 1288 ita
1860 1254 1958 1300 quod
1980 1266 2042 1287 rex
2062 1254 2190 1287 eodem
2210 1254 2270 1287 29¹
2292 1254 2350 1287 die

482 1322 654 1363 Januarii,
683 1322 823 1354 scilicet
851 1322 938 1355 seria
966 1323 985 1355 5
1013 1329 1096 1367 post
1121 1322 1410 1356 Conversionem
1439 1322 1553 1355 sancti
1579 1321 1679 1355 Pauli
1707 1321 1876 1367 apostoli,
1902 1321 2036 1354 sedens
2058 1321 2095 1358 in
2119 1332 2260 1354 camera
2285 1332 2348 1354 sua

483 1388 578 1433 apud
609 1389 775 1421 Sanctum
807 1388 955 1421 Paulum
984 1401 1048 1434 pro
1080 1389 1251 1422 tribunali
1280 1388 1575 1434 solempnissime
1603 1401 1682 1421 cum
1705 1387 1934 1433 principibus
1960 1387 2037 1420 suis
2063 1386 2349 1432 archiepiscopis

486 1455 674 1487 Remensi²
696 1461 731 1487 et
752 1455 991 1497 Senonensi³,
1014 1455 1197 1500 episcopis
1223 1455 1454 1496 Parisiensi'*,
1478 1455 1711 1489 Belvacensi⁵
1734 1461 1769 1488 et
1790 1454 1990 1500 Sagiensi⁶,
2013 1454 2144 1487 comite
2170 1453 2214 1486 de
2236 1454 2350 1487 Stam-

485 1521 561 1566 pis⁷
579 1528 614 1553 et
634 1522 712 1566 ejus
732 1522 840 1554 fratre
861 1529 895 1554 et
915 1522 1253 1555 connestabulario⁸
1279 1522 1427 1555 Francie
1448 1529 1483 1555 et
1503 1521 1781 1567 quampluribus
1801 1520 2074 1555 venerabilibus
2095 1521 2184 1554 viris
2205 1527 2240 1553 et
2258 1520 2348 1553 mili-

486 1587 649 1628 tibus—,
667 1588 779 1633 igitur
795 1600 857 1621 rex
874 1589 1036 1630 Francie,
1053 1600 1118 1622 seu
1138 1589 1376 1622 cancellarius
1398 1590 1478 1633 ejus
1498 1588 1648 1622 verbum
1671 1600 1819 1633 gerens,
1841 1588 2026 1625 concessit
2045 1587 2246 1620 liberaliter
2266 1587 2349 1620 Uni-

486 1654 647 1687 versitati
677 1655 886 1696 Parisiensi,
918 1655 1014 1700 quod
1040 1656 1083 1688 ad
1114 1655 1268 1700 simplex
1292 1656 1475 1701 signetum
1499 1655 1653 1688 rectoris
1682 1655 1938 1689 Universitatis
1958 1654 2176 1687 Parisiensis
2201 1653 2350 1687 firmarii

486 1733 551 1754 seu
582 1721 814 1765 impositores
843 1722 1009 1754 vinorum
1044 1723 1218 1767 deinceps
1249 1722 1427 1755 deberent
1460 1722 1645 1767 magistris
1681 1728 1716 1765 et
1744 1721 1947 1755 scolaribus
1987 1721 2098 1754 studii
2133 1720 2350 1754 Parisiensis

490 1787 626 1831 absque
654 1787 887 1832 impositione
907 1788 964 1821 vel
986 1788 1131 1833 aliquali
1154 1789 1343 1822 vexatione
1364 1789 1445 1822 vina
1468 1788 1685 1822 deliberare.
1715 1789 1759 1821 Et
1783 1788 1826 1821 ad
1856 1788 1924 1821 hoc
1948 1787 2085 1821 vocatis
2112 1786 2354 1833 personaliter

489 1853 764 1898 impositoribus
785 1866 903 1887 coram
928 1867 1014 1900 rege
1040 1862 1075 1887 et
1103 1855 1346 1888 Universitate
1374 1856 1538 1901 precepit
1558 1868 1621 1888 rex
1642 1867 1706 1900 per
1727 1867 1769 1888 os
1790 1854 1995 1888 cancellarii
2018 1854 2166 1887 Francie
2188 1854 2351 1888 districte

489 1919 778 1964 impositor-ibus,
801 1921 898 1965 quod
918 1921 1086 1954 decetero
1107 1921 1245 1966 absque
1267 1922 1438 1955 dilatione
1459 1922 1538 1956 viso
1560 1922 1705 1967 signeto
1728 1922 1880 1954 rectoris
1902 1920 2135 1954 studentibus
2157 1921 2239 1955 vina
2259 1920 2353 1954 deli-

490 1986 671 2027 berarent,
689 1987 861 2019 mandans
878 1994 912 2020 et
933 1988 1138 2032 precipiens
1154 1989 1296 2030 acriter,
1316 2001 1360 2021 ne
1377 1989 1574 2034 cupiditate
1592 1988 1746 2033 pecunie
1767 1988 1810 2021 ab
1831 1988 1912 2021 aliis
1930 1987 2138 2033 recipiende
2162 1987 2355 2020 studentes

490 2052 609 2096 aliquo
638 2053 744 2085 modo
774 2054 1008 2095 retardarent,
1038 2061 1097 2087 aut
1126 2055 1162 2087 in
1195 2055 1422 2100 expediendo
1454 2055 1720 2100 protraherent,
1748 2055 1812 2087 sed
1843 2054 2058 2099 simpliciter
2087 2054 2283 2099 magistros
2318 2060 2354 2087 et

492 2119 651 2151 scolares
672 2119 707 2151 in
734 2120 860 2152 ordine
889 2132 1011 2153 eorum
1041 2122 1229 2154 venientes
1255 2122 1455 2167 quemlibet
1483 2122 1710 2167 expedirent,
1741 2121 2048 2154 connnendando⁹
2076 2132 2250 2166 expresse
2275 2132 2352 2166 pre-

493 2185 598 2218 dictis
619 2186 894 2230 impositoribus
911 2187 1008 2231 quod
1030 2188 1059 2220 si
1082 2200 1188 2221 secus
1209 2189 1380 2230 facerent,
1403 2189 1472 2233 ipsi
1496 2189 1614 2222 taliter
1635 2188 1813 2221 deberent.
1833 2188 1967 2233 puniri,
1990 2188 2087 2233 quod
2108 2187 2240 2220 ceteris
2261 2193 2353 2220 tran-

494 2251 608 2284 sirent
634 2252 670 2284 in
693 2252 907 2297 exemplum.
932 2255 976 2285 Et
995 2254 1039 2286 de
1060 2254 1130 2287 hiis
1160 2255 1349 2299 premissis
1375 2255 1427 2288 sic
1457 2255 1645 2288 concessis
1676 2261 1795 2288 rector
1825 2254 1971 2287 nomine
2000 2253 2255 2287 Universitatis
2283 2253 2354 2286 sibi

495 2317 678 2362 publicum
706 2319 784 2351 fieri
812 2319 913 2363 petiit
940 2320 1232 2353 instrumentum.
1257 2323 1300 2354 Et
1324 2321 1389 2354 hec
1416 2334 1480 2366 per
1509 2322 1762 2366 deputatorum
1792 2321 1985 2354 consilium
2016 2320 2073 2353 hic
2095 2327 2180 2354 sunt
2206 2320 2352 2365 scripta.

495 2385 581 2416 Nam
602 2385 728 2429 gratia,
750 2398 853 2430 quam
876 2398 936 2418 rex
961 2399 1079 2420 coram
1102 2394 1152 2420 tot
1173 2395 1207 2420 et
1229 2389 1335 2421 tantis
1361 2388 1589 2433 principibus
1610 2388 1683 2421 filie
1705 2400 1770 2421 sue
1800 2387 2035 2422 Universitati
2060 2387 2258 2420 Parisiensi
2283 2393 2352 2420 tam

496 2450 639 2495 publice
657 2458 691 2484 et
706 2451 917 2485 solemniter
933 2466 1012 2486 cum
1034 2454 1296 2487 deliberatione
1317 2455 1379 2487 diu
1397 2455 1583 2500 prehabita
1595 2456 1619 2472 ¹⁰
1636 2455 1738 2488 duxit
1753 2454 2037 2495 concedendam,
2057 2461 2222 2499 tanquam
2244 2453 2355 2499 privi-

497 2517 632 2561 legium
653 2518 792 2562 regium
814 2526 933 2563 potest
951 2520 1075 2553 haberi
1097 2527 1132 2554 et
1151 2521 1260 2554 debet
1280 2522 1408 2554 merito
1430 2522 1601 2566 reputari.

586 2583 777 2618 Secundum
799 2592 854 2617 est
876 2586 972 2630 quod
994 2598 1057 2631 pro
1078 2587 1249 2620 violentia
1270 2589 1359 2620 sacta
1383 2595 1417 2620 et
1438 2588 1662 2621 immunitate
1684 2587 1831 2633 collegii
1852 2587 2046 2620 scolarium
2068 2587 2113 2620 de
2134 2588 2273 2632 Lupara
2293 2598 2358 2620 rex

500 2649 599 2682 dedit
627 2650 723 2682 mille
753 2651 895 2684 francos
923 2664 986 2696 pro
1014 2652 1275 2686 hereditatibus
1306 2654 1470 2687 emendis
1499 2661 1532 2687 et
1560 2661 1704 2687 centum
1741 2655 1886 2687 francos
1915 2666 1980 2699 pro
2009 2654 2150 2687 damnis
2178 2653 2356 2686 dictorum

499 2715 738 2748 scolarium¹'.
762 2718 805 2749 Et
817 2718 1023 2762 prepositus
1044 2720 1296 2753 l'arisiensis²'·'
1312 2721 1469 2766 genibus
1491 2721 1594 2754 ssexis
1615 2732 1735 2753 coram
1749 2732 1835 2766 rege
1857 2727 1892 2753 et
1909 2720 2151 2754 Universitate
2171 2723 2235 2761 [se]
2251 2731 2359 2753 excu-

500 2782 601 2823 savit,
621 2795 685 2815 nee
708 2795 779 2815 non
800 2791 954 2828 quatuor
973 2785 1125 2818 clientes
1147 2787 1365 2831 principales
1387 2787 1545 2832 genibus
1567 2787 1671 2820 flexis
1692 2787 1729 2820 in
1749 2799 1855 2820 manu
1878 2787 2030 2820 rectoris
2047 2787 2192 2820 nomine
2210 2786 2358 2820 Univer-

501 2849 615 2882 sitatis
636 2861 755 2882 coram
777 2862 863 2895 rege
885 2857 919 2883 et
940 2851 1166 2896 principibus
1194 2854 1407 2899 prescriptis
1435 2855 1479 2887 de
1506 2854 1679 2888 violentia
1698 2854 1788 2887 facta
1812 2853 2047 2887 Universitati
2068 2852 2356 2886 emendabant¹⁸.

594 2916 755 2950 Tertium
777 2924 832 2950 est
853 2918 1034 2962 quomodo
1061 2925 1096 2951 ct
1121 2926 1269 2965 propter
1290 2933 1393 2965 quam
1417 2933 1559 2955 causam
1582 2920 1752 2953 dominus
1772 2920 1959 2954 Arnoldus
1982 2920 2099 2962 miles,
2121 2920 2291 2953 dominus
2313 2919 2358 2952 de
