2488 3386
855 343 1031 365 srvi-urs
1066 343 1147 365 FAC.
1184 342 1353 365 DECRET.
1974 334 2039 365 645

262 417 301 452 (A)
317 418 390 444 Item
412 418 512 444 nullus
534 418 707 444 baccalarius
722 419 815 451 potest
830 419 946 444 mutare
964 418 1067 443 horam
1083 425 1166 443 suam
1181 417 1306 450 legendi,
1321 425 1373 443 nec
1388 417 1498 442 librum
1513 425 1545 443 ex
1559 425 1618 450 quo
1635 418 1782 451 inceperit,
1798 418 1906 451 absque
1921 418 2034 444 licentia

173 466 295 500 collegii.

262 515 300 550 (5)
315 516 389 542 Item
405 518 561 549 postquam
577 516 716 549 inceperit
731 515 824 548 legere
838 515 967 548 aliquem
983 516 1102 544 librum,
1122 515 1197 547 leget
1215 522 1285 540 eum
1300 514 1361 540 sine
1381 515 1465 543 saltu,
1483 515 1582 540 titulos
1597 515 1728 541 ordinate
1744 516 1953 544 continuando.
1969 517 2037 542 alias

173 571 232 590 non
248 565 468 598 computabitur
482 572 535 598 pro
555 565 664 590 lectura
680 564 718 590 sic
733 572 784 597 per
803 564 891 589 saltus
906 564 1023 597 legenti.
1042 564 1069 590 Si
1085 571 1152 589 vero
1167 571 1228 589 uno
1247 571 1325 588 anno
1342 563 1443 595 legerit
1456 571 1553 588 unum
1564 564 1673 589 librum
1689 564 1810 597 integre,
1828 566 1921 598 potest
1933 565 2036 591 eodem

171 620 249 639 anno
264 615 377 646 partem
392 613 510 639 alterius
524 613 600 642 libri.
615 613 645 638 in
661 613 720 638 fine
737 613 876 639 videlicet.
893 613 966 638 duos
982 613 1025 639 vel
1040 613 1138 646 plures
1155 612 1256 638 titulos
1270 612 1374 645 legere.
1389 612 1462 637 dum
1478 614 1577 638 tamen
1591 613 1676 638 illum
1689 613 1797 639 librum
1813 621 1891 639 anno
1905 614 2037 647 sequenti

172 661 290 695 incipiat
304 670 320 688 a
335 662 440 695 capite;
458 662 501 688 vel
520 669 535 688 e
549 669 685 688 converso
702 661 828 695 incipere
844 662 950 695 poterit
968 669 983 687 a
996 661 1098 695 capIte,
1115 662 1143 687 et
1162 669 1240 686 anno
1259 661 1391 694 sequenti
1410 661 1441 686 in
1459 661 1560 686 eodem
1576 661 1702 694 incipere
1717 662 1767 687 ubi
1782 662 1863 695 prius
1877 663 2034 691 dimiserat,

172 710 232 737 sine
245 711 331 740 saltu,
347 712 376 737 et
390 711 562 737 continuare
577 712 605 736 et
620 710 774 743 complere.

260 759 298 794 (6)
313 760 387 785 Item
400 759 500 785 nullus
519 759 692 785 baccalarius
706 759 825 792 incipiet
842 759 934 792 legere
950 759 1110 785 Decretales
1124 759 1154 784 in
1171 759 1265 792 prima
1280 759 1443 792 receptione
1462 759 1497 784 ad
1512 759 1654 784 lecturam
1669 759 1712 785 vel
1730 759 1760 784 in
1777 760 1918 793 principio
1936 761 2036 793 cujus-

170 808 240 834 libet
259 808 339 837 anni,
362 808 406 834 vel
430 816 500 834 cum
522 808 609 834 habet
631 808 735 834 horam
751 809 876 837 mutare,
903 808 956 833 nisi
978 808 1094 841 publice
1110 808 1140 833 in
1156 808 1237 834 scolis
1257 815 1307 841 per
1326 807 1474 833 bedellum
1494 808 1659 841 generalem
1676 808 1719 833 vel
1734 808 1931 834 subbidellum
1948 809 2035 835 fuerit

170 857 367 890 proclamatus
381 858 409 883 et
430 857 641 890 preconizatus,
658 857 726 882 alias
745 857 766 882 si
781 857 963 882 contrarium
988 857 1095 886 fecerit,
1117 858 1234 890 tempus
1253 857 1362 882 lecture
1381 857 1445 882 talis
1469 856 1521 882 sibi
1546 856 1629 882 nullo
1649 857 1737 883 modo
1757 858 1987 890 computabitur,
2009 859 2037 884 et

169 905 237 932 alias
252 907 340 939 prout
354 905 500 932 videbitur
515 906 644 931 facultati
659 906 810 939 punietur,
825 907 853 931 et
867 906 979 931 nemini
993 907 1043 931 fiat
1058 907 1158 932 contra
1174 906 1229 931 hoc
1244 906 1334 938 gratia
1350 906 1626 938 perjuramentum.

257 954 296 989 (7)
311 955 384 980 Item
397 955 419 980 si
432 955 606 980 baccalarius
619 956 736 980 vocatus
751 955 787 980 ad
801 955 958 987 collegium
973 962 1024 988 per
1039 955 1187 980 bedellum
1203 962 1236 980 ex
1249 956 1331 987 parte
1346 954 1446 980 decani
1460 954 1503 980 vel
1519 954 1631 987 collegii
1646 955 1682 980 ad
1698 955 1854 988 collegium
1871 963 1930 981 non
1947 963 2035 982 vene-

169 1003 207 1029 rit
221 1010 270 1029 seu
285 1005 484 1029 excusatorem
504 1004 645 1030 idoneum
661 1011 721 1029 non
737 1004 847 1029 miserit
862 1005 890 1029 et
905 1011 1021 1029 causam
1037 1004 1164 1029 absentie
1181 1003 1326 1029 notoriam
1347 1011 1406 1029 non
1422 1003 1523 1029 habeat
1540 1003 1703 1035 legitimam
1716 1013 1721 1029 :
1734 1004 1755 1029 si
1774 1004 1932 1030 Decretales
1948 1005 2034 1037 legat,

166 1054 218 1085 per
233 1052 369 1078 triduum
389 1060 405 1078 a
427 1053 599 1079 lectionibus
623 1053 827 1086 suspendatur,
850 1054 878 1078 et
902 1053 973 1078 hora
995 1052 1109 1085 legendi
1134 1053 1207 1078 scole
1227 1052 1410 1081 claudentur,
1430 1053 1459 1077 ct
1482 1052 1504 1077 si
1523 1052 1656 1084 pertinax
1676 1053 1763 1085 fuerit
1784 1053 1885 1079 nolens
1904 1054 1934 1078 in
1954 1054 2035 1079 aliud

168 1100 303 1127 triduum
318 1101 438 1134 collegio
453 1101 620 1130 satisfacere,
634 1103 730 1135 spreto
742 1102 912 1135 juramento
927 1109 978 1135 per
992 1101 1131 1127 eumdem
1146 1101 1266 1134 collegio
1279 1101 1421 1134 impenso.
1437 1108 1523 1134 super
1536 1101 1590 1126 hiis
1605 1109 1678 1134 pena
1694 1104 1783 1134 prout
1794 1102 1938 1128 videbitur
1948 1103 2036 1129 eolle-

166 1149 214 1182 3ἰο
226 1158 276 1176 seu
291 1150 396 1183 majori
411 1151 486 1184 parti
499 1150 643 1176 afficiatur
657 1150 777 1176 duriori.
796 1150 823 1176 Si
839 1158 905 1176 vero
918 1150 1092 1176 baccalarius
1107 1150 1143 1175 ad
1159 1150 1334 1175 mandatum
1350 1150 1462 1182 collegii
1477 1150 1574 1175 venire
1588 1158 1721 1176 recusans
1736 1152 1803 1176 actu
1820 1159 1880 1176 non
1896 1151 1981 1184 legat.
1999 1151 2035 1177 de

167 1199 296 1232 perjurio
312 1199 463 1225 notabitur
477 1201 506 1225 et
520 1199 588 1225 alias
603 1201 704 1225 contra
716 1199 814 1232 ipsum
831 1207 881 1232 per
896 1199 1052 1232 collegium
1068 1201 1157 1232 prout
1173 1199 1267 1224 visum
1283 1198 1370 1224 fuerit
1384 1198 1517 1231 expedire
1531 1199 1711 1232 procedetur.

258 1247 350 1282 (8-10)
373 1248 446 1274 Item
473 1248 542 1281 quia
566 1249 639 1274 circa
659 1248 830 1282 hujusmodi
850 1248 973 1274 lecturas
992 1249 1020 1274 et
1040 1248 1127 1273 scolas
1148 1248 1307 1273 doctorales
1328 1247 1549 1281 quamplurime
1572 1248 1685 1273 fraudes
1706 1248 1845 1274 hactenus
1867 1251 1935 1274 sunt
1959 1257 2035 1275 com-

168 1296 252 1323 misse
257 1316 322 1322 ......
330 1296 337 1313 ⁴
356 1297 407 1322 fiat
419 1297 510 1330 gratia
522 1305 574 1330 per
586 1298 802 1330 juramentum.

256 1345 312 1379 (11)
327 1346 400 1372 Item
416 1353 518 1371 omnes
532 1346 681 1372 baccalarii
696 1346 789 1379 legere
804 1346 931 1371 volentes
946 1346 976 1371 in
990 1346 1056 1378 jure
1071 1345 1210 1371 canonico
1215 1365 1268 1372 .....
1278 1345 1288 1362 “-’
1303 1347 1391 1378 prout
1406 1345 1551 1371 videbitur
1566 1346 1694 1371 facultati
1710 1346 1851 1379 expedire.

257 1393 312 1428 (12)
328 1395 402 1420 Item
421 1395 570 1420 baccalarii
585 1395 714 1428 legentes
728 1395 759 1420 in
775 1395 859 1420 nonis
873 1395 956 1420 Beate
973 1394 1058 1420 Marie
1071 1394 1169 1427 legant
1183 1396 1211 1419 et
1227 1394 1407 1420 tenebuntur
1422 1394 1525 1427 legere,
1543 1394 1679 1427 quotiens
1698 1394 1727 1420 in
1746 1395 1829 1420 nonis
1844 1396 1921 1421 Beati
1937 1395 2034 1422 Jacobi

167 1443 294 1476 legentes
308 1443 476 1469 debuerunt
488 1443 592 1477 legere,
609 1443 663 1469 nisi
678 1443 879 1476 impediantur
894 1445 1014 1476 propter
1028 1443 1211 1476 propositum
1228 1443 1270 1469 iel
1286 1443 1353 1468 alias
1368 1443 1423 1476 legi
1436 1445 1508 1469 tunc
1523 1450 1574 1475 per
1587 1443 1808 1469 Universitatem
1825 1444 1867 1470 vel
1882 1452 1932 1477 per
1947 1445 2033 1470 facul-

167 1492 268 1518 tatem.

256 1540 314 1575 (13)
329 1541 402 1567 Item
424 1541 573 1567 baccalarii
593 1542 795 1570 excrescentes,
812 1540 899 1566 cum³
918 1541 992 1566 scole
1011 1541 1166 1566 doctorum
1186 1541 1243 1566 sint
1265 1541 1367 1570 solute,
1391 1540 1502 1566 solvent
1523 1541 1693 1574 pensionem
1712 1541 1855 1567 scolarum
1875 1542 1905 1567 in
1924 1542 2030 1575 quibus

167 1589 301 1623 legerunt
316 1590 368 1615 sibi
383 1590 615 1622 contingentem,
631 1591 660 1616 et
672 1597 725 1623 pro
740 1591 800 1615 rata
817 1590 956 1623 temporis
970 1589 1000 1615 in
1017 1589 1174 1615 utilitatem
1191 1589 1302 1622 collegii
1315 1589 1551 1615 convertendam.

256 1638 313 1673 (14)
328 1639 401 1665 Item
416 1646 518 1664 omnes
537 1639 687 1664 baccalarii
708 1640 863 1664 teneantur
882 1639 974 1671 legere
993 1638 1114 1671 singulis
1129 1638 1231 1664 diebus
1245 1638 1409 1671 legibilibus
1424 1638 1578 1665 ordinarie.
1593 1640 1644 1664 aut
1664 1639 1765 1664 saltem
1781 1639 1816 1664 ad
1832 1639 1930 1665 minus
1947 1642 1988 1665 ter
2004 1640 2034 1665 in

164 1687 326 1721 septimana
347 1688 379 1713 in
401 1688 482 1713 scolis
503 1688 591 1713 clausi
612 1688 751 1716 Brunelli‚
766 1689 794 1713 et
814 1695 874 1713 non
890 1687 967 1716 alibi,
985 1688 1056 1713 liora
1074 1695 1124 1720 per
1145 1687 1313 1713 facultatem
1333 1687 1476 1716 ordinata,
1497 1689 1525 1713 et
1547 1695 1607 1713 non
1624 1687 1688 1717 alia,
1706 1688 1800 1713 debite
1820 1688 1947 1721 singulas
1969 1696 2032 1714 suas

164 1736 301 1762 lectiones
310 1744 361 1770 per
376 1737 504 1770 spatium
517 1737 588 1762 hore
602 1737 714 1769 integre
724 1736 933 1770 protrahendo,
946 1738 979 1761 ut
990 1736 1053 1761 talis
1068 1736 1177 1761 lectura
1192 1736 1222 1761 in
1236 1736 1379 1762 honorem
1395 1736 1476 1761 cedat
1491 1736 1634 1762 facultatis
1649 1738 1676 1762 et
1689 1737 1916 1762 baccalariorum
1928 1739 1955 1763 ct
1971 1745 2033 1771 pre-

164 1784 260 1820 ter[ea]
278 1786 309 1811 in
324 1793 427 1811 eorum
442 1785 688 1818 audientiumque
708 1785 866 1811 utilitatem
882 1785 1063 1814 reddundet;
1081 1785 1148 1810 alias
1162 1793 1221 1810 non
1237 1785 1390 1818 acquirent
1405 1786 1521 1818 tempus
1534 1793 1586 1818 pro
1601 1785 1715 1811 licentia
1731 1786 1898 1815 obtinenda,
1917 1786 2034 1812 talibus-

165 1841 223 1868 que
237 1834 384 1860 desidibus
398 1835 426 1860 et
442 1834 656 1867 negligentibus
674 1834 757 1860 nullo
773 1834 862 1859 modo
878 1835 994 1867 tempus
1012 1834 1116 1859 omisse
1132 1834 1241 1860 lecture
1260 1834 1490 1867 computabitur.
1508 1834 1656 1867 Quinymo
1672 1834 1706 1860 de
1722 1836 1854 1867 tempore
1870 1835 1899 1860 in
1915 1835 2034 1860 ccdullis

164 1882 297 1916 ipsorum
312 1883 539 1909 baccalariorum
554 1884 702 1911 contento.
717 1883 797 1916 quod
812 1883 933 1916 quidem
949 1883 979 1908 in
994 1883 1116 1915 legendo
1133 1883 1226 1908 modis
1247 1882 1380 1916 predictis
1399 1882 1547 1916 acquirere
1566 1883 1728 1916 potuissent
1743 1885 1771 1908 ct
1790 1883 1964 1912 debuissent,
1986 1884 2034 1909 illa

165 1932 261 1965 portio
276 1932 415 1965 temporis
430 1932 538 1958 eisdem
553 1932 711 1960 auferetur,
728 1934 756 1958 et
777 1932 829 1957 sibi
845 1932 950 1957 merito
971 1931 1170 1959 defalcabitur,
1187 1939 1247 1964 quo
1262 1939 1290 1957 se
1305 1939 1320 1957 a
1336 1931 1451 1957 lecturis
1468 1933 1496 1957 et
1515 1932 1711 1957 observatione
1727 1932 1925 1965 predictorum
1943 1932 2033 1958 absti-

164 1981 294 2010 nuerint,
311 1981 420 2014 illaque
434 1981 594 2014 adimplere
609 1981 788 2013 neglexerint
813 1981 869 2006 sive
891 1981 1128 2013 contempserint.
1147 1980 1239 2013 Super
1258 1982 1358 2006 autem
1378 1980 1528 2013 diligentia
1545 1981 1588 2006 vel
1605 1981 1781 2013 negligentia
1798 1988 1888 2014 quam
1909 1981 2034 2007 adhibe-

165 2029 242 2055 bunt
262 2030 411 2055 baccalarii
432 2030 463 2055 in
483 2030 615 2062 legendo,
638 2031 673 2055 ut
687 2030 856 2062 predicitur,
873 2029 1050 2055 exactissima
1070 2029 1211 2054 continuo
1231 2037 1246 2054 a
1266 2030 1401 2055 facultate
1422 2030 1472 2054 fiat
1492 2029 1652 2062 inquisitio,
1673 2030 1914 2062 quandoquidem
1938 2030 2032 2055 honor

165 2078 319 2107 facultatis.
336 2079 481 2112 profectus
496 2078 668 2104 eorumdem
684 2078 910 2103 baccalariorum
925 2079 953 2103 et
968 2078 1094 2103 aliorum
1109 2078 1292 2104 studentium
1308 2078 1382 2103 circa
1395 2078 1647 2103 continuationem
1662 2086 1694 2104 ac
1706 2078 1875 2104 exercitium
1887 2079 2032 2104 dictarum

165 2127 345 2154 lecturarum
359 2129 488 2153 versetur
503 2129 531 2153 ct
545 2127 671 2152 maxime
688 2127 833 2152 consistat.

255 2177 288 2201 In
304 2177 362 2202 fine
378 2184 444 2202 vero
459 2176 614 2209 cujuslibet
629 2176 698 2201 anni
713 2183 764 2209 per
779 2175 923 2201 decanum
939 2177 967 2201 et
982 2175 1138 2208 collegium
1153 2175 1306 2201 visitentur
1321 2175 1448 2200 maxima
1461 2183 1528 2200 cura
1544 2175 1657 2208 singule
1677 2176 1777 2201 cedulc
1792 2176 2029 2206 baccalariorum,

165 2226 194 2251 et
208 2225 341 2251 examine
355 2225 488 2258 diligenti
502 2225 601 2250 habito
617 2232 703 2258 super
718 2224 834 2250 lecturis
848 2224 884 2249 ab
899 2224 1007 2250 eisdem
1020 2223 1183 2249 baccalariis
1197 2224 1290 2249 modis
1304 2224 1466 2256 prescriptis
1479 2224 1655 2249 continuatis
1670 2225 1713 2249 vel
1727 2224 1846 2254 omissis,
1862 2232 1927 2250 vera
1942 2232 2031 2250 anno-

166 2274 237 2300 tatio
252 2274 391 2307 temporis
411 2282 461 2307 per
481 2274 674 2299 baccalarium
698 2273 840 2306 acquisiti.
858 2273 946 2298 simul
970 2273 1057 2298 etiam
1073 2274 1101 2298 et
1120 2272 1235 2305 perditi,
1256 2273 1287 2297 in
1307 2272 1391 2298 dorso
1411 2273 1564 2305 cujuslibet
1583 2273 1683 2298 cedulc
1706 2273 1881 2299 inscribatur
1900 2274 2031 2299 veridice.

166 2323 220 2349 Nec
233 2323 331 2356 aliqua
346 2331 430 2349 causa
445 2323 488 2348 vel
503 2323 649 2348 occasione
664 2322 815 2348 differatur
831 2322 885 2347 hoc
904 2329 1025 2347 examen
1048 2321 1219 2347 codularum
1241 2329 1319 2346 anno
1339 2322 1436 2346 statim
1454 2322 1549 2354 elapso
1572 2322 1643 2350 fieri,
1668 2330 1704 2347 ne
1725 2322 1820 2347 forsan
1837 2322 2031 2349 diuturnitate

167 2372 306 2405 temporis
321 2372 358 2398 ob
374 2372 548 2398 memoriani
570 2371 698 2397 hominis
713 2371 829 2397 labilem
852 2370 1011 2404 quicquam
1027 2370 1062 2396 de
1078 2370 1195 2396 veritate
1215 2370 1399 2399 obmittatur,
1423 2372 1474 2395 aut
1495 2370 1605 2403 aliquid
1623 2371 1683 2396 falsi
1703 2378 1756 2403 pro
1779 2371 1895 2397 veritate
1910 2371 1940 2396 in
1965 2371 2031 2404 ipsis

167 2420 274 2447 cedulis
288 2421 491 2447 admisceatur.

256 2469 313 2504 (15)
328 2470 401 2495 Item
423 2470 503 2503 quod
518 2470 649 2495 decetero
665 2469 760 2494 debite
776 2469 873 2500 legant
889 2468 1037 2493 baccalarii
1057 2467 1150 2493 modis
1165 2467 1308 2493 contentis
1323 2467 1353 2492 in
1373 2467 1506 2500 proximo
1526 2468 1691 2500 precedenti
1711 2468 1833 2494 articulo
1849 2469 1940 2502 spatio
1956 2476 2030 2502 qua-

167 2518 301 2551 draginta
318 2519 475 2547 mensium,
492 2520 653 2552 antequam
670 2517 866 2543 admittantur
886 2517 921 2542 ad
937 2524 1057 2542 examen
1073 2516 1186 2542 licentie
1202 2515 1368 2541 obtinende.
1386 2516 1439 2540 Ubi
1455 2523 1520 2541 vcro
1535 2516 1625 2549 aliqui
1641 2517 1791 2543 manifeste
1806 2519 2031 2550 agnoscerentur

167 2567 233 2600 plus
255 2567 355 2593 ceteris
373 2567 524 2600 profecisse
544 2569 572 2593 et
591 2568 671 2592 actus
696 2566 855 2592 scolasticos
876 2565 1030 2598 diligenter
1050 2566 1245 2598 frequentasse
1265 2566 1315 2589 aut
1335 2565 1429 2589 forsan
1450 2566 1542 2590 essent
1561 2565 1662 2598 prelati
1687 2566 1727 2591 vel
1743 2566 1843 2599 magni
1859 2566 1968 2591 nobiles
1982 2574 2029 2591 seu

168 2623 286 2649 persone
301 2616 464 2641 admodum
479 2624 587 2649 graves,
602 2617 653 2641 aut
666 2615 804 2641 licentiati
819 2615 927 2647 injure
940 2614 1023 2642 civili,
1041 2613 1108 2639 alias
1123 2615 1222 2638 tamen
1235 2613 1321 2641 docti.
1337 2613 1367 2638 in
1382 2613 1424 2638 liis
1439 2613 1548 2638 casibus
1563 2614 1669 2647 poterit
1685 2615 1803 2640 facultas
1818 2622 1864 2640 eos
1879 2615 2031 2640 admittere

166 2663 202 2690 ad
216 2664 314 2698 ipsum
328 2672 450 2690 examen
463 2664 578 2690 licentie
591 2664 804 2697 consequendo,
821 2664 842 2689 si
858 2663 946 2688 modo
960 2662 1088 2696 predicto
1103 2662 1199 2687 debite
1213 2662 1335 2694 legerint
1348 2662 1438 2695 spatio
1456 2662 1573 2695 triginta
1589 2670 1635 2688 sex
1652 2663 1808 2689 mensium.

256 2712 313 2748 (16)
326 2714 399 2739 Item
414 2714 442 2739 et
457 2713 526 2747 quia
541 2713 613 2748 (sic).

262 2801 330 2824 Bibl.
349 2802 439 2824 Arsen.
458 2801 541 2824 Paris.
558 2809 607 2824 ms.
624 2801 694 2830 1121,
707 2803 782 2831 parte
797 2800 841 2828 ΙΙΙ,
856 2808 881 2830 p.
900 2800 938 2828 20,
954 2808 966 2822 e
981 2800 1041 2821 nism
1056 2799 1237 2822 Cheltenham.
1252 2799 1320 2827 2863,
1338 2798 1412 2826 ibid.y
1429 2799 1472 2821 sol.
1487 2799 1553 2822 V111.

265 2886 286 2908 1.
305 2886 391 2916 Supra
406 2894 433 2916 p.
449 2886 494 2908 536
507 2893 546 2916 sq.
562 2898 592 2902 —-
603 2886 625 2908 2.
642 2884 721 2913 1bid.‚
735 2892 762 2915 p.
780 2884 833 2913 537,
850 2887 874 2906 et
890 2888 918 2906 n⁰
935 2884 1006 2909 11912
1024 2891 1105 2914 supra
1121 2886 1148 2905 11⁰
1164 2883 1233 2911 1697,
1251 2882 1289 2905 19.
1306 2895 1336 2899 -—
1351 2883 1372 2905 3.
1388 2883 1436 2905 Ms.
1453 2891 1458 2904 ·.
1475 2891 1485 2904 s<
1503 2883 1571 2905 scole
1585 2890 1642 2905 cnm
1660 2890 1681 2905 υ.
1698 2882 1754 2905 Υἰά.
1767 2882 1834 2904 infra
1851 2886 1878 2904 n⁰
1894 2882 1958 2904 1711.
