2488 3386
437 334 501 366 208
1006 338 1327 362 CHARTULARtUM
1362 336 1550 358 cmvi-21³5.
1588 335 1714 357 ranis,
2200 321 2298 357 [1372

526 418 690 461 Insuper,
723 416 803 460 quia
835 415 952 447 dictus
985 414 1106 446 Simon
1137 413 1252 445 eidem
1288 410 1472 444 defensori
1504 409 1641 442 dixerat
1672 408 1769 453 quod
1799 408 1913 440 dictas
1942 408 2094 452 injurias
2124 419 2193 440 una
2220 407 2298 440 vice

438 483 657 522 emendaret,
679 483 805 515 iterato
832 481 950 514 dictus
971 480 1143 513 defensor
1163 485 1304 523 ceperat
1328 478 1460 510 dictum
1485 477 1666 509 Simonem
1688 475 1730 508 ad
1753 475 1841 507 duas
1863 487 1990 507 manus
2012 486 2076 519 per
2097 474 2298 519 capucium,

438 556 469 582 et
492 549 623 581 collum
642 549 726 581 dicti
749 548 906 581 Simonis
923 547 967 579 de
985 547 1080 579 dicto
1097 545 1246 590 capucio
1268 543 1501 582 involvendo,
1519 554 1557 574 ac
1579 543 1707 574 iterum
1727 541 1864 586 pluries
1885 553 1993 586 supra
2010 541 2126 586 capud
2143 541 2297 573 eundem

439 616 617 649 Simonem
647 621 889 660 percusserat,
912 625 1015 646 suum
1045 611 1214 645 cutellum
1244 609 1484 655 evaginandO,
1507 609 1551 641 de
1579 620 1650 652 quo
1672 608 1805 640 dictum
1829 608 2011 641 Simonem
2041 608 2298 652 percussisset,

437 683 506 715 nisi
539 688 711 715 exeuntes
740 681 873 713 dictum
904 680 1133 712 defensorem
1164 677 1452 722 impedivissent.
1489 677 1656 708 Preterea
1688 675 1806 707 dictus
1840 675 2011 707 defensor
2044 674 2120 707 suis
2154 673 2299 707 famulis

437 749 574 781 dixerat
603 760 608 780 :
640 762 655 778 «
682 747 879 781 Verberate
906 747 1013 779 istum
1042 745 1249 790 garcionem
1278 743 1471 787 beujanum
1503 753 1710 774 morvosum
1739 755 1769 782 >›,
1802 753 1993 785 personam
2024 741 2109 773 dicti
2142 741 2299 774 Simonis

436 815 677 855 ostendendo,
699 826 738 847 ac
760 813 878 846 omnia
899 820 933 845 et
963 811 1106 856 singula
1133 811 1169 843 in
1196 821 1387 855 personam
1416 809 1501 841 dicti
1533 808 1691 841 Simonis
1717 808 1753 840 in
1779 807 1859 840 loco
1886 807 2045 852 publico,
2068 807 2239 841 videlicet
2262 807 2299 841 in

438 881 550 925 platea
579 881 622 913 de
644 880 773 914 Gravia
801 878 1033 912 comittendo.
1068 879 1226 920 Postque
1255 876 1374 908 dictus
1403 875 1576 907 defensor
1602 886 1619 907 a
1648 873 1754 906 nobis
1787 885 1897 918 super
1927 874 2091 906 remissis
2120 874 2298 907 dictorum

437 959 649 980 excessuum
672 947 774 979 tacita
795 946 944 979 veritate
970 951 1005 977 et
1032 955 1202 988 expressa
1229 942 1383 975 falsitate
1410 941 1548 974 litteras
1577 940 1794 973 obtinuerat.
1818 941 1936 983 Quare
1966 940 2135 985 petebant
2164 941 2298 974 dietum

437 1014 663 1046 defensorem
695 1013 731 1045 in
759 1011 909 1045 emenda
937 1010 1141 1043 honorabili
1173 1009 1241 1042 sibi
1273 1015 1306 1041 et
1337 1020 1461 1041 eorum
1484 1007 1647 1047 cuilibet,
1668 1007 1839 1040 videlicet
1866 1007 1961 1051 quod
1989 1008 2107 1040 dictus
2129 1007 2300 1041 defensor

436 1081 513 1113 sine
535 1092 621 1112 zona
643 1086 675 1112 et
697 1079 858 1123 capucio,
882 1078 990 1110 nudis
1012 1076 1180 1121 pedibus,
1203 1088 1241 1108 ac
1268 1087 1412 1107 cereum
1439 1074 1623 1107 ardentem
1656 1074 1693 1106 in
1721 1086 1826 1106 manu
1854 1074 1890 1106 in
1910 1074 2009 1107 curia
2037 1081 2159 1107 nostra
2181 1074 2300 1107 Parla-

436 1146 545 1178 menti
576 1146 611 1178 in
639 1146 731 1178 dicta
760 1145 874 1189 platea
904 1144 1048 1183 Gravie,
1071 1143 1107 1175 in
1135 1141 1425 1187 congregacione
1450 1140 1717 1176 Universitatis,
1739 1141 1776 1172 in
1804 1141 2096 1185 congregacione
2121 1140 2300 1174 facultatis

435 1213 661 1245 decretorum
685 1223 724 1244 ac
751 1211 787 1243 in
813 1210 954 1255 magnis
980 1209 1091 1242 scolis
1112 1208 1259 1241 claustri
1282 1207 1459 1247 Brunelli,
1481 1206 1567 1240 hora
1589 1206 1757 1239 lectionis
1778 1207 1822 1240 de
1844 1219 1959 1246 mane.v
1983 1207 2089 1240 dictis
2116 1206 2300 1241 actoribus

436 1278 667 1323 presentibus
688 1289 753 1310 seu
774 1277 817 1310 ab
838 1277 977 1309 eisdem
998 1275 1192 1320 deputatis,
1214 1274 1371 1320 genibus
1402 1274 1505 1306 ssexis
1533 1280 1672 1318 peteret
1701 1273 1744 1306 ab
1774 1273 1864 1318 ipsis
1886 1274 2025 1306 veniam
2054 1273 2299 1318 predictorum

436 1357 665 1385 excessuum,
686 1356 725 1376 ac
746 1344 782 1376 in
800 1343 986 1376 emendam
1008 1342 1146 1382 utilem,
1165 1341 1333 1374 videlicet
1356 1341 1450 1373 dicte
1468 1340 1703 1373 Universitati
1724 1340 1760 1372 in
1782 1339 1922 1372 duabus
1943 1339 2057 1380 mille,
2079 1340 2173 1373 dicte
2193 1339 2300 1373 facul-

432 1411 491 1444 tati
513 1412 548 1443 in
566 1410 678 1451 mille,
696 1410 792 1443 dicto
811 1409 947 1443 Simoni
969 1409 1005 1441 in
1027 1408 1139 1449 mille,
1157 1414 1192 1440 et
1212 1407 1319 1440 nobis·
1336 1407 1372 1439 in
1394 1406 1535 1439 duabus
1557 1406 1655 1439 mille
1676 1406 1782 1439 libris
1799 1406 2007 1451 parisiens,
2026 1418 2090 1439 seu
2108 1407 2145 1439 in
2166 1405 2300 1440 talibus

432 1478 594 1510 emendis
616 1489 685 1521 que
707 1477 801 1509 dicte
828 1476 928 1508 curie
958 1482 1081 1507 nostre
1102 1474 1285 1507 videbitur
1306 1473 1491 1518 expedire,
1518 1479 1553 1505 et
1578 1473 1621 1505 ad
1648 1479 1807 1505 nostram
1835 1473 1967 1506 salvam
1994 1473 2144 1517 gratiam
2167 1473 2300 1506 reinte-

431 1544 601 1589 grandam
638 1555 676 1576 ac
710 1543 747 1575 in
777 1542 942 1587 dampnis
976 1542 1156 1574 interesse
1187 1547 1222 1573 et
1250 1540 1421 1584 expensis
1455 1539 1564 1584 hujus
1598 1539 1672 1572 litis
1702 1539 1977 1584 condempnari,
2009 1551 2151 1572 necnon
2183 1539 2300 1573 dictas

431 1611 570 1643 litteras
592 1621 703 1654 super
723 1609 888 1641 remissis
910 1608 1088 1640 dictorum
1107 1618 1321 1640 excessuum
1343 1607 1420 1638 fore
1442 1605 1684 1650 subrepticias
1705 1612 1740 1638 et
1760 1606 1903 1650 iniquas
1925 1606 2172 1650 pronunciari.

521 1677 623 1709 Dicto
653 1676 846 1708 defensore
875 1687 917 1707 ex
944 1674 1098 1707 adverso
1128 1679 1354 1718 proponente
1383 1673 1481 1717 quod
1511 1673 1547 1704 in
1576 1684 1700 1705 mense
1729 1672 1925 1705 Novembri
1957 1672 2083 1705 ultimo
2111 1673 2300 1718 preterito,

433 1743 528 1775 (licto
550 1743 742 1775 defensore
763 1741 914 1774 sedente
935 1741 978 1773 ad
998 1740 1173 1785 piscidem
1195 1740 1361 1772 vinorum
1383 1739 1419 1771 in
1441 1739 1585 1780 Gravia,
1603 1740 1707 1783 cujus
1729 1739 1909 1772 firmarius
1931 1746 2018 1780 erat,
2038 1739 2156 1772 dictus
2174 1739 2298 1772 Simon

433 1809 570 1842 Thome
598 1809 713 1841 eidem
746 1807 986 1852 requisiverat
1013 1806 1110 1851 quod
1138 1805 1208 1839 sibi
1236 1806 1415 1850 aequitum
1446 1805 1603 1838 traderet
1633 1805 1676 1838 de
1707 1817 1776 1838 una
1807 1806 1907 1850 pecia
1933 1806 2008 1838 vini
2035 1818 2140 1850 quam
2168 1806 2300 1839 adduci

432 1877 566 1908 fecerat
590 1887 654 1920 per
674 1887 779 1907 unam
801 1880 984 1919 portarum
1005 1873 1133 1914 Paris,
1155 1872 1252 1917 quod
1273 1879 1357 1905 tunc
1384 1872 1525 1904 tradere
1547 1879 1778 1905 recusaverat
1798 1872 1915 1905 donec
1936 1884 2016 1905 cum
2038 1872 2135 1905 dicto
2158 1878 2299 1906 rectore

433 1943 576 1975 locutus
605 1942 747 1982 fuisset,
770 1940 816 1973 ob
842 1941 878 1973 id
906 1940 1003 1984 quod
1034 1939 1151 1972 eidem
1183 1939 1320 1972 Simoni
1348 1939 1428 1983 ipso
1458 1951 1552 1971 anno
1581 1950 1646 1983 pro
1668 1945 1749 1971 octo
1770 1939 1896 1972 caudis
1916 1939 1991 1972 vini
2022 1939 2058 1971 in
2083 1939 2161 1972 suis
2181 1939 2299 1973 vineis

433 2009 596 2041 collectis
617 2020 656 2041 ac
678 2019 742 2052 pro
764 2019 827 2040 sua
849 2007 1058 2051 provisione
1077 2006 1268 2046 asserenti,
1291 2005 1376 2038 licet
1394 2005 1498 2046 salso,
1521 2005 1577 2037 sui
1598 2005 1910 2050 contemplacione
1934 2012 1970 2038 et
1993 2006 2191 2038 amicorum
2214 2017 2299 2039 suo-

435 2087 510 2107 rum
533 2075 713 2119 aequitum
735 2073 942 2114 tradiderat,
966 2073 1136 2117 quodque
1158 2072 1356 2116 reperierat
1376 2071 1494 2104 dictus
1516 2072 1688 2104 defensor
1709 2072 1806 2116 quod
1831 2073 2002 2117 majorem
2031 2079 2165 2117 partem
2188 2072 2300 2106 dicta-

435 2153 511 2174 rum
533 2141 592 2185 viij
615 2140 808 2173 caudarum
828 2140 903 2173 vini
932 2139 1049 2172 dictus
1080 2139 1202 2172 Simon
1231 2145 1366 2171 emerat
1391 2150 1430 2170 ac
1460 2139 1497 2170 in
1525 2138 1670 2171 domum
1700 2150 1799 2171 suam
1829 2139 1866 2171 in
1888 2139 1966 2171 vico
1994 2139 2114 2172 Sancti
2141 2139 2299 2172 Dionisii

434 2208 593 2240 Parisius
615 2208 716 2240 sitam
742 2218 804 2251 pro
825 2206 1017 2239 vendendo
1039 2206 1121 2238 duci
1142 2206 1286 2246 fecerat,
1305 2205 1476 2249 quodque
1497 2205 1594 2237 dicto
1617 2205 1763 2237 Simone
1784 2205 1828 2237 de
1845 2205 1938 2238 dicta
1961 2205 2204 2250 responsione
2226 2217 2299 2238 non

434 2280 616 2313 contento,
641 2273 736 2305 dicto
758 2273 942 2305 defensori
964 2272 1101 2305 dixerat
1121 2272 1232 2316 quod,
1252 2271 1361 2304 vellet
1381 2278 1440 2304 aut
1459 2271 1584 2312 nollet,
1603 2272 1783 2316 aequitum
1807 2272 1900 2304 dicte
1922 2272 2024 2316 pecie
2041 2272 2115 2305 vini
2136 2271 2298 2314 haberet,

435 2347 467 2372 et
490 2339 535 2372 ob
556 2339 623 2372 hoc
645 2340 763 2372 dictus
785 2339 955 2371 defensor
976 2339 1071 2371 dicto
1093 2338 1230 2371 Simoni
1257 2338 1395 2371 dixerat
1419 2350 1425 2370 :
1454 2352 1470 2369 «
1495 2338 1649 2379 Recede,
1672 2337 1840 2382 bejaune,
1867 2338 1964 2371 aliud
1990 2338 2054 2371 tibi
2080 2350 2152 2371 non
2174 2338 2298 2371 faciam

436 2407 550 2439 donec
581 2418 659 2438 cum
692 2406 787 2438 dicto
822 2412 962 2438 rectore
996 2405 1140 2437 locutus
1174 2405 1290 2446 fuero,
1323 2418 1338 2435 >2
1371 2405 1581 2449 dixeratque
1612 2405 1731 2437 dictus
1767 2405 1890 2438 Simon
1920 2405 2038 2437 eidem
2074 2405 2257 2438 defensori
2289 2416 2296 2438 :

436 2488 451 2503 «
474 2474 607 2506 >Verum
640 2484 711 2504 non
740 2472 884 2513 dicitur,
915 2484 988 2504 non
1016 2483 1094 2504 sum
1123 2471 1313 2515 bejaunus.
1337 2485 1353 2501 »
1384 2472 1426 2503 Et
1455 2478 1538 2503 tunc
1567 2471 1685 2503 dictus
1713 2471 1886 2504 defensor
1911 2471 1957 2504 ob
1985 2471 2053 2504 hoc
2082 2478 2117 2503 et
2145 2471 2226 2504 aliis
2254 2471 2299 2504 de

435 2539 553 2572 causis
575 2545 693 2571 motus
710 2538 844 2571 dictum
863 2538 1044 2571 Simonem
1062 2537 1174 2570 semel
1195 2544 1255 2570 aut
1275 2537 1331 2570 his
1352 2549 1462 2582 super
1479 2537 1594 2582 capud
1616 2545 1848 2582 percusserat
1864 2545 1897 2570 et
1919 2539 2023 2582 pejus
2045 2537 2116 2570 sibi
2136 2537 2297 2579 fecisset,

435 2606 465 2638 si
493 2605 681 2638 voluisset.
706 2606 859 2649 Insuper
880 2605 965 2637 dicti
993 2611 1147 2645 actores,
1169 2604 1306 2637 ratione
1340 2604 1611 2648 precedentium
1641 2615 1872 2646 excessuum,
1894 2616 2011 2637 coram
2041 2610 2299 2638 conservatore

435 2671 709 2716 privilegiorum
733 2671 1001 2712 Universitatis,
1023 2671 1155 2703 dictum
1179 2682 1278 2702 reum
1300 2671 1460 2702 fecerant
1480 2670 1668 2703 conveniri
1689 2677 1724 2703 et
1745 2671 1900 2703 eundem
1923 2671 1959 2703 in
1981 2682 2157 2716 processu
2179 2682 2299 2703 coram

435 2739 530 2771 dicto
547 2744 801 2771 conservatore
822 2744 1012 2770 tenuerant
1032 2744 1065 2770 et
1086 2736 1267 2769 tenebant.
1291 2738 1457 2769 Preterea
1475 2737 1593 2769 dictus
1615 2736 1787 2769 defensor
1808 2737 1946 2770 litteras
1963 2737 2193 2770 remissionis
2209 2737 2299 2770 veri-

436 2811 541 2837 tatem
563 2804 644 2836 sacti
665 2804 893 2836 continentes
920 2816 939 2836 a
964 2803 1070 2836 nobis
1092 2803 1308 2835 obtinuerat.
1338 2803 1456 2845 Quare
1483 2802 1627 2847 petebat
1654 2804 1900 2847 pronunciari,
1924 2803 2041 2836 dictos
2062 2810 2203 2836 actores
2225 2814 2299 2835 non

436 2883 517 2903 esse
547 2870 788 2903 admittendos
817 2870 860 2902 ad
895 2870 1078 2914 proposita
1110 2881 1172 2914 per
1203 2881 1278 2909 eos,
1310 2876 1344 2901 et
1374 2870 1424 2901 si²
1455 2869 1743 2910 admitterentur,
1776 2882 1919 2902 causam
1950 2876 1983 2902 et
2016 2870 2193 2902 actionem
2225 2881 2298 2902 non
