2488 3386
151 337 247 374 1359]
570 349 615 371 AB
650 349 755 371 ANNo
789 348 920 370 MCCCL
953 348 1084 377 usQUE
1119 349 1167 370 An
1203 350 1470 372 nssurmc‘rum
1504 352 1595 374 x111.
1969 345 2011 377 65

149 422 324 468 theologi,
347 429 382 455 et
407 429 531 468 postea
559 422 701 463 medici,
732 422 769 454 in
795 421 941 454 sinistra
967 433 1053 454 vero
1082 421 1276 455 decretiste
1305 429 1338 455 et
1365 430 1489 467 postea
1517 424 1653 465 artiste,
1678 437 1757 457 cuin
1785 425 1952 469 quibus¹⁰
1979 422 2013 459 et

149 496 280 527 rector,
305 489 434 522 sedere
455 495 735 522 consueverunt.
763 489 887 532 Itaque
908 487 944 519 in
966 487 1058 520 dicta
1081 488 1203 520 dextra
1225 495 1324 532 parte
1345 490 1527 534 antiquior
1548 496 1631 522 tunc
1657 491 1879 534 presentium
1901 492 2013 537 inagi-

150 562 224 589 ster
244 555 438 600 theologus
465 566 527 600 pre
548 554 629 587 aliis
658 553 841 598 magistris
869 553 1039 586 collocari
1070 555 1272 595 consuevit,
1300 561 1334 587 et
1362 555 1398 587 in
1427 556 1622 588 offertoriis
1649 556 1824 589 faciendis
1852 564 1886 590 et
1915 558 2012 602 pacis

150 621 314 655 osculum
343 621 567 666 recipiendo,
597 620 692 653 idem
720 620 894 665 magister
914 620 1097 664 antiquior
1121 632 1200 653 cum
1229 621 1360 653 ceteris
1391 621 1467 654 suis
1496 622 1763 667 cummagistris
1792 635 1854 667 pre
1882 624 2013 656 ceteris

150 687 334 733 magistris
350 687 556 720 facultatum
573 686 745 719 honorari
763 686 969 726 consuevit3
989 698 1131 719 necnon
1149 693 1181 719 et
1200 686 1367 719 similiter
1383 687 1419 719 in
1442 688 1742 732 processionibus
1759 689 2013 722 Universitatis

150 754 326 799 ejusdem.
352 753 522 796 Quinimo
544 759 579 785 et
602 765 620 785 a
648 752 836 785 nonnullis
858 764 945 797 sepe
968 759 1002 785 et
1029 752 1167 797 pluries
1196 750 1352 785 delatum
1375 749 1584 797 est¹¹¹quod
1610 754 1704 786 idem
1728 761 1847 787 rector
1867 755 1903 787 in
1924 755 2015 788 infe-

148 820 236 853 riori
270 820 357 853 sede
392 831 456 853 seu
491 819 658 852 cathedra
693 818 823 852 subtus
856 818 1097 863 antiquiorem
1133 819 1356 864 [magistrum
1389 819 1437 860 in]
1474 819 1656 865 theologia
1691 820 1785 853 sedit
1819 827 1854 853 et
1887 821 2015 854 sedere

148 886 350 920 consuevit.

237 953 334 985 XXI.
362 953 450 985 Item
473 959 508 986 et
534 952 631 998 quod
657 952 795 985 eisdem
823 958 964 984 rectore
993 958 1027 984 et
1055 951 1222 984 facultate
1250 952 1392 993 artium,
1420 952 1497 984 suis
1525 953 1689 985 terminis
1722 965 1794 985 non
1822 954 2014 989 contentis,

149 1019 243 1052 idem
268 1025 388 1052 rector
411 1030 497 1064 sepe
521 1025 671 1052 conatus
696 1025 751 1051 est
776 1024 993 1063 procurante
1019 1024 1054 1051 et
1080 1016 1148 1050 hoc
1173 1018 1326 1050 faciente
1351 1018 1542 1059 facul[tate]
1568 1019 1604 1050 in
1632 1019 1722 1063 ipsis
1748 1019 1885 1061 missis,
1912 1020 2018 1052 offer-

150 1085 265 1126 toriis,
293 1085 391 1130 pacis
420 1085 569 1126 osculis,
597 1085 731 1118 divinis
759 1085 888 1117 officiis
918 1091 951 1117 et
984 1084 1285 1129 processionibus
1316 1096 1355 1116 ac
1386 1085 1618 1118 sermonibus
1649 1086 1867 1130 supradictis
1898 1086 2016 1118 locum

149 1151 235 1184 dicti
256 1151 419 1196 magistri
436 1151 598 1196 theologi
620 1151 835 1196 antiquioris
853 1162 1029 1195 usurpare
1046 1157 1081 1183 et
1101 1150 1171 1183 sibi
1188 1148 1436 1195 appropriare,
1455 1151 1564 1183 eciam
1583 1151 1774 1193 violenter,
1794 1152 1829 1184 in
1850 1152 2016 1196 injuriam

149 1218 404 1251 Universitatis
426 1218 589 1262 ejusdem
612 1224 647 1250 et
667 1218 858 1262 presertim
881 1217 1064 1262 theologie
1084 1216 1263 1249 facultatis
1285 1217 1503 1261 supradicte.
1783 1214 1785 1216 ¹

237 1285 353 1317 XXII.
381 1285 469 1317 Item
487 1291 522 1317 et
542 1284 578 1316 in
600 1291 735 1317 tantum
753 1284 850 1328 quod
871 1295 951 1316 cum
974 1283 1069 1316 bone
1090 1283 1264 1315 memorie
1285 1284 1394 1316 frater
1415 1285 1552 1323 Pastor,
1571 1284 1744 1329 magister
1764 1285 1800 1316 in
1822 1284 2016 1330 theologia,

150 1357 186 1384 et
205 1357 289 1384 tunc
310 1350 608 1396 archiepiscopus
636 1350 914 1383 Ebrodunensis
944 1357 979 1383 et
1008 1350 1107 1382 sedis
1134 1349 1333 1394 apostolice
1363 1350 1532 1391 nuncius,
1561 1351 1674 1383 semel
1707 1351 1840 1384 sedens
1868 1352 1904 1383 in
1933 1352 2019 1384 sede

150 1417 268 1450 a-Itiori
290 1417 326 1450 in
347 1417 497 1462 quadam
520 1417 630 1450 missa
651 1417 687 1449 in
710 1417 839 1450 Sancto
863 1417 1045 1450 Germano
1074 1416 1118 1449 de
1149 1417 1277 1457 Pratis,
1304 1416 1366 1448 ubi
1397 1423 1481 1448 tunc
1512 1423 1586 1449 erat
1607 1417 1846 1458 Universitas,
1873 1418 2019 1462 cognito

150 1495 214 1517 seu
235 1483 326 1525 [viso
343 1484 457 1529 quod]
473 1483 524 1516 ibi
545 1483 730 1516 sedebat¹²
748 1490 787 1516 ut
807 1483 989 1528 antiquior
1006 1483 1180 1526 magister
1200 1483 1236 1515 in
1254 1482 1450 1528 theologia,
1469 1483 1536 1515 fuit
1555 1483 1598 1515 ab
1619 1484 1696 1528 ipsa
1715 1483 1801 1516 sede
1822 1496 1887 1528 per
1903 1485 2020 1517 dictos

152 1551 329 1583 rectorem
352 1557 386 1583 et
411 1550 613 1583 facultatem
637 1550 763 1583 artium
787 1550 979 1590 violenter,
1002 1549 1107 1582 etiam
1136 1549 1290 1594 turpiter
1310 1550 1501 1593 ejectus¹⁸3
1527 1562 1669 1582 necnon
1691 1556 1723 1582 et
1746 1551 1921 1594 [quadam]
1942 1551 2019 1583 vice

151 1616 325 1662 magister
346 1616 530 1650 Johannes
554 1617 598 1649 de
621 1616 895 1656 Cainberonast,
922 1616 1096 1660 magister
1118 1616 1154 1648 in
1182 1613 1377 1660 theologia,
1406 1622 1490 1648 tunc
1516 1616 1698 1660 antiquior
1723 1612 1918 1661 theologus
1944 1629 2021 1661 pre-

152 1694 250 1724 sens,
268 1695 348 1716 cum
367 1683 512 1716 sederet
532 1683 568 1715 in
590 1683 743 1716 ecclesia
766 1683 885 1715 Sancti
911 1682 1094 1721 Maturini,
1114 1682 1209 1723 [dum
1232 1682 1490 1723 celebraretur]
1512 1683 1621 1715 inissa
1640 1682 1733 1715 dicte
1752 1683 2018 1721 Universitatis,

151 1749 187 1782 in
209 1749 296 1782 sede
318 1750 463 1794 potiori,
490 1756 529 1782 ut
556 1750 588 1782 ei
613 1750 713 1794 juxta
736 1750 998 1794 prerogativam
1022 1749 1278 1785 Universitatis
1300 1748 1541 1789 incombebat,
1565 1755 1600 1781 et.
1620 1749 1828 1782 successive
1850 1750 2022 1794 magister

151 1816 362 1849 Leonardus
383 1816 484 1857 [Ord.
510 1817 702 1849 Servorum
715 1816 743 1856 P]
765 1817 873 1848 Beate
896 1815 1021 1855 Marie,
1040 1815 1214 1859 magister
1235 1812 1271 1847 in‘
1293 1811 1489 1860 theologia,
1508 1827 1587 1847 cum
1611 1815 1721 1848 simili
1744 1816 1851 1847 modo
1873 1822 1911 1848 ut
1931 1816 2021 1848 anti-

152 1882 258 1927 quior
278 1882 423 1915 sederet
450 1894 456 1915 :
486 1894 551 1927 per
572 1882 687 1915 dictos
709 1882 887 1915 rectorem
909 1889 944 1914 et
971 1881 1174 1914 facultatem
1203 1882 1331 1914 artium
1359 1881 1539 1914 violenter
1565 1888 1599 1914 et
1630 1882 1858 1922 mamial[iter
1880 1882 2022 1926 expulsi

151 1949 322 1990 fuerunt],
349 1949 429 1993 ipso
456 1956 598 1981 rectore
620 1949 728 1981 sedes
757 1955 791 1981 et
820 1948 896 1981 loca
922 1949 1083 1993 ipsorum
1107 1946 1363 1993 magistrorum
1387 1948 1438 1980 sic
1460 1944 1694 1992 expulsorum
1717 1948 1786 1981 sibi
1807 1944 2020 1981 vendicante

153 2015 474 2060 et'appropriante,
501 2015 700 2060 quamvis¹⁵
723 2014 952 2059 postmodum
976 2015 1062 2047 dicti
1091 2021 1210 2047 rector
1231 2020 1265 2046 et
1293 2014 1349 2046 sui
1377 2014 1413 2046 in
1441 2014 1508 2046 hoc
1530 2014 1740 2059 compssices
1770 2014 1813 2047 ab
1841 2010 1921 2059 ipso
1952 2010 2022 2055 se]-'

153 2081 251 2114 ducti
272 2093 289 2114 a
311 2081 406 2114 dicto
427 2081 513 2114 bon.
536 2093 642 2114 mein.
667 2081 813 2113 domino
836 2083 982 2114 Pastore
1006 2081 1144 2114 veniam
1176 2081 1363 2125 pecierunt
1394 2092 1505 2125 super
1532 2081 1648 2125 ipsius
1670 2081 1847 2125 ejectione
1874 2082 2020 2126 prefata.

241 2149 375 2180 XXIII.
403 2149 489 2180 Item
513 2154 548 2180 et
569 2148 665 2192 quod
688 2148 851 2192 quamvis
873 2148 909 2179 in
931 2147 1092 2180 articulis
1113 2147 1350 2191 negociorum
1380 2147 1595 2191 supratactis
1618 2147 1710 2180 dicte
1738 2154 1811 2180 tres
1837 2148 2023 2180 facultates

154 2214 351 2259 theologie,
373 2214 601 2247 decretorum
625 2221 660 2247 et
680 2214 860 2246 medicine
882 2214 959 2246 suis
980 2214 1222 2259 prerogativis
1245 2220 1277 2246 et
1303 2213 1506 2246 honoribus
1528 2226 1590 2258 pre
1612 2214 1692 2258 ipso
1714 2221 1854 2246 rectore
1876 2215 1936 2258 qui
1958 2226 2022 2258 pro

153 2287 315 2325 tempore
335 2280 403 2313 suit
423 2287 458 2313 et
478 2287 544 2321 est,
573 2280 687 2325 gavisi
709 2280 843 2312 fuerint
867 2280 1041 2312 hactenus
1063 2286 1097 2312 et
1118 2280 1311 2324 gaudeant,
1337 2279 1540 2312 observatis
1570 2279 1745 2324 gradibus
1772 2287 1809 2312 etv
1831 2280 2022 2312 ordinibus

153 2347 361 2388 earundem,
391 2347 515 2392 sicque
547 2347 660 2379 inulto
691 2347 807 2391 inagis
837 2346 872 2378 in
903 2346 974 2379 hiis
1008 2358 1078 2391 que
1109 2346 1229 2379 divina
1260 2343 1490 2391 contingunt,
1520 2346 1680 2390 gaudere
1711 2342 1899 2387 deberent,
1930 2347 2023 2378 sicut

153 2414 340 2446 retroactis
371 2413 596 2458 temporibus
625 2413 741 2458 gavisi
768 2414 912 2445 fuerunt
942 2425 948 2445 2
976 2419 1249 2457 verumptamen
1279 2413 1372 2444 idem
1401 2409 1557 2444 rectora
1584 2412 1772 2445 nonnullis
1799 2413 2022 2457 temporibus

153 2480 239 2513 eitra
261 2480 297 2512 in
318 2480 573 2513 interessentia
596 2480 815 2520 divinorum,
834 2479 870 2511 in
889 2479 1022 2524 quibus
1039 2479 1266 2512 I‘niversitas
1288 2478 1477 2511 consuevit
1499 2474 1640 2514 adesse,
1661 2486 1728 2511 tam
1750 2479 1786 2511 in
1809 2476 1895 2511 sede
1917 2473 2023 2523 quani

153 2546 191 2578 in
211 2547 459 2591 processione,
487 2546 733 2581 sermonibus,
760 2545 955 2578 offertoriis
982 2553 1015 2578 et
1044 2546 1142 2590 pacis
1170 2545 1306 2578 osculis
1333 2545 1566 2590 recipiendis,
1591 2546 1875 2590 precessionein,
1899 2557 2023 2589 prero-

154 2612 305 2657 gativam
329 2619 364 2645 et
385 2613 601 2657 primitatein
621 2613 691 2645 sibi
713 2613 918 2645 vendicavit
939 2619 972 2645 et
989 2610 1156 2645 vendicat
1177 2608 1391 2644 indebitect
1412 2606 1559 2656 injuste,
1579 2611 1615 2643 in
1636 2612 1752 2656 ipsius
1770 2606 2024 2644 Universitatis

154 2677 402 2724 dictarumque
432 2680 537 2712 trium
560 2679 765 2712 facultatum
789 2678 952 2723 ejusdem
976 2685 1011 2711 et
1039 2678 1229 2723 presertim
1260 2673 1668 2722 [facultatistheologie]
1691 2672 2022 2721 dedecus,vitupe-

153 2744 258 2786 pium,
277 2745 492 2778 scandalum
514 2758 585 2778 non
603 2745 788 2778 modicum
812 2752 847 2778 et
861 2746 1050 2789 jacturam.
1759 2740 1762 2743 ’

161 2817 195 2842 »ω
231 2811 394 2845 XXIIII.
422 2813 510 2855 Item
540 2819 575 2845 et
604 2812 640 2844 in
668 2818 807 2844 tantum
838 2812 935 2856 quod
966 2811 1255 2856 dietikmagistri,
1288 2807 1472 2854 theologie
1503 2810 1707 2855 presertim,
1731 2810 1772 2842 ad
1799 2810 1875 2854 ipsa
1904 2809 2025 2841 divina

154 2877 271 2910 officia
308 2890 373 2922 per
390 2879 685 2920 rUnive-rsitatem
710 2878 806 2910 fieri.
825 2877 998 2919 consucta
1029 2884 1089 2910 aut
1110 2874 1215 2918 *alias*
1239 2877 1385 2910 noviter
1410 2876 1573 2914 ordinata
1602 2887 1811 2920 comparere
1839 2881 1872 2907 et
1901 2874 2024 2907 venire

277 2940 322 2955 *ss
348 2936 442 2961 Chart.
465 2936 543 2960 Univ.
562 2937 654 2961 Paris.
674 2936 718 2959 111.
1879 2933 1899 2954 -9
