2488 3386
482 344 544 376 194
1054 351 1369 374 ann'rULmuum
1405 349 1593 371 UNIVERS.
1630 349 1758 370 rmus.
2118 370 2120 372 ,
2236 335 2333 371 [1371

477 427 543 457 gorii
560 427 591 450 XI
607 435 687 458 supra
702 427 787 453 editis,
803 427 887 457 primo
907 434 952 457 per
971 425 1160 457 [Guillelinum]
1176 428 1308 447 caiitorem
1325 424 1475 447 installatus
1494 426 1533 446 cst
1551 426 1578 445 ut
1595 422 1764 445 canonicus7.
1785 431 1795 444 (ι
1817 422 1849 445 Et.
1868 421 1919 444 hiis
1936 421 2002 444 netis
2019 421 2068 444 suit
2084 424 2204 452 receptus
2222 421 2255 444 ad
2272 430 2336 445 can—

476 471 608 493 cellariam
624 471 649 493 in
663 471 846 494 cancellarium
866 470 947 493 Paris.
965 470 1080 500 predicte
1097 469 1234 500 [ecclesie].
1250 469 1354 491 Juravit
1370 468 1450 499 igitur
1467 467 1542 490 modo
1562 470 1586 489 ot
1602 468 1685 489 forma
1701 467 1828 489 contentis
1846 466 1872 488 in
1888 465 2091 490 Pastoralibus.
2108 465 2187 488 videl.
2206 468 2334 489 statutum

479 516 574 537 savium
596 524 642 546 per
664 515 867 546 Gre[gorium]³‘‚
889 514 942 546 [de]
960 514 1137 545 1·esiden[‹lo]⁹
1160 517 1184 535 et
1205 513 1281 544 plura
1305 513 1356 535 ulia
1377 515 1473 535 statuta
1544 512 1654 542 Insuper
1676 510 1797 534 dominus
1818 510 1931 532 decanus
1953 509 2076 541 [Jacohus
2101 509 2205 541 Divitis]
2226 510 2337 533 tradidit

476 559 580 582 ‹lomino
595 559 697 582 officiali
710 559 792 582 Paris,
807 562 929 589 tanquam
946 558 1128 581 commissario
1144 558 1212 580 dom.
1229 557 1345 588 episcopi
1363 556 1448 580 Paris.
1464 556 1552 586 sigilla
1571 555 1689 586 capituli,
1706 563 1756 586 que
1771 554 1886 577 habebat
1900 562 1980 585 penes
1996 562 2024 577 se
2041 554 2155 577 decanus
2171 554 2332 585 prelibatusu

474 606 499 625 et
513 603 597 626 (lictus
612 603 728 626 officialis
746 603 854 626 tradidit
868 603 937 626 (licto
949 603 1104 625 cancellario
1117 601 1266 632 hujusmodi
1282 602 1377 624 claves.
1390 601 1421 624 Et
1434 603 1494 631 post
1507 599 1656 631 hujusmodi
1670 599 1841 622 tradicionem
1852 598 1965 622 clavium
1983 598 2031 622 suit
2042 598 2193 621 installatus
2206 602 2333 630 tanquam

474 647 652 670 rant-ellarius,
671 647 765 670 Deinde
780 651 866 670 autem
882 651 1005 678 tanquam
1020 646 1192 669 cancellarius
1216 645 1264 668 fuit
1287 645 1378 668 iterato
1400 645 1522 667 stallatus
1538 644 1564 667 in
1585 644 1664 666 choro
1680 643 1704 666 in
1722 643 1809 666 altiori
1833 643 1894 666 sede
1915 642 2022 665 sinistre
2039 642 2123 673 partis
2137 651 2230 666 versus
2247 643 2332 674 majus

473 691 563 719 altare,
580 695 604 714 et
620 692 692 714 locus
710 691 733 714 in
751 692 865 722 capitulo
882 700 895 713 a
909 691 1016 713 sinistra
1032 694 1105 721 parto
1118 690 1191 720 juxta
1203 689 1336 712 dominum
1351 689 1477 711 decanum
1491 688 1541 711 sibi
1554 688 1706 719 assignatus
1723 698 1734 709 υ
1750 687 1835 717 (Arch.
1854 690 1906 710 nat.
1924 687 2006 710 Paris.
2021 687 2068 710 LL.
2088 687 2140 715 107,
2154 695 2181 718 p.
2197 687 2261 716 601).

567 767 588 789 1.
605 766 749 790 Grimerius
765 775 806 789 an.
826 767 892 793 1370,
911 766 1002 789 Octob.
1021 766 1055 793 1‘3,
1072 765 1140 788 diem
1159 773 1311 796 supremum
1327 763 1392 787 obiit
1408 763 1495 793 (Arch.
1512 766 1563 786 nat.
1583 763 1667 786 Paris.
1687 763 1735 786 LL.
1755 762 1809 790 107,
1830 771 1857 793 p.
1875 763 1939 790 536).
1956 762 2033 790 lbid.,
2050 770 2075 792 p.
2091 763 2144 790 538,
2161 765 2246 785 exstat
2259 762 2331 794 ejus—-

473 811 529 833 dom
554 814 745 838 testamentum.
769 819 810 833 an.
831 811 898 837 1363,
915 810 1025 841 Augusti
1048 811 1069 837 3,
1094 811 1249 834 confectum.
1267 819 1275 830 u
1296 808 1398 839 signeto
1420 816 1467 830 suu
1490 807 1671 838 subscriptum
1694 810 1719 830 et
1743 806 1831 838 sigillo
1855 806 2011 829 cancellarie
2034 806 2181 837 sigillatum
2199 815 2221 830 u.
2242 807 2331 831 Voluit

474 855 578 885 sepeliri
594 864 603 876 n
619 855 651 877 nd
669 855 777 877 Domum
794 855 837 877 Dei
855 864 865 876 »
881 854 968 885 ibique
986 854 1047 885 poni
1070 853 1136 876 inter
1154 856 1269 875 mortuos
1287 862 1297 874 «
1314 852 1339 875 in
1357 853 1427 875 fossa
1441 851 1571 874 communi
1585 860 1591 874 t
1612 851 1655 882 (cs.
1671 851 1749 874 etiam
1765 852 1946 879 Hemeraeum,
1959 851 1999 874 De
2011 852 2091 874 acad.
2104 851 2207 878 Paris„
2223 859 2251 883 p.
2265 851 2328 881 132).

471 899 579 929 Legavit
592 902 691 929 partem
706 899 832 921 bonorum
847 898 937 921 Domui
954 898 1007 926 Dei,
1023 897 1136 920 fabricae
1149 897 1211 921 eccl.
1224 897 1318 925 Paris„
1331 896 1486 924 Praedicta„
1500 896 1602 923 Minor„
1616 895 1765 926 Augustin„
1782 895 1902 922 Can-mel„
1922 896 1980 918 frat.
1995 894 2173 924 Vallisschol.,
2186 896 2211 918 S.
2226 895 2329 919 Mathu-

470 943 529 966 rini.
542 943 619 965 Bonis
635 943 723 974 pueris
735 942 854 973 aliisque.
869 942 1009 965 Residuum
1025 941 1124 972 legavit
1140 941 1265 964 frutribus
1279 941 1333 963 suis
1350 940 1485 971 magistris
1502 940 1628 963 Rollando
1644 943 1669 962 et
1686 939 1815 962 Matthaeo
1831 947 1860 962 ac
1875 939 2019 962 Rolandino
2033 939 2121 970 nepoti
2137 947 2193 966 suo,
2204 939 2328 969 scholari,

471 998 480 1009 α
499 990 526 1010 ut
540 987 634 1017 prefati
656 988 748 1010 fratres
768 995 826 1009 eum
844 989 947 1009 teneant
963 986 988 1008 in
1009 985 1086 1008 scolis
1103 986 1134 1008 nd
1157 985 1243 1008 minus
1263 993 1310 1015 per
1329 993 1373 1007 sex
1393 992 1484 1011 annos,
1505 984 1647 1007 dummodo
1666 983 1808 1014 profecerit
1826 983 1852 1006 in
1873 983 1990 1011 scientia,
2015 984 2132 1006 moribus
2148 986 2175 1007 et
2195 983 2249 1007 vita
2265 992 2329 1008 1².—

467 1032 489 1054 2.
506 1031 597 1054 Octob.
614 1032 651 1060 20,
668 1039 709 1053 nn.
725 1031 791 1053 1370.
812 1044 834 1046 μ
853 1031 875 1053 3.
894 1031 923 1053 Et
940 1030 1054 1061 quidem,
1072 1029 1192 1060 quamvis
1207 1029 1316 1060 paroch.
1335 1029 1366 1051 de
1382 1028 1533 1051 Ansneviltu
1549 1029 1651 1051 Rotam.
1667 1027 1749 1051 dioec.
1767 1030 1792 1050 et
1803 1027 1829 1050 in
1845 1027 1929 1050 Paris.
1945 1028 2009 1050 eccl.
2027 1028 2211 1052 canonicatum
2227 1028 2327 1052 hahue-

465 1075 499 1097 rit
511 1079 536 1097 ct
551 1075 725 1105 praebendam
747 1074 942 1105 exspectaverit.
978 1089 986 1090 η
1002 1075 1024 1097 li.
1043 1074 1175 1096 Johannes
1198 1073 1360 1099 Bassemain,
1379 1073 1410 1095 de
1426 1081 1477 1103 quo
1492 1072 1547 1102 jam
1563 1080 1657 1103 supra.
1674 1085 1699 1089 --
1719 1074 1741 1095 5.
1761 1072 1853 1095 Petrus
1870 1073 1893 1101 (c
1914 1071 2066 1101 Salicibus).
2083 1072 2136 1103 qui,
2154 1081 2213 1095 cum
2235 1073 2329 1097 fuisnet

465 1119 537 1149 prior
552 1120 577 1142 S.
595 1118 713 1146 Victoris,
731 1127 771 1142 an.
789 1119 856 1145 1367,
875 1119 940 1149 Aug.
962 1119 984 1145 4,
1002 1121 1062 1148 post
1076 1118 1174 1140 obitum
1198 1117 1334 1143 Bernurdi,
1358 1117 1527 1139 confirmatus
1551 1119 1591 1139 est
1611 1116 1637 1139 in
1659 1116 1783 1139 abbatem
1806 1117 1831 1139 S.
1857 1116 1967 1139 Victoris
1991 1117 2064 1147 (sseg.
2085 1118 2164 1140 Aven.
2180 1117 2281 1141 Urbani
2296 1117 2327 1146 V,

463 1163 514 1186 vol.
531 1163 581 1189 XV,
599 1164 615 1186 f.
631 1164 679 1191 64).
696 1176 725 1179 —
740 1165 763 1185 (3.
780 1163 797 1185 1.
815 1171 837 1185 e.
854 1162 972 1185 johanne
987 1162 1066 1193 Ogeri
1080 1162 1111 1184 de
1127 1163 1151 1184 S.
1170 1161 1302 1190 Medardo,
1317 1161 1347 1184 de
1367 1169 1418 1192 quo
1438 1160 1548 1191 pluries.
1561 1174 1591 1177 —
1607 1161 1629 1183 7.
1649 1160 1699 1183 Sed
1712 1160 1767 1191 jam
1783 1168 1826 1184 an.
1849 1161 1916 1188 1368,
1934 1160 2054 1184 Decemb.
2071 1162 2095 1190 la,
2113 1161 2212 1186 Urban.
2233 1161 2252 1185 V
2267 1169 2325 1185 eum

461 1206 613 1229 canonicum
629 1206 711 1229 Paris.
726 1206 869 1229 nominavit
883 1207 953 1237 (ch.
971 1208 1049 1229 Avcn.
1066 1206 1129 1229 Urb.
1148 1207 1175 1229 Υ,
1191 1206 1242 1228 vol.
1257 1206 1319 1232 xxi,
1338 1207 1354 1229 f.
1371 1205 1435 1233 371).
1448 1219 1475 1222 —
1491 1206 1513 1227 8.
1532 1205 1588 1228 Vid.
1603 1205 1742 1232 CharluL,
1755 1205 1775 1233 I,
1787 1209 1815 1227 n⁰
1829 1206 1867 1228 79.
1883 1219 1908 1221 -
1921 1206 1944 1228 9.
1963 1206 2095 1228 Statutnm
2110 1205 2228 1236 Hugonis
2243 1205 2326 1237 episc.

463 1259 504 1273 an.
520 1251 588 1278 1207,
604 1250 668 1273 ibid.
686 1255 714 1273 n⁰
728 1252 751 1274 6.

464 1350 603 1386 1363.
627 1367 642 1384 <4
660 1360 775 1384 statuta
797 1361 878 1393 facta
900 1367 975 1384 anno
996 1359 1109 1384 Domini
1134 1357 1284 1383 millesimo
1310 1359 1376 1384 CCC
1393 1357 1615 1392 septuagesimo,
1642 1357 1774 1383 vicesima
1791 1358 1881 1383 tercia
1906 1357 1953 1384 die
1976 1359 2120 1391 Ianuarii,
2147 1368 2201 1394 que
2221 1359 2325 1386 debent

546 1407 672 1442 quolibet
686 1416 761 1433 anno
777 1407 833 1442 legi
849 1417 907 1432 cum
925 1407 992 1432 aliis
1010 1416 1063 1442 que
1076 1406 1167 1433 solent
1183 1406 1267 1441 legi»
1284 1407 1312 1432 in
1321 1407 1505 1432 decretorum
1520 1406 1672 1440 facultate.

1640 1465 1711 1494 1371,
1727 1465 1846 1491 «Ianuarii
1857 1465 1902 1494 23,
1919 1465 2033 1491 Parisiis.

545 1536 632 1568 Cum
662 1536 708 1567 sit
741 1535 847 1567 nimis
874 1534 1083 1575 absurdum,
1117 1541 1152 1567 ut
1184 1535 1265 1579 quis
1295 1546 1375 1567 cum
1405 1535 1559 1567 vanitate
1590 1541 1625 1567 et
1654 1534 1841 1579 impericia
1870 1534 1913 1567 ad
1944 1534 2119 1568 honorem
2151 1536 2324 1570 ascendat

457 1601 590 1645 pei-icie-
612 1601 789 1642 litteralis,
808 1613 875 1634 nos
893 1601 1051 1633 decanus
1068 1607 1103 1633 et
1123 1601 1315 1645 collegium
1339 1600 1517 1633 facultatis
1535 1601 1763 1633 decretorum
1786 1601 2003 1634 Parisiensis
2025 1608 2162 1635 matura
2182 1601 2322 1636 delibe-

457 1667 592 1699 ratione
621 1667 805 1712 prehabita
833 1679 897 1711 pro
919 1667 1122 1707 statuendo,
1146 1674 1182 1699 ut
1211 1667 1322 1699 moris
1344 1674 1409 1707 est,
1439 1666 1554 1699 tribus
1576 1667 1705 1699 edictis
1732 1667 1934 1700 solenniter
1957 1668 2129 1708 evocatis,
2151 1669 2320 1702 conside-

457 1740 575 1766 rantes
597 1734 691 1778 quod
714 1746 792 1765 cum
816 1746 880 1778 pro
902 1746 956 1773 eo,
980 1734 1076 1778 quod
1099 1746 1170 1766 non
1192 1734 1355 1778 impediti
1377 1734 1412 1765 in
1434 1734 1626 1766 audiendis
1648 1734 1792 1779 legibus
1815 1734 1974 1767 Parisius
1992 1747 2063 1767 non
2083 1735 2321 1770 admittuntur
2343 1768 2345 1770 .

454 1799 496 1831 ad
519 1799 702 1839 lecturam,
725 1800 795 1832 nisi
817 1800 853 1831 in
874 1800 982 1832 certis
1009 1799 1234 1844 temporibus
1260 1799 1362 1844 leges
1384 1800 1600 1840 audiverint,
1630 1800 1789 1844 plurimi,
1813 1801 1874 1845 qui
1896 1800 1999 1846 leges
2019 1813 2092 1834 non
2111 1802 2317 1842 audierunt,

452 1865 627 1909 habentes
654 1865 711 1898 hic
739 1866 906 1898 audiendi
939 1873 969 1897 ct
1003 1866 1173 1898 studendi
1195 1866 1473 1910 oportunitatem
1503 1866 1546 1898 ab
1576 1866 1786 1911 hujusmodi
1815 1867 1982 1900 facultate
2010 1867 2256 1901 distrahantur
2285 1874 2320 1902 et

455 1932 671 1976 quandoque
693 1932 837 1976 penitus
859 1938 1075 1964 revocentur
1094 1944 1099 1963 :

546 1998 758 2031 Statuimus¹
783 2005 817 2030 et
837 1998 1046 2031 ordinamus
1068 1999 1170 2031 etiam
1195 1999 1397 2031 revocando
1419 2006 1453 2032 et
1478 2000 1683 2044 supplendo
1705 2001 1748 2033 ad
1774 2000 1840 2033 alia
1863 2007 2006 2041 statuta,
2029 2001 2126 2046 quod
2147 2001 2317 2035 decetero
2344 1994 2361 2008 ⁵

455 2065 490 2096 in
513 2065 637 2096 formis
658 2065 809 2097 inferius
831 2065 1019 2097 declaratis
1041 2065 1193 2109 quilibet
1213 2065 1256 2097 ad
1278 2065 1448 2098 lecturam
1471 2073 1506 2098 et
1526 2066 1705 2099 licentiam
1728 2067 1948 2108 admittatur,
1966 2067 2105 2100 etiamsi
2127 2079 2192 2100 nec
2214 2067 2316 2114 leges

455 2130 643 2171 audiverit,
667 2142 732 2163 nec
753 2131 789 2162 in
810 2131 900 2175 ipsis
921 2131 1112 2163 audiendis
1133 2131 1297 2163 habuerit
1319 2132 1466 2176 aliquod
1486 2132 1797 2177 impedimentum.

543 2198 643 2235 ltem,
666 2197 762 2241 quod
784 2197 905 2229 nullus
926 2197 961 2229 in
991 2198 1103 2230 forma
1131 2198 1340 2242 legistarum
1363 2198 1418 2239 [ad
1442 2198 1612 2231 lecturam
1643 2200 1912 2241 decretalitun]²
1935 2200 2159 2241 admittatur,
2182 2200 2252 2233 nisi
2277 2200 2314 2233 in

454 2263 574 2295 studio
591 2263 751 2307 generali
772 2263 828 2296 vel
849 2263 885 2295 in
907 2264 1037 2296 studiis
1054 2264 1287 2308 generalibus
1310 2264 1424 2310 [leges
1444 2266 1622 2299 audiverit
1643 2278 1707 2311 per
1728 2267 1826 2311 xxiiij
1850 2279 1996 2300 menses
2017 2267 2053 2299 in
2072 2266 2188 2300 tribus
2209 2267 2314 2300 annis

454 2329 496 2361 ad
523 2329 653 2363 minus,
677 2336 711 2361 et
731 2329 931 2362 decretales
957 2342 1020 2374 per
1041 2337 1182 2374 tempus
1203 2331 1406 2372 consimile,
1429 2331 1600 2373 scilicet]³
1622 2333 1658 2365 in
1680 2332 1796 2366 tribus
1817 2333 1922 2366 annis
1947 2345 2012 2378 per
2031 2333 2129 2378 xxiiij
2153 2345 2310 2375 menses,

454 2395 488 2426 in
510 2395 642 2439 quibus
673 2395 786 2428 tribus
807 2396 923 2436 annis,
950 2396 1006 2428 vel
1034 2396 1215 2429 ordinarie
1237 2397 1293 2429 vel
1322 2398 1618 2439 extraordinarie,
1641 2399 1820 2432 audiverit
1847 2399 2030 2432 decretum
2063 2406 2098 2432 et
2118 2399 2310 2432 lectionem

453 2461 691 2493 matutinalem
715 2461 831 2493 saltim
853 2473 916 2506 per
936 2474 979 2494 xx
1005 2474 1161 2502 menses,
1185 2464 1268 2495 nec'·
1299 2470 1381 2496 tunc
1410 2465 1465 2504 [ad
1495 2464 1667 2497 lecturam
1694 2466 1933 2506 admittatur]³
1957 2466 2027 2498 nisi
2049 2466 2272 2499 examinatus
2292 2478 2310 2499 a

450 2526 607 2571 collegio
629 2526 685 2559 vel
706 2528 829 2570 majori
852 2534 949 2572 parte
972 2532 1048 2568 [seu
1070 2529 1250 2573 deputatis
1271 2530 1399 2574 ipsius]
1409 2534 1418 2545 ¹*
1441 2531 1550 2563 fuerit
1569 2531 1801 2576 approbatus.
1825 2532 2014 2565 Licentiati
2035 2538 2153 2565 tamen
2173 2532 2210 2564 in
2225 2532 2309 2577 jure

448 2592 543 2624 civili
565 2593 769 2625 necessario
790 2605 861 2625 non
883 2594 1180 2627 examinabuntur
1202 2595 1283 2635 [nisi
1306 2596 1477 2640 expedire
1498 2597 1654 2630 facultati
1676 2598 1884 2638 videatur]⁷.

536 2659 725 2691 Ceterum⁸
744 2659 907 2691 volumus
929 2660 1025 2704 quod
1046 2672 1125 2692 cum
1147 2661 1344 2702 auditione,
1367 2662 1421 2695 vel
1452 2663 1587 2696 lectura
1613 2676 1791 2697 canonum
1818 2664 1953 2698 auditio
1975 2664 2032 2698 vel
2058 2665 2194 2698 lectura
2219 2664 2306 2698 alte-

447 2725 522 2757 rius
543 2725 693 2757 scientie
714 2732 916 2765 concurrat,
940 2732 977 2758 ut
996 2732 1145 2770 utraque
1167 2727 1302 2760 auditio
1324 2736 1564 2773 computetur,
1589 2730 1760 2775 quinymo
1787 2731 1849 2775 qui
1877 2731 1929 2764 sic
1956 2742 2114 2764 canones
2142 2737 2177 2764 et
2201 2730 2305 2764 aliam

447 2791 630 2822 scientiam
660 2791 847 2828 audiverit,
870 2792 987 2834 juvari
1010 2792 1177 2825 volumus
1206 2800 1239 2825 et
1270 2800 1410 2838 teinpus
1441 2795 1509 2828 sibi
1538 2797 1735 2841 computari
1765 2797 1801 2829 in
1822 2797 1931 2830 altera
1955 2809 2074 2830 earum
2098 2797 2303 2830 facultatum

447 2868 549 2900 quam
573 2857 673 2900 prius
694 2857 845 2901 elegerit
866 2857 1046 2890 duntaxat.

566 2913 604 2936 25.

2472 1735 2488 1761 ΝΞ
2478 1706 2488 1726 tn
2478 1661 2488 1695 4³.
2476 1619 2488 1654 .v.·*

2454 2269 2488 2486 Qum*
2463 2163 2488 2263 maan-l
2470 2050 2488 2157 mea-u
2473 2010 2488 2044 ιῑι
2471 1802 2488 2004 .;,>„2.-2v›2..*⁴‚2*f.„.
2483 1791 2488 1796 .
2485 1784 2488 1785 ,
2470 1767 2488 1778 .”
