2488 3386
447 313 490 345 84
1023 323 1336 345 CHARTULARIUM
1371 322 1559 344 umvaas.
1595 322 1723 343 Panis.
2148 353 2152 357 ᾗ
2206 307 2305 343 [1354

444 402 483 428 ut
502 395 847 441 congregationibus
873 396 1044 440 predictis
1066 396 1243 428 interesse
1265 396 1425 428 valerent
1445 402 1479 427 et
1497 407 1576 427 cum
1599 394 1679 427 aliis
1700 393 1915 434 deliberare,
1941 399 2049 438 prout
2076 391 2303 433 tenebantur,

444 461 567 506 plures
594 462 638 494 ad
667 461 733 494 hoc
763 462 926 495 raciones
954 462 1161 506 allegando3
1189 462 1271 506 quia
1297 462 1406 494 eciam
1435 461 1471 493 in
1501 460 1763 505 prosecucione
1786 459 2060 504 premissorum,
2084 470 2190 503 quam
2210 458 2302 491 dicta

444 527 668 560 Universitas
688 527 839 560 faciebat
858 539 976 560 coram
998 527 1118 567 nobis,
1140 539 1207 560 nos
1228 528 1322 559 inter
1342 533 1458 559 cetera
1481 526 1551 559 dici
1572 533 1607 558 et
1630 525 1752 570 juberi
1780 525 1816 557 in
1844 525 2032 569 presencia
2054 531 2176 557 nostra
2195 524 2302 557 secis-

443 605 565 625 semus
591 593 707 626 eidem
730 594 977 634 Universitati‚
1004 594 1100 638 quod
1127 593 1290 638 magistri
1319 593 1355 625 in
1385 593 1475 625 dicta
1503 592 1745 625 Universitate
1773 598 1944 636 regentes
1972 598 2007 623 et
2030 590 2090 623 alii
2119 590 2302 623 lecciones

442 670 526 691 suas
547 666 774 692 resumerent
793 666 828 692 et
847 659 1013 704 legerent
1033 666 1140 704 prout
1159 659 1347 699 faciebant7
1366 665 1554 702 antequam
1576 658 1751 702 premissa
1773 658 2028 702 contigissent,
2046 669 2187 690 necnon
2209 656 2302 689 inhi-

441 724 518 756 beri
539 725 754 758 fecissemus
771 725 903 767 eidem,
921 725 1017 770 quod
1039 725 1173 757 nullam
1190 724 1486 769 prosecucionem
1504 723 1562 756 vel
1583 735 1795 768 processum
1813 723 1906 756 dicta
1923 723 2149 756 Universitas
2170 723 2302 755 faceret

440 797 563 823 contra
585 791 717 824 dictum
740 792 949 836 magistrum
979 791 1230 836 Reginaldum,
1256 802 1362 823 causa
1382 790 1439 823 vel
1467 790 1658 822 occasione
1686 801 1750 834 per
1771 789 1889 834 ipsum
1916 801 1980 834 pro
2003 789 2108 822 nobis
2134 789 2301 834 proposi-

441 863 556 889 torum
591 864 713 890 contra
739 857 1017 890 Universitatem
1047 857 1239 902 predictam
1276 869 1339 889 seu
1370 863 1493 888 contra
1523 855 1734 900 magistrum
1761 856 2019 896 Armandum⁵‚
2049 855 2233 888 doctorem
2264 855 2300 887 in

440 922 635 968 theologia,
653 924 713 968 qui
734 935 799 968 pro
816 923 908 956 dicta
925 923 1166 956 Universitate
1188 929 1438 968 proposuerat,
1457 934 1526 966 que
1547 922 1623 967 ipsa
1642 922 1867 954 Universitas
1884 921 2120 966 pretendebat
2140 921 2300 966 prejudi-

439 988 540 1021 cialia
563 989 632 1021 sibi
654 996 689 1022 et
709 989 912 1034 privilegiis
933 990 1009 1022 suis
1031 989 1203 1034 predictis
1225 988 1391 1021 existere.

527 1056 692 1087 Preterea
714 1055 806 1087 dicta
830 1055 1054 1088 Universitas
1074 1055 1331 1099 conquerendo
1354 1054 1608 1099 proposuisset
1628 1054 1725 1098 quod
1753 1054 1912 1098 prefatus
1938 1054 2112 1098 magister
2131 1053 2300 1099 Reginal-

439 1121 506 1153 dus
527 1121 564 1152 in
585 1121 771 1165 presencia
793 1121 908 1153 nostri
930 1128 965 1154 et
985 1121 1139 1166 plurium
1163 1121 1206 1153 de
1227 1132 1362 1166 genere
1383 1127 1507 1153 nostro
1529 1127 1564 1152 et
1585 1120 1843 1153 nonnullorum
1865 1119 2017 1152 aliorum
2038 1126 2243 1165 magnatum
2265 1126 2301 1153 et

437 1186 724 1219 consiliariorum
748 1193 954 1220 nostrorum
985 1199 1023 1219 ac
1052 1188 1161 1219 eciam
1192 1187 1307 1219 tocius
1335 1186 1434 1219 curie
1465 1193 1587 1219 nostre
1618 1192 1858 1231 proposuerat
1887 1186 1990 1231 plura
2017 1186 2238 1230 vituperiosa
2265 1193 2301 1219 et

436 1252 737 1296 reprehensibilia
753 1259 875 1285 contra
897 1253 1008 1297 ipsam
1029 1253 1305 1286 Universitatem
1327 1259 1474 1285 matrem
1497 1264 1595 1285 suam
1614 1259 1648 1285 et
1669 1252 1856 1297 supposita
1873 1252 2051 1296 ejusdem,
2069 1252 2299 1286 auctoritates

436 1330 536 1350 sacre
558 1319 737 1363 scripture
758 1319 1021 1363 inpertinentes
1041 1326 1076 1352 et
1096 1319 1307 1351 indecentes
1328 1319 1363 1351 in
1386 1318 1680 1364 denigracionem
1708 1319 1800 1351 fame
1827 1318 1944 1363 ipsius
1970 1325 2004 1351 et
2025 1319 2298 1363 suppositorum

436 1384 615 1428 ejusdem3
635 1396 704 1429 que
726 1385 829 1417 etiam
853 1397 924 1417 non
946 1385 1113 1418 inmerito
1134 1385 1280 1429 gerebat
1304 1392 1337 1418 et
1359 1397 1487 1430 gerere
1509 1384 1661 1417 debebat
1684 1384 1852 1426 molesta3
1871 1384 2029 1429 indeque
2050 1385 2215 1429 petiisset
2235 1396 2299 1430 per

435 1462 502 1482 nos
524 1451 656 1483 dictum
681 1451 890 1495 magistrum
914 1451 1151 1496 Reginaldum
1173 1452 1216 1484 ad
1238 1452 1501 1484 emendandum
1525 1451 1641 1483 eidem
1661 1440 1895 1484 Universitati
1916 1457 1952 1483 et
1972 1451 2212 1484 revocandum
2235 1463 2299 1496 per

435 1516 552 1561 ipsum
576 1517 759 1561 proposita
780 1517 963 1561 compelli,
980 1518 1023 1549 ad
1046 1517 1112 1550 hoc
1135 1518 1298 1550 raciones
1320 1518 1602 1563 quamplurimas
1623 1517 1814 1562 allegando
1834 1529 1840 1549 :

524 1584 596 1615 Nos
617 1590 732 1615 autem
756 1583 883 1615 dictam
906 1583 1186 1616 submissionem
1217 1596 1280 1628 per
1301 1584 1427 1617 dictam
1452 1584 1730 1617 Universitatem
1756 1591 1928 1628 quantum
1950 1584 2139 1617 concernit
2163 1584 2297 1617 dictum

436 1648 657 1693 prepositum
681 1649 716 1680 in
738 1661 804 1681 nos
825 1650 948 1681 factam
971 1650 1226 1694 suscipientes,
1246 1651 1399 1682 cundem
1422 1651 1645 1695 prepositum
1668 1663 1685 1683 a
1706 1650 1971 1695 conquestione
1990 1662 2055 1683 seu
2072 1650 2297 1695 querimonia

436 1714 529 1747 dicte
552 1715 804 1747 Universitatis
826 1716 942 1759 quoad
969 1716 1126 1759 predicta
1149 1715 1381 1749 liberavimus
1402 1729 1441 1749 ac
1471 1717 1614 1761 penitus
1639 1716 1849 1757 liberamus,
1877 1723 1912 1749 et
1937 1716 2134 1762 predictam
2156 1717 2298 1749 caucio—

438 1792 517 1812 nem
539 1792 603 1825 per
623 1781 739 1825 ipsum
762 1788 916 1813 exactam
940 1782 1145 1814 remisimus
1167 1789 1201 1814 et
1229 1794 1292 1826 pro
1314 1782 1411 1815 nulla
1432 1782 1556 1815 haberi
1579 1782 1759 1815 voluimus
1782 1789 1816 1815 et
1836 1773 2017 1815 volumus.
2040 1782 2297 1816 Ordinavimus

437 1846 547 1879 eciam
576 1847 671 1891 quod
704 1847 787 1879 dicti
818 1847 976 1879 scolares
1005 1848 1041 1880 in
1071 1848 1206 1892 capella
1233 1855 1268 1881 et
1292 1849 1481 1889 cimiterio,
1510 1849 1600 1881 locis
1631 1849 1856 1882 inmunitatis
1886 1849 1981 1882 dicte
2013 1849 2143 1882 domus
2178 1849 2296 1882 Sancti

437 1912 595 1957 Nicolay,
613 1913 705 1957 capti
728 1925 791 1957 per
811 1914 926 1946 dictos
948 1914 1221 1955 examinatores,
1239 1915 1401 1947 notarios
1423 1922 1455 1947 ct
1478 1916 1680 1948 servientes
1703 1922 1849 1948 nostros
1871 1915 2058 1949 Castelleti
2078 1915 2296 1949 Parisiensis

437 1979 671 2011 restituantur
698 1991 776 2011 cum
806 1991 928 2011 eorum
957 1979 1075 2020 bonis⁷
1103 1987 1139 2013 ut
1162 1981 1392 2025 premittitur,
1418 1982 1544 2026 captis,
1572 1981 1738 2026 dampnis
1764 1988 1799 2014 et
1823 1981 2006 2026 expensis.
2034 1982 2084 2014 Ac
2113 1982 2224 2014 eciam
2252 1981 2296 2014 ad

438 2051 644 2089 preceptum
674 2052 835 2077 nostrum
866 2046 989 2090 prefati
1017 2047 1290 2087 examinatores,
1318 2047 1447 2080 notarii
1476 2054 1511 2080 et
1540 2048 1742 2080 servientes
1770 2047 1929 2092 predicta
1950 2047 2235 2080 emendaverunt
2261 2047 2297 2080 in

438 2111 626 2155 presencia
656 2118 777 2143 nostra
808 2112 913 2144 dictis
944 2113 1072 2144 rectori
1102 2113 1355 2146 Universitatis
1384 2120 1419 2146 et
1447 2104 1743 2158 magistro-dicte
1772 2114 1902 2146 domus
1932 2115 2117 2147 taxacione
2145 2113 2297 2146 emende

440 2188 551 2221 penes
572 2188 638 2209 nos
661 2183 808 2209 retenta.

529 2243 759 2287 precepimus
794 2244 941 2288 insuper
971 2244 1065 2276 dicto
1101 2245 1285 2289 preposito
1320 2252 1446 2278 nostro
1476 2246 1573 2290 quod
1604 2246 1732 2278 dictam
1766 2246 2057 2283 Universitatem,
2089 2246 2298 2290 magistros,

441 2308 612 2350 scolares,
638 2321 760 2341 eorum
787 2310 982 2342 servitores
1010 2317 1043 2342 et
1072 2311 1279 2351 familiares,
1305 2324 1344 2344 ac
1372 2323 1496 2344 eorum
1527 2311 1718 2356 privilegia
1752 2318 1893 2344 tueatur
1920 2318 1955 2344 et
1983 2311 2177 2351 deffendat,
2207 2311 2299 2356 ipsis

435 2374 617 2419 justiciam
636 2374 801 2407 exhibeat
821 2387 955 2420 eosque
973 2382 1007 2408 et
1027 2388 1149 2409 eorum
1168 2389 1294 2410 causas
1316 2384 1423 2422 prout
1442 2377 1676 2410 favorabilius
1698 2378 1830 2422 poterit
1850 2377 2101 2423 pertractando
2118 2384 2154 2410 et
2173 2389 2297 2410 eorum

441 2440 629 2485 privilegia
656 2441 911 2474 inviolabiliter
931 2442 1171 2484 observando,
1194 2443 1358 2477 volentes
1385 2456 1424 2477 ac
1454 2444 1558 2477 etiam
1588 2444 1798 2477 ordinantes
1825 2444 1922 2489 quod
1950 2456 1993 2477 ex
2022 2444 2213 2489 premissis
2239 2450 2298 2477 aut

443 2518 566 2539 eorum
585 2507 773 2539 occasione
791 2507 908 2547 nobis7
928 2508 1021 2540 dicte
1039 2509 1272 2542 Universitati
1294 2522 1333 2542 ac
1355 2510 1557 2554 privilegiis
1579 2510 1742 2555 ejusdem
1764 2510 1903 2543 nullum
1925 2510 2165 2555 prejudicium
2186 2521 2298 2555 gene-

443 2578 551 2605 retur.
584 2573 761 2614 Quautum
793 2585 877 2606 vero
910 2574 952 2606 ad
986 2575 1171 2607 emendam
1207 2575 1313 2608 nohis
1346 2577 1471 2608 factam
1506 2588 1571 2621 per
1601 2576 1734 2609 dictum
1770 2577 1981 2621 magistrum
2014 2576 2144 2609 domus
2179 2575 2297 2608 Sancti

442 2638 587 2683 Nicolay
608 2639 651 2670 de
672 2639 790 2683 gracia
812 2640 958 2684 speciali
980 2640 1095 2672 eidem
1119 2642 1291 2686 magistro
1312 2642 1622 2687 contemplacione
1644 2643 1737 2675 dicte
1759 2643 2014 2675 Universitatis
2041 2643 2154 2687 ipsam
2175 2653 2298 2674 emen-

441 2704 520 2736 dam
543 2704 657 2736 eidem
681 2705 885 2738 remisimus
906 2712 940 2738 et
968 2706 1196 2750 quitavimus,
1223 2708 1437 2741 remittimus
1459 2715 1494 2741 et
1520 2708 1700 2753 quitamus
1728 2715 1761 2741 et
1792 2709 1942 2753 perinde
1972 2708 2096 2741 haberi
2116 2707 2297 2741 voluimus

442 2776 476 2802 et
503 2770 681 2811 volumus,
713 2783 750 2803 ac
779 2772 809 2803 si
840 2784 1019 2816 nunquam
1048 2773 1134 2805 sacta
1165 2774 1293 2806 suisset
1322 2786 1360 2806 ac
1391 2774 1495 2806 etiam
1527 2786 1590 2819 per
1616 2774 1685 2807 hoc
1712 2774 1819 2807 nobis
1849 2786 1913 2808 seu
1944 2775 2038 2807 dicte
2064 2773 2297 2807 Universitati

440 2835 577 2868 nullum
601 2837 836 2881 prejudicium
859 2839 1037 2882 generari.

568 2897 590 2917 5.
