2488 3386
191 343 286 380 1394]
578 379 581 382 ,
958 357 1004 378 DE
1042 357 1286 379 SCHlSMA'rE.
1992 350 2057 382 639

276 429 390 462 Nobis
411 441 499 475 ergo
521 429 608 474 quid
629 436 741 462 restat
761 429 894 473 quibus
916 430 959 462 ad
981 442 1033 472 ea,
1052 442 1121 475 que
1144 430 1369 471 incumbunt,
1392 431 1488 464 vires
1510 431 1683 464 deficiunt
1704 439 1843 473 nature,
1867 433 1937 464 nisi
1959 433 2055 477 quod

187 507 250 541 pre
272 495 441 529 omnibus
458 496 502 529 ad
523 497 638 528 Deum
656 496 825 529 conversi
846 495 1032 529 humiliter
1053 503 1217 541 petamus
1238 497 1397 542 desuper
1418 498 1589 530 auxilium
1607 499 1728 542 gracie
1815 499 1838 531 ⁸.
1863 499 1932 532 Sed
1954 499 2054 544 quid,

186 562 216 595 si
238 562 406 595 scismate
427 562 546 595 ablato
567 562 704 595 infelici
728 574 801 594 non
823 562 972 595 redeant
994 563 1155 607 priorum
1176 575 1283 595 aurea
1306 563 1440 603 secula,
1463 576 1529 596 nec
1557 565 1707 597 forsitan
1738 565 1891 597 ecclesia
1918 566 1995 610 paci
2022 572 2054 598 et

186 629 311 661 unioni
338 629 504 662 restituta
533 629 602 661 erit
631 629 667 660 in
697 628 887 673 premissis
917 629 1160 670 emendaeior,
1192 636 1252 662 aut
1281 630 1372 662 sorte
1401 630 1437 662 in
1465 630 1660 663 virtutibus
1688 631 1818 671 minor,
1842 644 1944 676 quam
1975 639 2056 664 ante

184 695 315 728 scisma
340 695 457 728 fuerat
486 706 492 727 :
523 694 690 739 nunquid
716 695 747 727 si
776 694 843 727 hoc
875 695 1129 740 undecumque
1159 696 1397 729 verisimilius
1427 703 1608 741 appareat,
1638 698 1839 742 quempiam
1873 698 2054 730 retrahere

184 761 293 794 debet
319 768 357 794 ut
386 761 423 793 in
451 761 605 806 negocio
637 761 827 793 reunionis
851 768 886 794 et
914 762 1012 806 pacis
1042 762 1162 794 minus
1193 763 1329 795 ferveat
1356 769 1416 795 aut
1443 763 1592 795 tardiori
1621 763 1867 796 sollicitudine
1897 766 2058 808 satagat?

182 827 300 868 Absit,
323 839 403 860 cum
426 827 521 860 clare
543 834 687 860 constet
706 827 804 872 quod
821 827 990 861 Christus
1011 828 1107 860 inter
1127 835 1245 861 cetera
1267 829 1438 861 virtutum
1460 841 1609 862 munera
1631 829 1708 862 suis
1732 829 1902 862 fidelibus
1929 830 2055 875 singu-

182 893 306 926 lariter
335 905 457 938 pacem
484 900 519 926 et
543 894 726 926 caritatem
751 894 957 938 preceperit
980 901 1014 927 et
1034 895 1355 936 commendaverit,
1379 895 1489 939 quod,
1517 895 1578 940 qui
1600 896 1729 937 nescit,
1753 896 1951 940 scripturas
1982 908 2053 928 non

182 960 345 1004 legit...⁹.
370 961 503 993 Iterum
531 972 596 1005 pro
622 960 871 993 verisimiliori
896 960 1102 993 habendum
1127 968 1193 1002 est,
1222 962 1318 1006 quod
1341 963 1452 1002 Deus,
1479 962 1541 1006 qui
1567 962 1656 994 mala
1683 974 1755 994 non
1783 963 1957 1007 permittit
1983 963 2051 995 nisi

181 1027 301 1072 gracia
322 1026 527 1068 meliorum,
547 1026 737 1059 ecclesiam
761 1039 861 1059 suam
884 1027 927 1060 de
950 1027 1042 1060 malo
1065 1028 1270 1060 scismatice
1287 1028 1494 1069 divisionis,
1513 1040 1580 1072 qua
1604 1028 1710 1061 modo
1734 1029 1951 1069 concutitur,
1971 1041 2049 1061 cum

181 1093 384 1126 decreverit
405 1093 642 1134 liberandam,
666 1093 791 1137 utique
813 1093 850 1125 in
871 1093 1003 1126 melius
1025 1093 1249 1127 reformabit.
1271 1094 1451 1139 Amplius,
1475 1095 1519 1135 si,
1542 1101 1580 1127 ut
1600 1081 1787 1139 apostolus
1813 1095 1872 1136 ait,
1895 1095 2052 1139 diligen-

182 1159 278 1192 tibus
299 1161 413 1192 Deum
436 1160 556 1192 omnia
577 1167 820 1204 cooperantur
841 1161 878 1192 in
899 1160 1034 1192 bonum
1055 1160 1126 1193 hiis
1147 1161 1208 1205 qui
1226 1161 1426 1193 secundum
1449 1161 1675 1205 propositum
1695 1161 1811 1194 vocati
1833 1168 1917 1194 sunt
1938 1162 2049 1194 sancti

180 1227 307 1267 [Rom.,
333 1237 411 1267 vm,
441 1227 507 1267 28],
535 1238 599 1258 cur
624 1226 691 1259 hoc
719 1227 890 1271 precipue
917 1239 990 1259 non
1016 1233 1239 1271 competeret
1266 1227 1420 1259 ecclesie
1447 1227 1583 1260 Christi
1614 1228 1665 1260 sic
1691 1228 1890 1260 secundum
1919 1240 2051 1272 propo-

180 1293 289 1326 situm
306 1293 372 1325 Dei
388 1292 621 1333 sanctificate,
641 1293 737 1337 quod
760 1304 904 1337 semper
924 1293 1002 1334 suit,
1022 1300 1128 1326 estet
1148 1294 1214 1326 erit
1236 1294 1273 1325 in
1294 1294 1452 1334 caritate,
1472 1294 1653 1338 quomodo
1676 1293 1729 1326 illi
1751 1306 1823 1326 non
1845 1294 2048 1334 crederent,

180 1358 337 1392 finaliter
365 1359 409 1391 ad
440 1358 575 1391 bonum
600 1359 781 1399 scismata,
803 1359 1056 1400 adversitates,
1079 1359 1340 1392 tribulaciones
1367 1366 1401 1392 et
1430 1360 1563 1400 onmia,
1586 1372 1655 1404 que
1677 1361 1809 1405 patitur
1831 1367 1865 1393 et
1895 1361 2050 1405 patietur

177 1425 342 1466 molesta,
367 1425 480 1458 eciam
502 1425 697 1458 multorum
716 1432 861 1470 peccata
883 1438 952 1470 que
974 1426 1066 1458 infra
1093 1438 1169 1458 eam
1191 1426 1503 1467 conmittuntur¹⁰,
1526 1426 1652 1459 electis
1674 1426 1752 1459 fieri
1770 1427 1920 1471 provide
1942 1431 2046 1467 [cum]

179 1492 462 1537 permittuntur?
483 1498 550 1524 etc.
575 1492 742 1536 Explicit.
766 1493 842 1524 Deo
864 1493 1012 1537 gratias.

270 1598 338 1622 Bibl.
353 1598 473 1629 Amplon.
488 1599 665 1628 (Ex-surmus),
684 1598 713 1626 Q.
732 1599 785 1621 125.
802 1599 847 1621 sol.
865 1599 929 1621 18411.
942 1613 971 1615 —
985 1599 1054 1621 Haec
1067 1598 1180 1630 epistola
1196 1599 1259 1622 ibid.
1280 1599 1399 1630 sequitur
1414 1600 1554 1630 epistolum
1570 1599 1601 1622 de
1615 1599 1663 1622 31Νές
1674 1599 1723 1622 viis
1737 1599 1767 1622 62¹
1780 1599 1861 1629 Junii,
1878 1603 1902 1622 et
1914 1600 2049 1630 praecedit

175 1642 315 1674 epistolam
331 1642 518 1666 Universitatis
534 1651 576 1665 an.
593 1643 662 1671 1395,
679 1642 762 1673 April.
780 1643 817 1670 14,
835 1643 867 1665 ad
884 1642 1055 1666 Benedictuxn
1075 1643 1106 1665 de
1120 1643 1162 1666 via
1178 1643 1304 1666 cessionis
1321 1644 1457 1667 directam.
1474 1644 1512 1666 lta
1532 1651 1653 1674 prorsus.
1678 1644 1771 1667 Intime
1795 1644 1864 1666 enim
1886 1644 2048 1667 connectitur

175 1695 234 1710 cum
250 1687 363 1718 epistola
378 1687 409 1709 6²¹
423 1687 504 1715 Junii‚
520 1695 598 1718 quam
615 1687 781 1710 Universitas
795 1687 890 1717 Paris„
909 1696 954 1710 seu
969 1687 1058 1718 potius
1077 1688 1251 1710 cancellarius
1270 1688 1362 1711 Petrus
1379 1689 1410 1711 de
1425 1688 1534 1711 Ailh’aeo
1549 1688 1660 1711 Hem-ico
1676 1688 1707 1711 de
1724 1688 1828 1716 nussia,
1843 1692 1904 1719 post
1921 1688 1992 1711 Junii
2009 1690 2047 1717 30,

176 1731 280 1755 misisse
295 1731 408 1755 videtur.
429 1731 556 1755 Hem-icus
573 1732 598 1754 in
615 1740 663 1754 sua
678 1731 791 1762 epistola
809 1731 910 1760 scribit,
927 1732 1134 1755 Universitatem
1156 1740 1171 1755 a
1193 1740 1288 1763 genere
1305 1733 1338 1755 ad
1355 1732 1503 1763 singularia
1522 1736 1547 1755 et
1566 1732 1740 1764 particularia
1761 1733 1919 1756 descendere
1942 1733 2044 1759 debere,

174 1776 223 1799 Per
245 1784 327 1807 genus
347 1776 467 1799 diversae
488 1776 546 1799 viae
568 1776 761 1807 significantur,
784 1784 831 1806 per
852 1776 1001 1807 singularia
1016 1776 1108 1799 electio
1124 1776 1261 1807 cujusdam
1278 1780 1364 1800 certae
1384 1777 1441 1800 viae
1463 1785 1522 1799 cum
1542 1777 1644 1800 effectu.
1660 1777 1759 1800 Revera
1775 1777 1939 1800 Universitas
1955 1781 2047 1808 postea

175 1820 202 1843 in
218 1820 331 1851 epistola
344 1828 386 1843 an.
403 1821 472 1848 1395,
489 1820 572 1851 April.
588 1820 626 1847 ⁴14,
643 1820 707 1843 dicit
723 1828 728 1843 ·.
745 1828 755 1843 (ι
773 1820 840 1847 Quia
853 1828 908 1843 rem
921 1829 1049 1851 prospere
1062 1820 1198 1843 terminari
1214 1821 1307 1844 effectu
1323 1821 1435 1844 maxime
1455 1821 1645 1849 desideramus,
1663 1821 1731 1852 quod
1748 1821 1811 1844 hene
1825 1829 1904 1852 posse
1922 1822 1976 1844 fieri
1996 1830 2046 1844 non

176 1865 305 1893 videmus,
322 1864 448 1896 quamdiu
464 1864 501 1887 sic
517 1864 548 1888 in
559 1871 661 1895 yenere
676 1868 699 1888 et
713 1864 911 1895 plurimarum
927 1865 1041 1889 viarum
1057 1865 1222 1895 confusione
1237 1866 1359 1894 stabitur,
1383 1865 1434 1888 imo
1451 1874 1586 1896 quousque
1609 1866 1641 1888 ad
1659 1874 1738 1888 unam
1760 1869 1858 1888 certain
1879 1869 1904 1888 et
1917 1867 2046 1895 particu-

176 1909 267 1933 larem
282 1912 388 1932 ventum
412 1909 497 1935 suerit,
519 1909 616 1932 idcirco
633 1917 654 1936 »,
676 1913 723 1933 etc.
741 1909 819 1938 (But,
836 1910 877 1939 IV,
893 1910 957 1939 740).
971 1909 1091 1940 Epistola
1109 1909 1213 1932 Heni-ici
1229 1918 1291 1941 ergo
1314 1910 1413 1941 scripta
1429 1913 1468 1933 est
1487 1913 1612 1941 tempore,
1632 1918 1682 1941 quo
1698 1910 1862 1933 Universitas
1880 1910 1995 1932 nondum
2013 1911 2045 1932 ad

176 1953 318 1985 quamdam
333 1953 403 1976 viam
418 1953 616 1984 particularem,
633 1953 691 1976 scil.
711 1953 743 1976 ad
766 1953 835 1976 viam
851 1953 988 1982 cessionis,
1007 1954 1187 1982 descenderat,
1208 1954 1241 1976 ad
1262 1955 1330 1985 quod
1351 1954 1522 1977 obtinendum
1538 1954 1665 1977 Hem-icus
1682 1954 1713 1977 de
1732 1954 1834 1984 Hassia,
1853 1957 1881 1977 ut
1897 1954 2046 1985 opinamur,

177 2006 227 2021 non
242 2006 337 2029 parum
353 1997 504 2020 contribuit.
522 1998 686 2028 Proindeque
701 1998 813 2028 epistola
829 2006 871 2021 an.
888 1998 948 2021 1394
964 1998 1049 2020 adhuc
1069 1998 1169 2029 scripta
1184 2002 1231 2026 cst,
1249 2000 1360 2022 fortasse
1376 1999 1402 2021 in
1420 1999 1519 2022 ultimis
1536 1999 1676 2021 Clementis
1694 1999 1748 2027 VII,
1767 2002 1906 2029 antequam
1919 1999 1951 2021 ad
1970 2007 2046 2021 aures

177 2042 281 2065 Henrici
301 2042 468 2065 interdictum
489 2042 591 2073 regium
613 2042 742 2073 pervenit.
757 2042 794 2065 Ad
812 2042 932 2065 eumdem
950 2042 1067 2065 ordinem
1090 2042 1204 2073 pertinet
1219 2052 1248 2065 ae
1261 2043 1389 2074 epistolae
1405 2051 1486 2074 supra
1505 2043 1590 2066 editae
1607 2043 1792 2066 Universitatis
1809 2043 1909 2071 Colon.,
1928 2043 2044 2074 Philippi

177 2087 317 2117 d'Alengon
332 2090 357 2110 et
372 2086 500 2110 Johunnis
516 2087 587 2118 regis
600 2086 756 2117 Aragoniae,
773 2095 915 2118 omnesque
929 2090 1047 2118 superat.

271 2172 293 2194 1.
311 2171 359 2194 Ms.
380 2171 440 2194 add.
459 2180 470 2194 α
487 2179 565 2202 quam
582 2179 602 2194 ν).
616 2184 647 2189 -
660 2172 682 2196 2,
700 2171 758 2194 Yid.
776 2175 825 2193 num
841 2171 911 2200 1674,
924 2179 951 2201 p.
964 2171 1018 2199 618,
1035 2174 1059 2193 et
1074 2175 1123 2193 ].““1
1140 2171 1209 2195 1686.
1223 2185 1253 2188 —-
1266 2172 1288 2194 3.
1306 2171 1490 2194 Verisimiliter
1506 2176 1533 2193 n0
1549 2172 1622 2199 1683;
1640 2171 1692 2194 vid.
1712 2171 1842 2201 imprimis
1858 2180 1885 2201 p.
1900 2171 1945 2194 617
1962 2180 2000 2202 sq.
2015 2184 2045 2188 —

177 2217 201 2239 [4.
215 2215 378 2243 Aristoteles,
394 2215 480 2240 Anal.
497 2220 579 2245 post„
600 2216 632 2244 ΙΙ,
655 2224 681 2246 p.
698 2215 750 2243 971³,
766 2216 795 2237 30
816 2215 866 2244 (ed.
889 2215 998 2244 Bckker)
1015 2223 1019 2237 z
1044 2217 1067 2238 αἱ
1082 2215 1216 2245 ὀμωνυμίαι
1235 2216 1374 2239 λανθάνουσι
1396 2216 1484 2245 μᾶλλον
1503 2215 1527 2238 ἐν
1546 2215 1594 2242 τοῖς
1615 2216 1727 2244 καθόλου,
1748 2218 1773 2238 ct
1794 2216 1856 2238 Eth.
1875 2217 1913 2239 ad
1926 2215 2043 2243 Nicom„

178 2259 209 2288 11y
226 2260 248 2288 7,
263 2268 288 2290 p.
306 2259 391 2287 110711,
410 2260 439 2282 29
455 2260 497 2283 ιέν
511 2260 557 2290 γὰρ
571 2259 620 2287 τοῖς
634 2260 686 2290 περὶ
701 2260 742 2286 τὰς
756 2259 848 2290 πράξεις
865 2259 944 2290 λόγοις
963 2260 985 2282 οἱ
1007 2260 1047 2289 μὲν
1063 2260 1169 2283 καθόλῡυ
1181 2259 1308 2290 κενώτεροί
1324 2260 1391 2291 εἰσιν,
1407 2261 1429 2282 οἱ
1449 2259 1467 2282 δ’
1487 2260 1524 2283 ἐπὶ
1542 2259 1626 2290 μέρους
1641 2260 1816 2290 ἀληθινώτεροι.
1840 2259 1878 2281 Ad
1904 2259 1967 2282 haec
1990 2259 2043 2282 vid.

178 2311 258 2335 supra
274 2307 372 2327 notam.
390 2318 420 2321 —
433 2306 456 2327 5.
473 2304 491 2327 Ι.
508 2312 530 2327 e.
546 2304 614 2327 inter
627 2304 683 2326 vias
696 2304 751 2335 jam
767 2304 887 2326 inventas
904 2304 1032 2334 quaedam
1051 2307 1112 2334 apta
1125 2304 1248 2334 eligatur.
1267 2318 1295 2321 —
1313 2305 1335 2327 6.
1352 2303 1448 2334 Utique
1464 2303 1506 2326 hic
1522 2303 1621 2334 cogitat
1636 2304 1722 2326 minus
1737 2304 1767 2326 de
1784 2303 1899 2326 Concilio
1916 2303 2043 2334 generali,

178 2356 256 2379 quam
269 2348 300 2372 de
315 2348 357 2371 via
370 2348 507 2377 cessionis,
524 2356 602 2379 quam
612 2348 666 2379 jam
683 2356 724 2371 an.
742 2349 801 2371 1393
816 2348 1002 2379 proclamavit.
1016 2348 1073 2371 Vid.
1088 2352 1137 2370 num
1153 2348 1222 2371 1068.
1239 2362 1268 2365 —
1284 2349 1306 2371 7.
1322 2348 1471 2379 Sequuntur
1484 2350 1569 2370 textus
1586 2348 1612 2371 S.
1630 2348 1791 2378 Scripturae.
1807 2361 1837 2365 —
1853 2349 1875 2371 8.
1892 2348 2044 2370 Exhortatio

179 2392 212 2416 ad
227 2393 453 2424 compunctionem
471 2396 496 2415 et
512 2393 699 2424 poenitentiam
718 2396 742 2415 et
762 2392 915 2420 orationem,
934 2396 961 2415 ut
979 2392 1023 2415 Dei
1043 2392 1130 2423 gratia
1147 2401 1157 2415 (t
1179 2393 1348 2415 revolvantur
1363 2392 1512 2423 priscorum
1528 2395 1634 2423 patrum
1656 2399 1745 2416 aurea
1760 2393 1874 2416 saecula
1894 2392 2044 2415 excessibus

179 2437 363 2461 modernorum
376 2437 431 2468 jam
447 2437 524 2460 nimis
541 2437 626 2460 aliena
643 2439 710 2460 sarta
727 2447 748 2459 υ.
766 2438 793 2460 In
810 2437 858 2459 hoc
872 2437 950 2459 ctiam
967 2437 1030 2459 haec
1046 2437 1158 2468 epistola
1174 2445 1232 2460 cum
1248 2437 1360 2468 epistola
1377 2437 1449 2459 Junii
1465 2438 1478 2459 6
1494 2437 1635 2459 concordat
1651 2437 1712 2465 (vid.
1730 2445 1755 2467 p.
1773 2437 1827 2464 624,
1842 2439 1893 2459 not.
1911 2437 1957 2465 111).
1975 2437 2043 2459 lIcn-

179 2481 249 2504 ricus
265 2482 296 2504 de
313 2481 407 2504 Hassia
421 2485 448 2504 ut
461 2481 539 2504 etiam
554 2482 673 2512 magistri
688 2481 771 2504 Paris.
788 2481 865 2503 nimis
880 2481 1031 2503 laudatores
1042 2484 1117 2504 erant
1129 2481 1255 2512 temporis
1272 2481 1331 2503 acti.
1348 2494 1369 2498 -
1387 2482 1410 2503 9.
1425 2480 1617 2511 Amplificatur.
1633 2494 1659 2497 —-
1673 2481 1709 2505 10,
1727 2481 1774 2503 Ms.
1791 2489 1795 2502 :
1811 2491 1822 2501 α
1837 2482 2003 2503 conserentur
2018 2490 2040 2501 γ).
