2488 3386
443 299 484 331 26
868 322 873 327 .
1016 309 1334 330 CHARTULARlUM
1370 308 1560 330 univi-ms.
1598 307 1729 329 rmus.
2205 288 2303 327 [1354

443 381 540 426 quod
562 393 633 414 non
650 382 812 427 astringo
829 394 884 414 me
901 382 945 414 ad
967 382 1190 427 probandum
1210 382 1327 414 omnia
1350 382 1539 426 premissa,
1557 381 1621 414 sed
1641 380 1757 413 solum
1780 379 1823 412 ad
1845 379 1881 412 id
1903 379 2000 423 quod
2021 376 2129 410 michi
2150 377 2304 411 sufficiet

443 448 487 480 de
510 448 660 480 eisdem.
686 450 728 480 Et
750 448 831 492 quia
855 448 1098 493 periculosum
1123 455 1175 481 est
1202 460 1319 481 coram
1344 454 1514 492 suspecto
1538 459 1601 480 seu
1626 446 1807 491 suspectis
1829 445 1985 490 litigare,
2011 443 2169 489 prefatos
2192 451 2304 477 recto-

444 526 518 547 rem
540 521 575 546 et
594 514 800 558 magistros,
824 526 949 547 omnes
971 521 1006 546 et
1026 514 1206 559 singulos,
1228 526 1267 546 ac
1289 514 1445 546 decanos
1467 514 1663 558 predictos,
1682 525 1723 545 ex
1748 511 1951 557 premissis,
1969 518 2004 544 et
2024 511 2107 555 quia
2127 511 2198 543 mei
2220 517 2304 543 sunt

443 580 579 612 inimici
603 587 637 613 et
661 580 830 621 malivoli,
854 587 889 612 et
914 580 1039 613 samam
1064 592 1190 621 meam,
1217 587 1385 624 quantum
1410 580 1446 611 in
1472 579 1562 624 ipsis
1586 586 1652 617 est,
1679 578 1928 623 multipliciter
1949 583 2202 622 gravaverunt,
2227 583 2303 610 tan—

443 658 546 691 quam
574 653 764 691 suspectos
791 658 936 686 recuso;
961 653 1008 686 et,
1032 647 1062 678 si
1087 653 1119 679 et
1147 653 1252 691 prout
1278 653 1415 687 teneor,
1440 646 1552 678 offero
1578 645 1733 678 arbitros
1759 644 1909 689 eligere,
1936 644 1998 689 qui
2024 644 2067 676 de
2092 643 2302 688 hujusmodi

443 713 690 757 suspicionum
721 713 841 745 causis
871 719 1130 758 congnoscant.
1164 714 1214 745 Ex
1248 725 1342 745 nunc
1380 724 1443 757 pro
1474 719 1573 757 parte
1604 723 1679 744 mea
1710 711 1807 755 eligo
1838 711 2060 743 reverendos
2089 710 2126 743 in
2155 710 2302 744 Christo

442 786 561 824 patres
583 786 618 812 et
643 779 823 820 dominos,
850 779 1034 812 dominum
1062 779 1372 824 archiepiscopum
1401 778 1765 823 R01110magense1n³,
1792 777 1940 810 Francie
1967 776 2235 818 cancellarium,
2262 789 2301 810 ac

443 845 626 878 dominum
645 846 854 890 episcopum
877 845 1234 886 Cathalaunense1n⁵,
1253 846 1438 878 dominum
1456 845 1619 878 abbatem
1638 844 1938 884 Ferrariensem⁶,
1963 856 2002 876 ac
2019 844 2205 877 dominum
2224 844 2301 877 Ful-

441 924 567 945 conem
590 912 734 952 Bardol,
753 912 926 944 decanum
950 911 1274 952 Silvanectensem3
1298 919 1333 944 et
1355 924 1479 944 eorum
1502 910 1700 956 quemlibet
1723 911 1759 943 in
1781 910 1951 950 solidum,
1974 911 2020 943 ita
2042 910 2140 955 quod
2161 922 2234 943 non
2255 911 2303 944 sit

441 979 606 1011 condicio
628 978 756 1010 melior
776 978 1002 1023 occupantis;
1025 985 1060 1010 et
1080 990 1190 1022 super
1210 977 1280 1010 hiis
1301 977 1469 1010 omnibus
1491 984 1573 1022 peto
1595 977 1703 1010 michi
1724 977 1816 1013 fieri,
1839 988 1903 1021 per
1924 983 1957 1009 te
1983 977 2162 1009 notarium
2183 977 2302 1022 publi-

440 1057 533 1083 cum,
556 1045 834 1077 instrumentum
856 1056 966 1076 unum
987 1044 1044 1077 vel
1065 1044 1179 1089 plura,
1203 1044 1378 1089 quociens
1400 1056 1510 1089 super
1530 1043 1597 1076 hoc
1618 1044 1732 1076 fueris
1753 1044 1966 1088 requisitus.
1988 1058 2003 1073 n

528 1111 604 1153 Qua
626 1111 887 1155 provocacione
909 1122 973 1143 seu
994 1110 1241 1155 appellacione
1262 1111 1314 1143 sic
1334 1111 1435 1151 sacta,
1454 1111 1613 1155 prefatus
1634 1111 1807 1155 magister
1825 1110 2048 1155 Reginaldus
2069 1111 2172 1156 petiit
2192 1122 2302 1156 super

440 1177 507 1210 hoc
543 1189 561 1209 a
590 1189 645 1209 me
675 1177 814 1209 notario
845 1176 990 1221 publico
1018 1177 1109 1209 insra
1146 1177 1281 1222 scripto
1316 1177 1385 1210 sibi
1416 1177 1599 1222 publicum
1631 1176 1709 1210 fieri
1745 1177 2038 1219 instrumentum,
2072 1184 2230 1211 astantes
2263 1178 2301 1211 in

440 1243 566 1276 horum
585 1243 830 1276 testimonium
845 1243 881 1275 in
903 1250 1014 1276 testes
1036 1243 1250 1276 invocando.
1268 1247 1355 1276 Acta
1376 1244 1523 1276 suerunt
1541 1243 1607 1276 hec
1628 1244 1665 1276 in
1686 1243 1794 1276 domo
1810 1243 2043 1277 habitationis
2060 1244 2176 1289 ipsius
2192 1245 2302 1291 magi-

440 1310 504 1342 stri
527 1309 728 1354 Reginaldi,
751 1310 817 1342 sita
837 1310 874 1342 in
899 1310 1040 1343 civitate
1062 1310 1234 1350 Parisius,
1257 1304 1363 1350 ann‘o,
1386 1310 1598 1351 indictione,
1622 1322 1758 1349 mense,
1782 1310 1841 1343 die
1862 1311 2007 1343 circiter
2027 1310 2151 1344 horam
2173 1323 2299 1358 vespe—

441 1388 572 1416 rarum,
604 1383 638 1409 et
671 1376 878 1421 pontificatu
910 1376 1082 1421 predictis
1115 1388 1121 1408 :
1159 1376 1391 1421 presentibus
1418 1376 1688 1410 venerabilibus
1719 1383 1754 1410 et
1787 1377 1956 1410 discretis
1985 1378 2086 1419 viris,
2117 1379 2302 1423 magistris

440 1443 570 1487 Egidio
597 1442 640 1475 de
668 1444 792 1483 Ponte,
816 1442 952 1475 domini
980 1443 1095 1475 nostri
1126 1443 1223 1487 regis
1250 1443 1397 1475 Francie
1425 1443 1646 1484 consiliario,
1670 1443 1816 1477 Odardo
1838 1444 1882 1476 de
1904 1445 2106 1490 Pagnyaco,
2127 1445 2301 1479 canonico

441 1509 672 1542 Laudunensi
693 1515 728 1541 et
748 1508 1039 1550 Cathalaunensi,
1063 1515 1098 1541 et
1123 1509 1303 1554 Stephano
1324 1509 1452 1551 Amici,
1474 1510 1648 1542 canonico
1670 1510 1825 1543 ecclesie
1851 1511 1971 1543 Sancti
1999 1512 2184 1553 Honorati,
2201 1513 2303 1557 juxta

441 1576 613 1615 Parisius,
635 1575 789 1608 testibus
810 1575 853 1608 ad
874 1575 1050 1620 premissa
1069 1576 1204 1608 voeatis
1226 1576 1431 1620 specialiter
1452 1583 1487 1608 et
1507 1576 1655 1621 rogatis.

530 1643 573 1674 Et
593 1653 661 1686 ego
684 1641 863 1674 Hebertus
885 1641 1040 1683 Morelli,
1063 1641 1218 1674 cler'icus
1243 1642 1453 1674 Baiocensis
1474 1642 1646 1684 diocesis,
1669 1642 1838 1687 publicus
1865 1644 2077 1678 auctoritate
2104 1645 2302 1690 apostolica

441 1715 476 1741 et
496 1707 672 1752 imperiali
694 1707 867 1748 notarius,
890 1708 1062 1752 curieque
1083 1708 1299 1741 Parisiensis
1319 1709 1474 1752 juratus,
1499 1709 1688 1753 premissis
1709 1709 1878 1743 omnibus
1904 1717 1940 1743 et
1966 1711 2123 1756 singulis
2144 1711 2229 1745 dum
2250 1713 2302 1746 sic

440 1780 635 1819 agerentur
656 1785 723 1806 una
744 1785 823 1806 cum
852 1773 957 1806 dictis
987 1773 1140 1806 testibus
1170 1786 1322 1818 presens
1348 1775 1413 1815 sui,
1435 1787 1548 1819 eaque
1579 1787 1642 1820 per
1662 1775 1784 1817 alium,
1807 1776 1888 1810 aliis
1909 1774 2106 1822 occupatus
2126 1778 2302 1824 legitime,

441 1840 551 1873 scribi
572 1840 652 1881 feci,
671 1847 706 1872 et
725 1840 762 1872 in
782 1840 872 1872 hanc
893 1840 1041 1873 sormam
1064 1840 1189 1885 redegi
1196 1867 1274 1873 ......
1483 1828 1488 1835 ⁸

531 1908 573 1939 Et
602 1918 684 1951 ego,
712 1907 856 1951 Symon,
879 1907 997 1939 dictus
1027 1907 1210 1950 Quinimo,
1233 1907 1387 1940 clericus
1415 1908 1600 1941 Tullensis
1631 1909 1812 1954 dyocesis,
1842 1910 2012 1955 publicus
2041 1911 2238 1956 apostolica
2269 1919 2304 1946 et

441 1972 618 2018 imperiali
639 1973 848 2006 auctoritate
870 1973 1088 2006 notarius...

535 2070 668 2101 Originule
683 2070 709 2093 in
723 2070 798 2093 Arch.
813 2069 935 2093 Univers.
952 2070 1047 2099 Paris„
1066 2071 1141 2094 theca
1157 2071 1186 2100 V,
1203 2071 1232 2094 B.
1246 2071 1268 2094 2.
1284 2071 1328 2094 bb.
1347 2085 1373 2089 -
1389 2072 1526 2104 Jourdain,
1543 2077 1571 2095 11ο
1583 2074 1638 2097 653.

535 2155 557 2177 1.
575 2155 633 2185 Ipse
647 2157 687 2177 est
701 2154 746 2177 ille
763 2163 773 2176 α
793 2154 899 2178 maistre
917 2155 1035 2186 Regnaut
1048 2155 1126 2186 d'Acy
1145 2164 1167 2182 »,
1183 2155 1227 2186 qui
1246 2155 1398 2179 interfectus
1414 2158 1517 2188 cecidit,
1533 2166 1575 2181 an.
1591 2158 1660 2188 1358,
1677 2158 1718 2181 die
1734 2159 1762 2181 22
1780 2159 1926 2188 Februarii,
1943 2160 2004 2182 dum
2021 2161 2196 2183 tumultuatur
2210 2161 2304 2184 civitas

441 2198 605 2228 Parisiensis,
624 2198 755 2229 Stephano
771 2199 875 2228 Marcel,
891 2199 1043 2230 praeposito
1058 2203 1242 2229 inei-catorumy
1261 2200 1416 2224 seditionem
1436 2202 1572 2225 excitante.
1591 2202 1648 2226 Vid.
1664 2203 1715 2227 Les
1729 2205 1853 2233 yrandes
1874 2204 2040 2234 chroniques
2058 2205 2093 2229 de
2113 2205 2232 2234 France,
2254 2213 2305 2237 pm·

441 2243 469 2267 P.
482 2243 565 2272 Paris,
583 2243 625 2272 Vt,
644 2251 669 2273 p.
687 2244 716 2266 85
735 2251 773 2273 sq.
796 2256 823 2260 —-·
839 2244 861 2267 2.
881 2244 899 2267 Ι.
916 2251 938 2266 e.
958 2243 1090 2266 scholares
1106 2252 1249 2274 parvarum
1267 2245 1417 2268 scholarum
1438 2246 1531 2276 Paris„
1551 2254 1617 2277 quae
1639 2255 1651 2269 e
1667 2250 1772 2270 cantore
1789 2247 1873 2271 Paris.
1887 2248 2045 2279 pendebant,
2066 2249 2098 2272 de
2117 2249 2214 2280 quibus
2235 2249 2305 2273 iufra

442 2292 471 2309 no
486 2287 555 2310 1237.
572 2287 632 2310 Sine
645 2286 724 2309 dubio
743 2295 823 2318 supra
838 2295 888 2310 non
904 2287 991 2318 agitur
1007 2288 1037 2310 de
1059 2288 1180 2311 omnibus
1200 2289 1296 2311 scholis
1317 2290 1561 2320 grammaticalibus
1584 2290 1609 2313 in
1627 2291 1732 2314 civitate
1751 2291 1846 2317 Paris..
1862 2292 1907 2315 sed
1926 2295 2027 2315 tantum
2044 2293 2075 2316 de
2090 2293 2262 2317 existentibus
2277 2294 2304 2317 in

442 2335 517 2363 parte
532 2331 639 2354 sinistra
653 2332 786 2362 Sequanae
800 2331 946 2360 (Quartier
959 2331 1050 2361 latin),
1065 2332 1109 2354 ubi
1122 2333 1241 2363 magistri
1258 2333 1445 2357 Universitntis
1459 2335 1596 2358 docebant.
1613 2349 1643 2352 —
1660 2336 1684 2359 3.
1697 2336 1718 2359 Ι.
1731 2344 1753 2359 e.
1771 2337 1918 2359 Armnndus
1930 2337 1961 2359 dc
1977 2337 2104 2368 Mayrani,
2120 2338 2151 2360 de
2169 2346 2220 2369 quo
2234 2338 2304 2362 infra

443 2380 472 2399 11ο
487 2376 556 2404 1223,
569 2379 622 2399 not.
639 2376 661 2398 2.
678 2389 702 2392 -
715 2376 738 2398 [1.
755 2376 859 2398 Petrum
873 2376 904 2398 de
919 2376 945 2398 ln
960 2376 1059 2406 Forest,
1071 2385 1083 2399 e
1099 2377 1159 2400 sede
1175 2377 1318 2400 parisiensi
1334 2378 1367 2401 nd
1383 2379 1600 2410 Rotomagensem
1612 2388 1679 2402 anno
1691 2380 1751 2403 1352
1764 2381 1932 2404 translatum.
1943 2395 1974 2398 —
1984 2383 2006 2404 5.
2021 2382 2046 2404 Is
2059 2384 2116 2405 erut
2130 2382 2302 2414 Reginahius,

443 2420 487 2451 qui
503 2428 561 2443 cum
584 2423 652 2442 esset
671 2420 761 2443 decan.
784 2420 923 2450 Burgens.‚
945 2421 1052 2444 Tornac.
1069 2421 1160 2449 dioec„
1178 2430 1219 2446 an.
1241 2422 1309 2451 1351,
1325 2422 1434 2447 Janunr.
1449 2424 1472 2452 3,
1488 2424 1572 2446 factus
1588 2427 1628 2447 est
1645 2424 1726 2455 episc.
1745 2425 1863 2449 Cabilon.
1880 2426 1952 2456 (Reg.
1970 2426 2026 2448 Vnt.
2045 2426 2124 2450 Clem.
2142 2427 2184 2455 VI,
2201 2431 2231 2450 n⁰
2249 2428 2303 2458 199,

444 2466 461 2488 s.
481 2465 528 2494 15),
544 2472 586 2487 an.
605 2464 673 2493 1353,
687 2464 776 2487 Octob.
795 2464 817 2492 2,
831 2464 923 2487 transl.
940 2465 972 2487 ad
988 2464 1124 2489 Catalaun.
1141 2466 1216 2496 (Reg.
1230 2466 1286 2489 Vnt.
1302 2467 1389 2490 Innoc.
1403 2467 1445 2495 Vl,
1460 2471 1488 2490 n⁰
1504 2469 1557 2498 2114,
1573 2469 1590 2491 s.
1607 2469 1673 2499 155).
1689 2469 1800 2492 Erratur
1812 2469 1839 2492 in
1854 2469 1927 2493 Gall.
1939 2470 2097 2500 christ.‚1V,
2113 2471 2174 2500 921;
2192 2472 2233 2500 lx,
2248 2473 2303 2496 892.

443 2522 472 2526 --
484 2510 508 2531 (3.
523 2508 608 2531 Dioec.
630 2508 771 2531 Senonens.
787 2508 817 2531 Ο.
834 2508 859 2531 S.
885 2509 913 2531 B.
929 2509 1000 2531 Tunc
1021 2509 1103 2532 abbas
1127 2510 1175 2532 snit
1196 2510 1328 2534 Johannes
1343 2511 1374 2534 de
1395 2511 1541 2540 Snrtanaio,
1558 2512 1590 2535 ab
1613 2521 1654 2535 an.
1671 2513 1742 2545 1347,
1758 2513 1814 2537 Oct,
1836 2514 1865 2536 24
1879 2514 1952 2546 (Reg.
1971 2515 2027 2537 vat.
2049 2515 2149 2538 Comm.
2166 2515 2247 2539 Clem.
2261 2516 2303 2544 VI,

443 2557 472 2575 n⁰
488 2553 540 2582 181,
558 2553 575 2576 f.
592 2553 640 2581 35).
659 2552 688 2575 V.
704 2552 773 2576 Gall.
791 2552 894 2582 christ„
909 2553 963 2581 XII,
978 2554 1030 2577 165.
