2488 3386
436 356 501 390 56ss
1009 361 1331 385 CHARTULARIUM
1367 362 1558 385 umvsns.
1596 363 1724 386 rAnis.
2204 351 2303 388 [1379

525 440 670 472 Stephano
683 439 718 464 de
733 438 938 464 Calvomonte5
953 437 1115 471 presidente
1130 437 1192 462 loco
1204 436 1315 465 decani.
1470 438 1628 471 Reginaldo
1643 438 1678 464 de
1693 439 1719 464 la
1735 438 1897 467 BuscherIe.

523 489 655 514 Johanne
670 487 705 513 de
720 486 862 515 Karoloet.
1471 486 1614 512 Balduino
1629 487 1715 520 Agni,

524 537 647 563 Henrico
663 535 800 565 Heroutss,
1470 536 1498 560 et
1514 535 1663 561 Francisco
1675 535 1711 561 de
1726 535 1897 564 Mediolano.

435 618 465 643 in
482 624 557 643 sacra
570 616 675 649 pagina
691 615 907 649 professoribus,
927 615 1061 640 facientes
1077 613 1233 646 collegium
1247 613 1392 647 facultatis
1409 614 1551 648 theologie.

438 711 471 737 et
496 703 614 736 omnia
642 709 677 735 et
706 701 849 747 singula
876 701 1030 746 collegia
1059 700 1265 733 facultatum
1298 700 1586 745 supradictarum
1618 701 1726 734 simul
1756 701 1923 734 facientia
1954 701 2077 734 nobile
2107 702 2303 747 collegium

435 769 655 803 venerabilis
686 768 797 801 studii
828 767 1082 801 Universitatis
1111 766 1328 799 Parisiensis
1355 767 1399 799 ad
1430 767 1753 812 congregationem
1783 768 1991 813 generalem
2017 768 2111 813 apud
2137 769 2304 802 Sanctum

436 837 663 870 Maturinum
685 835 922 880 solempniter
947 834 1070 866 factam
1095 839 1130 866 et
1153 845 1217 878 per
1242 833 1390 866 cedulas
1412 834 1564 867 rectoris
1586 840 1625 867 ut
1649 834 1761 867 moris
1785 841 1840 868 est
1867 841 2113 876 convocatam,
2135 842 2243 880 prout
2267 836 2305 868 in

435 904 559 936 arduis
590 903 683 935 dicte
716 900 971 935 Universitatis
1006 900 1165 945 negotiis
1197 906 1252 932 est
1283 899 1362 932 fieri
1397 907 1625 942 consuetum,
1662 901 1814 946 ipseque
1844 902 2018 947 magister
2046 901 2230 935 Johannes
2261 902 2305 935 de

438 970 576 1003 Stralen
608 975 726 1001 rector
753 968 789 1000 in
817 967 998 1012 presentia
1027 961 1186 999 omnium
1216 965 1352 999 ibidem
1384 967 1615 999 existentium
1647 967 1736 1000 dixit
1762 974 1797 1000 et
1831 968 2000 1013 exposuit
2033 968 2178 1013 publice
2208 968 2306 1014 quod

436 1036 696 1069 serenissimus
718 1034 887 1079 princeps
905 1033 1075 1066 dominus
1092 1032 1250 1065 Karolus
1265 1033 1330 1065 Dei
1347 1033 1461 1078 gratia
1480 1034 1698 1066 Francorum
1717 1045 1778 1066 rex
1800 1045 1884 1067 suas
1901 1035 1990 1067 certi
2011 1035 2149 1067 tenoris
2167 1034 2306 1068 litteras

435 1102 577 1135 clausas
609 1100 730 1146 sigillo
759 1112 825 1133 suo
854 1106 995 1132 secreto
1024 1105 1062 1131 ut
1091 1099 1205 1144 prima
1232 1099 1323 1131 facie
1351 1098 1547 1144 apparebat
1574 1099 1751 1144 sigillatas
1779 1100 1912 1133 rectori
1941 1107 1976 1133 et
2002 1101 2186 1146 magistris
2212 1101 2306 1134 dicte

438 1168 691 1201 Universitatis
720 1167 910 1205 direxerat,
939 1166 981 1198 ad
1010 1178 1098 1210 quas
1131 1165 1361 1210 aperiendas,
1394 1165 1570 1210 legendas
1600 1172 1635 1198 et
1665 1166 1865 1199 audiendas
1894 1166 2079 1212 predictos
2111 1167 2306 1212 magistros

436 1234 632 1279 cujuslibet
654 1233 832 1266 facultatis
854 1231 1103 1277 principaliter
1124 1231 1259 1264 ibidem
1281 1232 1473 1265 convocari
1502 1238 1537 1265 et
1564 1233 1782 1278 congregari
1808 1233 1954 1266 fecerat.
1977 1233 2118 1266 Deinde
2147 1234 2306 1279 prefatus

437 1301 609 1346 magister
628 1299 811 1333 Johannes
833 1306 952 1332 rector
973 1299 1087 1331 dictas
1108 1298 1247 1331 litteras
1275 1298 1318 1331 ad
1349 1298 1585 1343 aperiendum
1616 1298 1725 1332 michi
1756 1300 1896 1332 notario
1925 1299 2071 1345 publico
2098 1299 2306 1346 subscripto

436 1367 596 1408 tradidit,
627 1367 787 1412 porrexit
807 1378 845 1399 ac
867 1366 972 1398 etiam
994 1365 1206 1410 assignavit,
1235 1377 1324 1410 quas
1346 1365 1491 1410 quidem
1520 1365 1658 1398 litteras
1680 1366 1717 1398 in
1742 1366 1925 1411 presentia
1947 1367 2107 1399 omnium
2129 1373 2164 1400 et
2184 1367 2308 1413 singu-

437 1435 553 1467 lorum
575 1434 709 1467 ibidem
732 1433 962 1466 existentium
986 1432 1030 1465 de
1051 1432 1218 1465 mandato
1240 1438 1275 1465 et
1295 1432 1439 1465 licentia
1461 1432 1577 1477 ipsius
1599 1432 1736 1465 domini
1763 1433 1916 1466 rectoris
1940 1434 1974 1466 in
1996 1433 2090 1467 dicta
2110 1445 2307 1479 congrega-

438 1502 535 1534 tione
556 1501 680 1546 aperui
702 1507 736 1532 et
756 1500 899 1533 easdem
927 1499 995 1532 alta
1017 1505 1052 1531 et
1079 1498 1303 1543 intelligibili
1324 1511 1412 1531 voce
1434 1498 1507 1543 legi
1529 1506 1564 1531 et
1584 1499 1737 1544 perlegi,
1761 1511 1911 1544 quarum
1934 1500 2079 1545 quidem
2106 1500 2307 1534 litterarum

438 1568 724 1613 supradictarum
746 1574 850 1599 tenor
871 1566 915 1599 de
936 1565 1048 1599 verbo
1069 1565 1113 1598 ad
1133 1565 1284 1598 verbum
1307 1566 1474 1611 sequitur
1495 1572 1530 1598 et
1551 1572 1606 1599 est
1625 1566 1706 1599 talis
1726 1578 1732 1598 :
1757 1581 1772 1596 «
1791 1567 1821 1599 Α
1842 1578 1908 1599 noz
1929 1573 2003 1599 tres
2025 1566 2144 1600 chiers
2167 1574 2202 1600 et
2221 1566 2307 1600 bien

437 1639 535 1667 ames
557 1635 610 1667 les
631 1641 774 1667 recteur
792 1648 822 1674 »,
845 1639 909 1667 etc.
935 1638 973 1667 ut
996 1644 1107 1677 supra
1133 1636 1169 1664 n⁰
1196 1633 1292 1666 1623.

527 1702 602 1745 Qua
624 1701 759 1734 lectura
781 1701 832 1733 sic
854 1712 918 1745 per
938 1712 994 1732 me
1016 1699 1193 1732 notarium
1217 1699 1463 1744 subscriptum
1486 1700 1575 1732 facta
1602 1706 1637 1732 et
1664 1711 1727 1744 per
1753 1700 1854 1744 ipsos
1882 1700 2051 1733 dominos
2078 1700 2198 1733 audita
2225 1712 2307 1746 pre-

437 1769 530 1801 fatus
559 1775 677 1800 rector
705 1767 904 1812 requisitus
933 1766 997 1798 fuit
1029 1766 1127 1810 quod
1160 1766 1238 1811 ipse
1269 1772 1436 1798 contenta
1467 1766 1503 1798 in
1534 1766 1640 1798 dictis
1670 1766 1802 1799 litteris
1835 1767 1946 1811 regiis
1976 1767 2013 1799 in
2044 1766 2306 1800 deliberatione

438 1842 599 1880 poneret.
623 1835 692 1877 Qui
714 1834 882 1866 dominus
904 1840 1023 1865 rector
1040 1832 1268 1878 respondens
1290 1832 1379 1865 dixit
1399 1833 1497 1877 quod
1518 1839 1687 1865 contenta
1709 1833 1745 1865 in
1767 1833 1903 1865 eisdem
1922 1833 2053 1866 litteris
2076 1840 2177 1867 erant
2198 1834 2306 1867 nimis

436 1902 558 1942 ardua,
577 1908 612 1934 et
632 1907 783 1944 protunc
801 1912 872 1932 non
894 1900 1043 1932 auderet
1064 1911 1103 1932 ea
1125 1911 1331 1944 proponere
1353 1911 1419 1931 nec
1441 1899 1477 1931 in
1498 1899 1763 1932 deliberatione
1786 1901 1956 1944 ponere⁷,
1975 1911 2041 1932 nec
2059 1900 2164 1932 etiam
2182 1906 2307 1934 contra

439 1969 640 2001 mandatum
669 1974 703 2000 et
728 1973 929 2011 requestam
960 1966 1096 1998 domini
1125 1966 1240 1998 nostri
1269 1966 1368 2010 regis
1394 1966 1445 1998 ire
1467 1965 1524 1998 vel
1546 1966 1577 1998 ei
1600 1965 1803 1998 inobedire.
1828 1966 1898 1999 Sed
1921 1966 2023 2011 petiit
2052 1966 2149 2011 quod
2180 1967 2306 2011 prefati
2355 2001 2357 2003 ,

438 2035 599 2080 magistri
621 2035 713 2067 circa
735 2034 799 2066 hec
822 2034 857 2066 in
875 2033 1031 2078 singulis
1053 2031 1283 2065 facultatibus
1305 2039 1339 2065 et
1360 2032 1569 2065 nationibus
1591 2032 1835 2066 deliberarent
1857 2044 1957 2065 more
1975 2032 2083 2066 solito
2100 2031 2187 2078 quid
2208 2039 2307 2066 esset

435 2113 545 2146 super
570 2108 695 2134 tenore
723 2101 880 2145 ipsarum
910 2099 1063 2132 ulterius
1090 2098 1294 2131 faciendum
1325 2110 1389 2131 seu
1419 2099 1524 2131 etiam
1554 2098 1866 2143 respondendum.
1888 2100 1961 2132 Nec
1988 2099 2058 2132 alio
2085 2099 2192 2132 modo
2224 2111 2305 2144 pre-

437 2169 545 2201 missa
577 2168 697 2212 posuit
726 2167 761 2199 in
788 2165 1063 2205 deliberatione,
1092 2165 1155 2198 sed
1190 2165 1382 2210 requisivit
1410 2166 1565 2210 prefatas
1591 2165 1757 2198 nationes
1787 2172 1822 2198 et
1847 2165 2036 2199 facultates
2062 2172 2239 2210 quatenus
2260 2165 2304 2199 ad

438 2242 571 2279 partem
589 2246 627 2266 se
645 2233 826 2266 traherent
847 2232 1123 2277 particulariter,
1143 2238 1180 2264 ut
1200 2232 1310 2264 moris
1328 2238 1397 2273 est,
1415 2232 1634 2277 segregatim
1653 2231 1806 2276 quilibet
1828 2233 2083 2277 magistrorum
2105 2233 2141 2264 in
2158 2232 2303 2265 natione

438 2308 469 2333 et
492 2301 656 2333 facultate
679 2312 754 2332 sua.

526 2367 593 2409 Qui
614 2366 757 2410 quidem
781 2366 943 2410 magistri
964 2366 1006 2398 ad
1030 2372 1164 2410 partem
1189 2377 1253 2410 pro
1276 2363 1605 2397 deliberationibus
1627 2377 1737 2410 super
1758 2372 1884 2397 tenore
1906 2365 2079 2397 dictarum
2102 2364 2300 2398 litterarum

438 2433 614 2465 habendis
635 2432 785 2477 quilibet
808 2433 843 2464 in
865 2432 1009 2464 natione
1032 2439 1066 2464 et
1086 2432 1252 2464 facultate
1274 2443 1338 2464 sua
1359 2443 1398 2463 se
1419 2438 1615 2464 traxerunt.
1640 2433 1682 2464 Et
1702 2431 1808 2476 paulo
1831 2438 1913 2476 post
1934 2431 2071 2464 reversi
2092 2432 2239 2464 fuerunt
2258 2431 2302 2464 ad

438 2499 755 2543 congregationem
792 2510 1016 2530 communem
1055 2510 1118 2543 pro
1152 2497 1478 2530 deliberationibus
1515 2498 1724 2531 reddendis.
1760 2499 1803 2530 Et
1836 2498 1952 2542 primo
1986 2497 2110 2530 retulit
2142 2498 2302 2542 prefatus

440 2566 610 2610 magister
636 2565 819 2597 Johanncs
851 2571 968 2597 rector
995 2565 1140 2597 nomine
1158 2565 1358 2609 facultatis
1383 2565 1532 2605 artium,
1558 2564 1655 2609 quod
1685 2564 1754 2597 due
1788 2564 1972 2596 nationes⁸
1999 2563 2241 2597 adherebant⁹
2267 2570 2303 2597 et

438 2632 612 2665 adherere
633 2631 803 2663 volebant
824 2631 970 2663 domino
993 2638 1118 2663 nostro
1139 2631 1319 2664 Clementi
1341 2643 1430 2675 pape
1453 2631 1608 2675 septimo
1630 2637 1796 2675 tanquam
1818 2642 1904 2663 vero
1927 2630 2088 2675 pontifici
2114 2637 2148 2663 et
2167 2630 2301 2663 vicario

438 2699 586 2739 Christi,
613 2704 647 2730 et
668 2697 764 2742 quod
786 2697 854 2741 ipsi
878 2709 949 2729 non
970 2698 1209 2730 intendebant
1237 2697 1411 2730 recedere
1437 2697 1641 2742 aliqualiter
1668 2697 1837 2730 decetero
1865 2697 1908 2729 ab
1934 2697 2001 2730 ista
2029 2697 2243 2737 adhesione;
2267 2703 2303 2730 et

438 2766 506 2797 due
535 2764 602 2797 alie
629 2764 829 2796 nationes¹⁰
853 2763 1021 2796 dixerunt
1050 2764 1146 2808 quod
1177 2763 1279 2796 fieret
1309 2763 1376 2796 alia
1404 2763 1642 2808 congregatio
1673 2763 1874 2808 solempnis
1902 2770 1937 2796 et
1966 2775 2030 2808 per
2054 2764 2299 2808 juramentum

439 2831 640 2876 regentium
670 2836 704 2862 et
733 2841 805 2861 non
837 2830 1040 2874 regentium
1071 2830 1164 2874 apud
1201 2830 1369 2862 Sanctum
1401 2830 1623 2862 Bernardum
1658 2830 1830 2870 Parisius,
1863 2837 1897 2862 et
1927 2830 2025 2875 quod
2060 2836 2227 2862 contenta
2262 2830 2299 2862 in

438 2898 566 2930 litteris
584 2896 720 2929 domini
741 2896 856 2928 nostri
880 2896 976 2940 regis
997 2896 1033 2927 in
1051 2895 1312 2937 deliberatione
1334 2896 1479 2941 plenius
1501 2903 1739 2941 ponerentur,
1757 2903 1792 2929 et
1813 2909 1923 2941 super
1939 2896 2007 2929 hoc
2028 2896 2131 2929 fieret
2151 2908 2299 2941 respon-
