2488 3386
188 338 284 375 1379]
601 350 786 372 AB‘ANNO
820 350 951 372 mcccx.
985 350 1116 378 USQUE
1151 350 1198 371 An
1234 351 1497 373 BENEDICTUM
1533 351 1623 372 Χιιι.
1987 340 2050 374 263

273 425 400 452 ,Iohanni
416 426 451 452 de
467 424 718 460 Sierra[n]villiers.
735 425 829 458 presb.
846 425 992 450 Gamerae.
1007 425 1093 454 dioc..
1111 432 1188 457 mag.
1206 425 1236 450 in
1249 426 1303 450 art.

272 475 356 500 Petro
371 474 511 503 Carterot.
526 474 619 507 presb.
637 474 798 500 Belvacens.
813 473 900 502 dioc..
915 481 992 506 mag.
1009 473 1039 498 in
1052 475 1117 502 art..
1135 473 1186 506 qui
1204 473 1326 499 Parisius
1341 474 1454 499 studuit
1470 473 1499 499 in
1517 474 1604 499 theol.
1624 482 1673 507 per
1686 475 1795 506 septeni
1811 481 1909 498 annos.

275 523 358 549 Petro
373 523 408 549 de
424 523 600 552 Sommeriis,
618 523 684 548 cler.
702 522 862 548 Belvacens.
879 521 965 551 dioc.‚
983 529 1060 554 mag.
1076 522 1106 547 iu
1121 523 1174 547 art.

273 572 386 597 Nicolao
401 572 436 597 de
451 572 577 604 Quercu,
594 571 688 604 presb.
706 571 841 597 Ambian.
856 571 942 599 dioc.‚
960 578 1036 603 mag.
1054 571 1085 596 in
1098 571 1164 598 art..
1180 571 1231 603 qui
1246 570 1367 596 Parisius
1383 571 1495 596 studuit
1512 570 1644 604 pluribus
1659 571 1742 595 annis
1758 571 1786 595 in
1805 570 1891 595 theol.

273 620 405 646 Eustacio
418 620 563 648 Balduini.
580 620 652 646 diac.
670 620 805 645 Ambian.
820 619 906 648 dioc..
924 627 1001 652 mag.
1017 619 1047 644 in
1062 620 1116 644 art.

274 669 401 695 Gerardo
416 668 554 696 Marcoul.
569 668 662 702 presb.
680 668 815 694 Ambian.
833 668 919 695 dioc..
936 675 1015 701 mag.
1031 668 1062 693 in
1077 669 1130 693 art.

273 717 435 743 Guillermo
450 717 571 746 Wibart,
589 717 655 743 cler.
670 717 826 742 Morinens.
842 716 928 746 dioc..
946 724 1023 749 mag.
1041 716 1070 741 in
1084 718 1150 745 art..
1168 716 1244 742 stud.
1262 717 1292 742 in
1309 717 1397 742 theol.

274 766 357 792 Petro
370 766 515 795 Conversi,
533 766 626 799 presb.
645 765 830 791 Laudunens.
848 765 933 794 dioc..
949 773 1025 798 mag.
1044 765 1074 790 in
1089 767 1144 790 art.
1164 764 1209 799 [de
1224 773 1286 790 can.
1302 766 1368 791 eccl.
1384 766 1411 791 S.
1428 765 1569 791 Johannis
1585 766 1614 790 in
1630 766 1726 798 Burgo
1742 765 1897 799 Laudun.1.

273 815 401 840 Johanni
416 815 493 840 dicto
509 814 663 840 Noirbarhe
685 815 720 840 de
742 814 828 847 Dysy,
849 814 942 847 presb.
965 814 1151 839 Laudunens.
1176 814 1262 843 dioc.,
1279 822 1356 847 mag.
1375 814 1404 839 in
1426 816 1479 839 art..
1499 813 1542 848 [de
1557 822 1620 839 can.
1639 814 1706 840 eccl.
1724 814 1788 839 coll.
1811 814 1837 839 S.
1856 814 2052 847 simphoriani

183 863 343 898 Remens.].

271 912 400 938 Johanni
413 913 498 941 Fene,
513 912 580 938 cler.
598 913 785 938 Laudunens.
803 912 888 941 dioc.‚
901 919 978 945 mag.
996 912 1026 937 in
1042 914 1096 938 art.
1110 913 1138 938 et
1150 912 1210 938 bac.
1226 911 1256 937 in
1269 912 1334 945 jure
1349 912 1400 937 civ.

271 961 415 987 Almarico
430 961 586 994 Rappaple,
601 961 694 994 presb.
710 961 850 987 Attrebat.
863 961 948 986 dioc..
966 968 1044 994 mag.
1060 961 1090 986 in
1105 962 1159 986 art.
1177 962 1205 986 et
1221 961 1281 986 bac.
1296 961 1325 986 in
1339 961 1444 986 decret.
1461 960 1506 994 [de
1520 968 1582 986 can.
1600 961 1667 986 eccl.
1683 961 1745 986 coll.
1758 960 1784 986 S.
1799 960 1872 986 Petri
1887 960 2049 995 Duacens.].

271 1009 399 1035 johanni
413 1010 448 1036 de
468 1010 600 1036 Swamen
615 1009 679 1044 (ley.
697 1009 863 1044 Zwalmen).
881 1010 945 1035 cler.
960 1009 1108 1035 Leodiens.
1125 1009 1211 1038 dioc.‚
1228 1017 1306 1042 mag.
1324 1010 1354 1034 in
1367 1011 1433 1038 art.‚
1452 1009 1528 1035 stud.
1545 1009 1667 1035 Pal-isius
1682 1009 1792 1042 injure
1805 1017 1867 1035 can.

271 1059 385 1085 Matheo
398 1059 433 1085 de
446 1059 602 1088 Helleville.
617 1059 684 1085 cler.
701 1059 881 1085 Noviomens.
899 1059 984 1088 dioc..
1002 1066 1080 1091 mag.
1095 1058 1126 1083 in
1139 1060 1192 1084 art.
1208 1060 1236 1084 et
1249 1058 1309 1084 bac.
1327 1058 1357 1084 in
1371 1059 1458 1084 theol.
1475 1057 1519 1092 [de
1534 1066 1597 1084 can.
1612 1059 1678 1084 eccl.
1695 1058 1848 1092 Remens.].

271 1107 433 1133 Guillermo
445 1107 604 1135 Smalveen.
617 1108 710 1141 presb.
724 1108 877 1134 Morinens.
890 1107 975 1137 dioc.,
993 1115 1070 1140 mag.
1088 1107 1118 1132 in
1129 1109 1183 1133 art.
1198 1107 1244 1140 [de
1257 1115 1319 1133 can.
1331 1107 1398 1133 eccl.
1415 1108 1480 1134 coll.
1493 1107 1519 1132 S.
1532 1107 1692 1132 Audomari
1704 1107 1733 1132 in
1746 1107 1849 1133 Sancto
1863 1106 2050 1141 Audoma1·0].

272 1157 399 1182 Johanni
415 1157 522 1183 Maton.
537 1157 605 1182 cler.
623 1156 808 1182 Laudunens.
824 1164 901 1190 mag.
918 1157 949 1182 in
964 1158 1017 1182 art.
1036 1158 1064 1182 et
1080 1156 1139 1182 bac.
1158 1156 1188 1182 in
1200 1156 1267 1189 jure
1282 1156 1356 1182 civili
1375 1155 1419 1190 [de
1435 1164 1498 1182 can.
1515 1156 1582 1182 eccl.
1602 1155 1756 1190 Lau<lun.].

272 1205 399 1231 ,Iohanni
416 1206 576 1233 Bauchant.
593 1205 686 1239 presb.
702 1205 883 1231 Noviomens.
901 1205 986 1234 dioc..
1006 1213 1083 1237 mag.
1101 1205 1131 1230 in
1147 1207 1200 1230 art.

273 1254 418 1287 Phillippo
433 1254 567 1283 Bonardi.
582 1254 648 1280 cler.
664 1254 824 1280 Belvacens.
842 1254 928 1283 dioc..
946 1262 1023 1286 mag.
1041 1254 1071 1279 in
1087 1255 1152 1283 art..
1168 1254 1244 1279 stud.
1264 1254 1385 1279 Parisius
1401 1254 1430 1279 in
1447 1254 1535 1279 theol.
1553 1261 1567 1279 a
1583 1255 1711 1286 quatuor
1724 1254 1807 1279 annis
1822 1254 1900 1279 citra.

273 1303 400 1328 Johanni
417 1303 555 1331 Parkarii,
570 1303 636 1329 cler.
653 1302 789 1328 Ambian.
807 1303 893 1332 dioc..
910 1311 987 1336 mag.
1004 1303 1034 1328 in
1049 1304 1103 1328 art.

545 1405 674 1438 Sequitur
688 1405 800 1431 rubrica
817 1405 982 1431 bedellorum
998 1407 1022 1431 el
1038 1405 1198 1431 clericorum
1214 1405 1331 1431 nationis
1347 1407 1371 1431 el
1386 1405 1548 1439 officialium
1563 1405 1694 1438 ejusdem.

271 1493 418 1519 Firmaldo
437 1493 563 1523 Oliverfi,
584 1494 651 1519 cler.
674 1494 846 1519 Tornacens.
869 1494 955 1522 dioc..
982 1494 1150 1520 subbedello
1172 1494 1299 1527 generali
1319 1496 1378 1519 nat.
1401 1493 1509 1519 Picard.
1527 1495 1556 1519 et
1576 1494 1652 1519 stud.
1677 1494 1797 1519 Parisius
1818 1494 1846 1519 in
1867 1494 1932 1527 jure
1951 1502 2014 1520 can.
2036 1502 2051 1519 a

182 1543 310 1575 quatuor
324 1542 408 1568 annis
422 1542 492 1568 citra
508 1544 536 1568 et
551 1543 686 1575 amplius.

271 1591 398 1617 Johanni
413 1591 448 1617 de
465 1591 550 1620 Potis,
567 1591 688 1624 pauperi
702 1591 769 1617 cler.
787 1591 922 1617 Ambian.
940 1591 1013 1617 dioc.

271 1640 391 1673 Symoni
404 1640 540 1668 Bardoul.
558 1640 677 1673 pauperi
693 1640 759 1666 cler.
776 1641 932 1666 Morinens.
950 1641 1024 1666 dioc.
1049 1639 1094 1675 [de
1109 1648 1172 1666 can.
1190 1641 1257 1666 eccl.
1272 1641 1336 1666 coll.
1351 1641 1377 1667 S.
1391 1641 1465 1666 Petri
1481 1641 1575 1667 Arien.
1595 1640 1697 1666 Morin.
1710 1640 1774 1666 dioc
1791 1640 1806 1675 Ι.

272 1689 399 1714 Johanni
414 1689 592 1722 Quaresmel,
610 1689 731 1722 pauperi
747 1689 812 1715 cler.
831 1690 965 1715 Laudun.
983 1690 1069 1718 dioc..
1086 1690 1163 1715 stud.
1182 1690 1304 1715 Parisius
1319 1690 1349 1715 in
1366 1692 1419 1715 art.

270 1738 398 1764 Johanni
412 1738 448 1764 de
463 1738 607 1771 Rotheugi
619 1737 649 1768 Η,
667 1738 788 1771 pauperi
803 1739 869 1764 cler.
888 1738 974 1764 Paris.
991 1738 1064 1764 dioc.

270 1786 371 1820 Egidio
386 1787 421 1812 de
436 1787 594 1820 Coucyaco.
609 1787 731 1820 pauperi
747 1788 813 1813 cler.
831 1787 1011 1813 Noviomens.
1029 1787 1115 1816 dioc..
1133 1787 1209 1813 stud.
1226 1787 1347 1813 Parisius
1362 1788 1392 1813 in
1408 1789 1461 1813 art.

271 1836 398 1861 Johanni
412 1836 500 1865 Ruffi.
517 1836 638 1869 pauperi
653 1836 719 1862 cler.
738 1836 871 1862 Laudun.

270 1884 397 1910 Johanni
413 1885 560 1914 Coustelli,
578 1885 698 1918 pauperi
714 1885 780 1911 cler.
799 1886 931 1911 Remens.
946 1885 1020 1911 dioc.

272 1933 427 1959 Laurentio
440 1934 593 1963 Dominus.
608 1933 735 1960 subdiac.
754 1934 888 1960 Ambian.
906 1934 992 1963 dioc..
1007 1934 1083 1959 stud.
1101 1934 1232 1960 Parisius.

270 1982 395 2008 Roberto
411 1982 494 2015 Lupi.
512 1982 578 2008 cler.
593 1982 728 2008 Ambian.
743 1983 816 2009 dioc.
1428 1983 1498 2017 [124]

275 2070 338 2100 Reg.
355 2070 412 2092 Vat.
429 2070 523 2100 Suppl.
541 2069 682 2093 Clementis
701 2070 754 2097 Vll,
772 2078 814 2093 nn.
834 2070 856 2099 1,
874 2079 900 2101 p.
919 2072 940 2097 5,
958 2070 1002 2094 sol.
1022 2071 1074 2094 154.
1094 2084 1125 2087 —
1139 2071 1260 2102 Plerique
1280 2071 1374 2093 horum
1396 2071 1586 2102 magistrorum
1604 2072 1659 2102 jam
1677 2072 1709 2094 ad
1730 2080 1772 2094 un.
1791 2071 1849 2094 1371
1874 2071 1899 2093 in
1920 2072 1982 2102 Reg.
2004 2073 2048 2094 Av.

182 2114 303 2145 Gregorii
321 2114 362 2142 xl,
382 2114 434 2137 vol.
450 2114 515 2143 l-IX,
535 2114 680 2137 afferuntur
698 2117 726 2137 ut
746 2114 867 2145 magistri
887 2115 993 2138 artium.
1011 2115 1046 2138 De
1067 2115 1156 2138 multis
1170 2115 1224 2146 jam
1248 2115 1273 2138 in
1289 2115 1481 2147 superioribus.
1498 2116 1593 2139 Notatu
1613 2119 1698 2139 tamen
1717 2116 1834 2147 dignum,
1855 2124 1952 2146 paucos
1970 2117 2050 2139 Flun-

182 2159 290 2182 drenses
304 2159 401 2184 afferri,

275 2247 298 2270 1.
315 2247 465 2278 Sequuntur
480 2247 573 2270 solitae
589 2247 717 2270 formulae
733 2250 758 2270 ct
774 2247 923 2278 petitiones.
939 2261 969 2264 —
985 2248 1007 2271 2.
1026 2248 1062 2270 De
1085 2256 1135 2279 quo
1148 2248 1204 2279 jam
1220 2256 1300 2279 supra
1318 2249 1427 2279 pluries.
1449 2262 1475 2266 —
1494 2249 1517 2272 3.
1539 2250 1586 2273 An.
1608 2250 1668 2272 1379
1685 2249 1773 2272 licent.
1795 2249 1819 2271 in
1842 2249 1932 2277 theol„
1948 2249 1979 2271 de
1999 2256 2049 2279 quo

179 2291 234 2322 jam
252 2299 333 2322 supra
353 2292 385 2314 ad
401 2299 442 2315 un.
465 2291 534 2319 1379,
553 2300 579 2322 p.
595 2292 647 2320 239,
670 2294 724 2314 not.
747 2292 769 2314 3.
785 2305 815 2309 ——-
828 2292 849 2314 4.
871 2300 882 2314 ι(
903 2291 1036 2314 Johannes
1058 2292 1199 2315 Troilletus
1218 2301 1228 2314 υ
1252 2292 1294 2315 lic.
1318 2293 1343 2315 in
1360 2293 1439 2316 theol.
1465 2301 1507 2315 nn.
1529 2293 1588 2316 '1397
1612 2301 1624 2316 e
1644 2293 1732 2317 Catal.
1755 2293 1847 2317 licem.
1863 2307 1893 2310 —
1910 2295 1932 2316 5.
1951 2292 2049 2315 Gallice

182 2336 320 2359 Bancourt.
337 2336 513 2364 Bulueus,1V‚
528 2337 583 2365 597,
597 2335 690 2358 scribit
704 2344 844 2366 perperam
860 2344 869 2358 «
883 2336 914 2358 de
928 2336 1056 2359 Roncuria
1071 2344 1080 2358 1)
1094 2336 1157 2366 (vid.
1174 2345 1264 2368 supra,
1278 2345 1304 2368 p.
1320 2337 1373 2366 162,
1387 2339 1451 2366 not.)
1464 2337 1496 2360 ad
1513 2346 1554 2360 nn.
1568 2338 1637 2367 1:383,
1655 2337 1699 2360 ubi
1714 2337 1852 2366 Jourdain,
1869 2341 1897 2359 n⁰
1912 2337 1966 2364 801,
1982 2337 2049 2359 male

183 2389 194 2403 (τ
207 2380 340 2403 Johannes
355 2380 386 2403 de
400 2380 528 2403 Bencuria
543 2389 565 2408 ν),
579 2383 603 2403 ct
618 2380 676 2402 Bul.
692 2388 718 2411 p.
735 2380 789 2404 992.
807 2389 818 2402 «
835 2380 866 2403 de
882 2380 1011 2403 Boncuria
1025 2389 1045 2403 u.
1060 2382 1123 2403 -6.
1140 2381 1241 2404 Pluries
1258 2389 1349 2412 supra.
1361 2395 1387 2399 —
1403 2382 1425 2406 7.
1442 2382 1570 2409 An.1372,
1582 2382 1653 2404 Junii
1669 2381 1806 2406 23-0ctoh.
1824 2382 1860 2404 10.
1871 2395 1902 2398 —
1915 2382 1936 2404 8.
1951 2381 2047 2404 Licent.

182 2424 207 2447 in
223 2425 303 2448 theol.
319 2433 361 2448 un.
384 2425 453 2448 1379.
469 2425 527 2447 Jam
545 2424 571 2448 in
584 2424 678 2448 rotulis
692 2433 752 2447 ann.
775 2425 835 2447 1362
850 2428 876 2447 et
895 2425 956 2447 1365
976 2425 1118 2448 invenitur.
1140 2427 1187 2448 An.
1209 2426 1269 2448 1378
1285 2426 1394 2449 affertur
1410 2429 1438 2448 ut
1452 2434 1509 2451 cun,
1532 2426 1595 2449 eccl.
1612 2426 1638 2450 S.
1657 2426 1795 2457 Gangerici
1817 2426 1898 2449 dioec.
1915 2426 2046 2449 Cmnernc.

182 2469 255 2500 (Reg.
271 2470 350 2492 Aven.
367 2469 448 2492 ulem.
459 2469 514 2498 Vll,
529 2469 581 2493 vol.
594 2469 623 2498 X,
641 2470 658 2492 t'.
671 2470 734 2498 299).
747 2482 778 2486 —
788 2470 810 2492 9.
827 2469 957 2496 Αη.1382,
970 2470 1036 2500 Aug.
1049 2470 1086 2497 17,
1098 2470 1195 2493 decano
1212 2470 1237 2493 S.
1251 2470 1368 2497 Quintini
1385 2470 1503 2494 Novium.
1518 2470 1600 2493 dioec.
1615 2470 1829 2501 nominatoffleg.
1840 2472 1887 2493 Av.
1899 2470 1979 2493 Clem.
1993 2470 2046 2497 Vll,

183 2513 234 2537 vol.
252 2514 325 2542 XXV,
343 2514 360 2537 1'.
376 2513 459 2543 48512).
476 2527 506 2531 —
522 2514 559 2538 10.
575 2515 624 2537 An.
645 2514 713 2541 1382,
737 2513 828 2537 Oetob.
850 2514 888 2542 11,
912 2514 1031 2537 Clemens
1052 2515 1097 2537 VII
1118 2514 1220 2542 scribit,
1241 2523 1300 2537 eum
1319 2523 1376 2538 esse
1396 2515 1421 2537 in
1442 2515 1532 2546 quinto
1550 2523 1618 2537 anno
1636 2515 1778 2538 auditionis
1796 2515 1873 2538 theol.
1898 2515 1968 2545 (Reg.
1990 2515 2046 2541 Av..

182 2558 233 2581 vol.
251 2558 323 2586 XXV,
344 2559 360 2581 f.
376 2559 442 2588 408).
459 2571 485 2575 —
499 2558 536 2581 11.
556 2558 654 2582 Licent.
666 2558 691 2581 in
705 2558 785 2582 theol.
802 2566 842 2581 un.
861 2558 921 2581 1392
935 2566 947 2581 e
963 2559 1050 2582 Calal.
1067 2559 1159 2583 licem.
1175 2559 1256 2582 -12,
1272 2559 1370 2583 Licent.
1386 2559 1411 2581 in
1422 2559 1501 2582 theol.
1517 2567 1558 2582 un.
1577 2560 1636 2582 1395
1654 2567 1667 2582 e
1684 2559 1771 2584 Catal.
1786 2560 1918 2583 licenc.-
1929 2559 1964 2582 13.
1982 2559 2045 2581 Ms.:

184 2610 193 2625 ι
211 2602 294 2626 Beche
311 2612 332 2625 υ.
349 2616 379 2620 —-
394 2603 432 2627 14.
449 2603 468 2626 1.
485 2611 507 2626 e.
525 2603 557 2625 de
570 2603 690 2633 Rotagio.

736 2701 894 2722 ROTULUS
922 2701 1148 2723 ARTISTARUM
1175 2702 1251 2722 NAT.
1276 2702 1490 2722 NORMANNIE.

271 2796 455 2829 Sanctitati
482 2803 601 2829 vestre
632 2796 839 2841 supplicant
869 2797 989 2830 devoti
1020 2804 1055 2830 et
1082 2797 1238 2830 humiles
1266 2798 1330 2830 filii
1359 2799 1469 2831 vestri
1498 2810 1625 2831 omnes
1653 2805 1687 2830 et
1717 2798 1852 2842 singuli
1883 2796 2044 2841 magistri

183 2862 437 2895 Universitatis
472 2863 689 2896 Parisiensis
725 2863 894 2908 quatinus
941 2864 1123 2908 magistris
1161 2865 1316 2897 nationis
1354 2866 1615 2897 Normanorum
1657 2864 1964 2908 infrascriptoruni
2000 2863 2043 2894 ‹le
