2488 3386
214 348 309 384 1366]
636 361 677 383 ΑΒ
712 362 817 383 ANNO
851 361 983 383 MCCCL
1017 361 1147 389 USQUE
1182 362 1230 382 AD
1266 361 1530 383 BENEDICTUM
1565 362 1656 383 X111.
2012 354 2071 386 157

212 435 411 468 secundum
440 446 549 479 posse
577 446 694 475 suum7
722 435 806 468 dolo
829 441 863 467 et
889 434 1014 467 fraude
1043 435 1214 474 exclusis.
1238 441 1272 467 et
1302 435 1378 467 suis
1405 435 1650 467 servientibus
1675 435 1769 467 idem
1802 436 1981 469 mandavit
2006 436 2073 468 sub

206 501 422 546 juramentis
442 502 603 546 ipsorum
627 508 662 534 et
682 501 749 534 sub
771 502 866 534 omni
890 513 980 546 pena
1002 513 1106 546 quam
1130 501 1182 533 eis
1204 501 1371 545 infligere
1394 501 1522 545 possit,
1547 501 1577 533 si
1603 502 1637 533 in
1660 502 1876 534 contrarium
1895 503 2072 544 venirent,

212 568 471 613 protestatione
492 580 636 613 semper
657 568 745 600 sacta
767 580 811 600 ne
832 568 934 600 locus
956 568 992 599 in
1014 579 1084 612 quo
1107 569 1311 611 juramenta
1334 567 1518 599 renovavit
1538 567 1595 599 vel
1616 580 1831 612 quecunque
1852 568 1917 600 alia
1940 568 2072 601 ibidem

211 634 303 667 dicta
324 634 381 667 vel
401 635 490 667 sacta
511 634 647 667 nostris
673 634 875 679 privilegiis
896 634 932 666 in
953 634 1073 678 aliquo
1095 634 1131 665 in
1154 640 1337 678 posterum
1360 633 1599 677 prejudicium
1623 641 1851 678 generarent.

302 702 388 733 ltem
416 701 523 733 latum
552 708 606 733 est
632 708 809 734 arrestum
832 707 955 733 contra
977 700 1203 733 macellarios
1225 700 1261 732 in
1281 700 1360 733 vieo
1388 701 1515 732 Sancte
1541 700 1727 733 Genovese
1757 713 1821 745 per
1842 701 2008 734 dominos
2030 702 2074 734 de

212 767 436 800 Parlamento
457 767 500 800 ad
522 774 725 812 requestam
750 767 1037 800 Universitatis⁸.
1062 767 1194 807 Primo,
1218 767 1314 811 quod
1336 767 1495 799 facerent
1525 767 1689 799 mundari
1719 768 1836 800 fossas
1865 774 1900 800 et
1927 767 2074 800 latrinas

211 834 381 878 expensis
414 834 586 878 propriis,
617 846 706 878 quas
740 833 979 878 impleverant
1013 833 1258 866 immundiciis
1289 832 1513 872 animalium3
1547 833 1785 866 condemnato
1816 833 2074 867 nichilominus

211 899 375 945 quolibet
394 900 555 945 ipsorum
577 900 621 932 ad
642 911 705 933 sex
726 899 837 933 libras
859 900 1050 944 parisiens.

300 968 386 999 Item
410 966 507 1011 quod
524 979 706 1011 nunquam
729 973 925 999 mactarent
945 967 982 999 in
997 966 1077 1000 vico
1098 966 1261 1011 predicto
1284 966 1427 1007 bovem,
1448 973 1633 998 mutonem
1653 966 1711 999 vel
1732 978 1894 1011 porcum,
1917 967 2075 1000 adhibita

211 1045 322 1078 super
347 1033 415 1066 hoc
442 1040 539 1066 certa
569 1045 660 1078 pena
690 1040 726 1066 et
754 1033 906 1066 emenda
937 1033 1156 1078 pecuniaria,
1189 1039 1223 1065 et
1253 1033 1467 1077 sanguinem
1497 1044 1559 1065 seu
1589 1033 1841 1066 immundicias
1868 1034 2072 1066 animalium

211 1100 254 1133 ad
271 1100 388 1133 vicum
412 1112 483 1132 uon
505 1100 742 1144 projicerent;
762 1100 980 1133 contrarium
1004 1100 1177 1132 facientes
1200 1099 1350 1131 emenda
1372 1101 1411 1131 x⁴³
1435 1099 1607 1131 librarum
1630 1100 1821 1143 parisiens.
1845 1100 2072 1145 punirentur.

300 1168 387 1199 Item
416 1167 513 1211 quod
541 1167 578 1199 in
607 1167 705 1199 curia
733 1166 1001 1199 conservatoris
1031 1166 1178 1199 libellus
1208 1178 1319 1210 super
1346 1166 1465 1210 aliqua
1494 1177 1599 1198 eausa
1631 1178 1703 1198 non
1737 1166 1972 1211 reciperetur⁷
2004 1167 2075 1199 nisi

211 1245 344 1266 nomen
365 1233 554 1266 formantis
574 1233 736 1266 libellum
760 1240 843 1278 post
863 1233 968 1266 finem
992 1232 1107 1265 libelli
1127 1233 1280 1265 inferius
1302 1234 1548 1277 poneretur¹⁰.

303 1331 368 1354 Mus.
386 1330 503 1353 Britann.
518 1339 567 1354 ms.
583 1331 644 1354 udd.
662 1331 746 1359 17304,
764 1331 808 1354 sol.
821 1331 874 1354 145.
893 1345 920 1349 —-
937 1331 1059 1360 Bulaeus,
1076 1332 1118 1360 IV,
1132 1332 1187 1354 393.

305 1415 326 1437 1.
344 1417 389 1437 An.
406 1415 476 1442 1368,
492 1415 556 1437 Nov.
575 1416 598 1440 8.
615 1414 639 1437 in
657 1415 738 1446 episc.
753 1415 864 1437 Abocns.
881 1415 1053 1438 confirmatur
1068 1416 1138 1445 [Reg.
1156 1415 1234 1437 Aven.
1253 1414 1352 1437 Urbani
1370 1415 1398 1442 V,
1415 1415 1465 1437 vol.
1483 1415 1558 1441 XVII,
1578 1415 1594 1436 f.
1611 1414 1675 1443 124).
1688 1428 1719 1430 —
1734 1415 1755 1436 2.
1773 1415 1822 1437 San
1838 1415 1983 1440 Morardus,
2003 1416 2074 1438 Mon-

210 1459 304 1482 rnrdus
318 1460 349 1481 de
365 1459 527 1486 Martiuiueo,
545 1459 588 1490 qui
603 1467 684 1490 supi-u
701 1463 729 1481 n⁰
746 1459 806 1481 1262
821 1459 847 1481 in
864 1449 996 1482 rotulos*
1012 1461 1035 1482 3.
1048 1459 1153 1482 Scilicet
1167 1459 1300 1481 Jobunnes
1316 1459 1432 1481 Bet-nior.
1451 1459 1478 1481 In
1495 1458 1610 1482 Recueil
1626 1460 1672 1482 des
1685 1459 1836 1488 privilesses
1848 1461 1881 1482 de
1899 1459 2078 1483 FUniversite'

210 1505 242 1527 de
259 1503 353 1530 Ρανῐε,
372 1512 398 1534 p.
419 1504 472 1531 281,
492 1504 563 1534 upud
588 1503 723 1531 Eulaeum,
748 1504 789 1531 IV,
810 1504 863 1530 393,
885 1506 909 1526 et
928 1503 1066 1532 Jourdain,
1083 1507 1111 1526 n⁰
1134 1504 1186 1532 709,
1205 1511 1344 1534 perperam
1369 1504 1444 1533 lingo
1463 1503 1582 1526 Aubriot.
1602 1517 1630 1519 —
1653 1504 1676 1526 4.
1694 1504 1741 1526 Ms.
1760 1512 1763 1525 '.
1786 1512 1795 1525 r(
1813 1503 1989 1526 sustinnusset
2006 1513 2025 1526 υ.
2048 1518 2074 1520 -

209 1550 231 1571 5.
248 1549 366 1570 Attamen
383 1547 576 1579 praescriptum
592 1551 649 1570 erat
663 1548 841 1578 juramentum
856 1555 982 1570 renovare
998 1548 1029 1570 de
1045 1548 1148 1570 biennio
1166 1547 1190 1570 in
1207 1548 1350 1570 biennium.
1364 1547 1420 1571 Yid.
1434 1548 1573 1575 Chartul.‚
1590 1548 1619 1574 ΙΙ,
1636 1549 1690 1570 (324.
1710 1562 1736 1564 —
1749 1550 1772 1570 ⁴5.
1792 1547 1847 1570 Vid.
1865 1556 1945 1578 supra
1962 1553 1989 1570 n⁰
2008 1549 2072 1575 1:325,

208 1600 221 1615 e
237 1600 287 1623 quo
302 1595 413 1623 apparet
430 1592 478 1615 boc
493 1592 612 1615 evenisse
626 1594 693 1623 Aug.
711 1593 750 1623 20,
769 1592 809 1615 vel
830 1595 930 1623 postea.
947 1606 977 1610 —
995 1593 1016 1615 7.
1036 1592 1155 1615 Johanne
1171 1592 1299 1615 Romani?
1314 1606 1342 1609 —
1363 1593 1385 1614 8.
1405 1592 1460 1614 x‘id.
1477 1600 1558 1622 supra
1579 1597 1607 1614 η’)
1623 1592 1691 1615 1326.
1710 1606 1738 1609 —
1752 1594 1774 1615 9.
1793 1593 1838 1614 Με,
1854 1601 1857 1614 z
1879 1602 1888 1613 κ
1906 1593 1931 1615 lx
1949 1602 1971 1621 »‚
1993 1593 2049 1615 Bul.
2069 1601 2073 1615 z

209 1644 221 1660 «
233 1637 265 1659 60
277 1645 298 1660 n.
314 1637 364 1659 Sed
379 1636 432 1660 vid.
447 1645 528 1668 supra
541 1645 567 1668 p.
584 1637 637 1660 155.
651 1651 682 1654 —
692 1637 730 1660 10.
748 1637 806 1660 Vid.
820 1636 890 1659 infra
905 1645 932 1667 p.
949 1637 1002 1660 160.

210 1789 350 1826 1328.
379 1798 508 1824 Urbanus
533 1799 716 1834 V(Grimerio
733 1799 891 1833 Bonifacii)
914 1799 1088 1825 cancellario
1106 1800 1274 1832 Parisiensi,
1294 1803 1323 1824 ut
1343 1798 1451 1833 Angeia
1467 1798 1502 1824 de
1523 1798 1689 1831 Urbeveteri,
1718 1798 1782 1824 Ord.
1810 1801 1932 1832 fratr-am
1957 1800 2072 1824 Eremit.

297 1849 323 1873 S.
341 1848 424 1882 Aug„
443 1847 613 1873 bacealareo
629 1847 657 1873 in
675 1847 827 1882 theologia,
847 1849 896 1883 qui
911 1848 999 1874 libros
1018 1850 1140 1874 Sentent.
1164 1848 1289 1873 Parisiis
1310 1847 1386 1882 legit,
1406 1849 1433 1873 in
1447 1847 1552 1873 scholis
1571 1847 1733 1883 perplures
1753 1856 1843 1873 anuos
1861 1852 1942 1872 actus
1961 1848 2075 1873 schola-

294 1896 382 1922 sticos
393 1896 432 1921 ad
444 1896 677 1922 haccalareatum
687 1897 863 1932 pertinentes
875 1896 1040 1931 exercendo,
1055 1897 1159 1932 quique
1171 1897 1206 1922 de
1217 1897 1420 1922 consuetudine
1431 1896 1522 1921 studii
1534 1897 1691 1921 Parisiens.
1703 1900 1769 1932 post
1780 1906 1884 1921 amiam
1893 1900 1958 1931 post
1971 1899 2075 1930 festum

295 1945 462 1970 Nativitalis
482 1945 595 1970 Domini
612 1945 742 1980 proxime
765 1949 908 1971 ventarum
929 1945 1092 1971 immediate
1112 1947 1239 1979 futuram
1263 1945 1431 1979 magistrari
1452 1945 1575 1979 deberet,
1601 1954 1654 1980 per
1676 1945 1829 1979 magistros
1853 1945 1923 1970 dicti
1949 1945 2013 1970 Orcl.
2037 1945 2076 1970 ad

296 1994 455 2028 magisterii
468 1994 590 2028 gradum
599 1998 812 2029 praesentatus,
827 1995 905 2028 infra
922 2003 1007 2020 unum
1023 2003 1144 2020 mensem
1161 2003 1178 2019 a
1196 1998 1320 2030 tempore
1336 1994 1506 2029 receptionis
1518 1995 1713 2029 praesentiam
1730 1994 1890 2028 magisterii
1901 1994 2032 2019 bonorem
2049 1998 2075 2019 et

296 2042 417 2068 docendi
432 2042 579 2068 licentiam
595 2042 747 2077 largiatur.
766 2044 830 2069 Dat.
848 2044 989 2070 Avinione
1004 2044 1043 2077 iiij
1059 2052 1128 2070 uon.
1147 2044 1290 2074 Octobris,
1305 2052 1384 2069 anno
1400 2045 1516 2077 quarto.
1537 2053 1549 2067 «
1564 2044 1622 2069 Viri
1637 2051 1714 2070 sacre
1731 2056 1754 2068 n.

1429 2119 1504 2148 1366,
1519 2119 1603 2144 Octob.
1620 2120 1644 2147 4,
1659 2119 1786 2145 Arenione.

301 2154 363 2184 Reg.
379 2153 436 2176 Vat.
454 2154 532 2176 Aven.
552 2153 652 2177 Urbani
665 2154 694 2183 V,
713 2154 765 2177 vol.
782 2155 846 2183 XIV,
863 2155 908 2177 fol.
925 2155 980 2177 263.

210 2303 351 2340 1329.
376 2312 526 2348 Supplicat
546 2312 659 2338 Urbano
682 2312 856 2338 Vlolmnnes
875 2312 1000 2343 Gilberti,
1022 2312 1087 2338 Ord.
1106 2311 1222 2345 Praed.,
1242 2322 1264 2337 s.
1282 2311 1443 2346 theologiae
1460 2311 1648 2337 baccalareus
1665 2313 1693 2337 in
1714 2312 1901 2337 Universitate
1918 2313 2072 2338 Oarom‘ensi

293 2363 445 2395 formatus,
470 2365 500 2387 ut
521 2363 595 2396 (cam
616 2362 678 2397 ipse
701 2361 767 2386 olim
791 2361 945 2396 qnamdam
963 2362 1159 2396 quaestionem
1176 2361 1250 2386 inter
1264 2363 1371 2394 fratres
1387 2361 1433 2385 sui
1452 2360 1567 2386 Ordinis
1583 2369 1619 2386 ez
1632 2365 1716 2395 parte
1733 2370 1798 2394 nna,
1821 2365 1848 2386 et
1867 2361 2070 2386 cancellariam

294 2414 321 2436 et
344 2410 497 2444 magistros
520 2410 719 2436 Universitatis
732 2410 903 2445 praedictae
925 2419 961 2435 ex
976 2414 1060 2445 parte
1082 2409 1186 2439 altera,
1206 2410 1232 2434 in
1254 2410 1334 2434 curia
1350 2410 1480 2434 Romana
1501 2418 1534 2434 ac
1556 2410 1640 2434 etiam
1661 2410 1687 2434 in
1704 2409 1810 2443 Anglia
1825 2419 1877 2445 pro
1897 2419 1948 2435 sno
1968 2410 2071 2435 Ordine

293 2461 391 2493 fuerat
405 2463 583 2494 prosecutus,
602 2463 628 2485 et
644 2459 748 2485 exinde
769 2459 863 2484 malas
881 2463 979 2493 grates
996 2458 1212 2494 praedictorum
1233 2458 1404 2483 cancellarii
1419 2462 1446 2483 et
1461 2459 1661 2492 magistrorum
1690 2459 1887 2484 Universitatis
1910 2459 2067 2492 incurrerit,

293 2508 334 2533 sic
350 2507 426 2542 qnod
446 2508 518 2533 inibi
538 2508 577 2533 ad
595 2508 704 2542 gradus
720 2508 908 2533 scholasticos
921 2507 1080 2543 promoveri
1100 2516 1153 2532 non
1176 2506 1279 2538 valet‘)
1297 2508 1323 2532 in
1340 2507 1436 2532 studio
1451 2515 1500 2533 seu
1527 2507 1713 2532 Universitate
1736 2508 1896 2532 Parisiensi
1916 2508 1944 2532 in
1966 2507 2070 2532 scholis

293 2556 427 2582 secundis
442 2558 565 2590 fratrum
582 2557 623 2582 vel
635 2557 703 2582 aliis
721 2557 748 2582 in
761 2556 827 2582 villa
843 2556 936 2591 legere
954 2557 1118 2582 Sententias
1133 2555 1227 2581 valeat
1245 2560 1274 2581 ut
1289 2556 1485 2586 bacealareus,
1503 2559 1528 2581 et
1546 2559 1648 2591 postea
1664 2564 1738 2580 anno
1753 2556 1884 2590 sequenti
1899 2557 2022 2591 incipere
2041 2556 2067 2580 in

294 2604 453 2639 theologica
467 2605 610 2639 facultate
626 2605 739 2631 ibidem.
758 2622 792 2624 ——
807 2606 901 2632 Placet
916 2606 996 2639 quod
1011 2606 1175 2631 secundum
1192 2606 1318 2631 sormam
1334 2607 1362 2631 et
1379 2605 1514 2634 modum.
1531 2605 1695 2631 secundum
1711 2613 1784 2637 quos
1798 2605 1920 2630 debebas
1936 2606 2022 2637 recipi
2038 2605 2067 2630 in

291 2654 405 2687 Aug-lia,
426 2655 571 2688 recipiaris
587 2655 716 2680 Parisius.
735 2655 765 2680 B.
790 2670 823 2673 ω
840 2655 906 2681 Sine
921 2655 975 2680 alia
996 2655 1128 2681 lectione.
1154 2669 1186 2672 —·
1206 2654 1276 2679 Fiat.
1301 2654 1330 2679 B.
1352 2669 1386 2671 Α
1406 2654 1469 2679 Dat.
1486 2654 1627 2680 Avinione
1646 2654 1752 2687 quinto
1772 2653 1810 2678 id.
1829 2653 1969 2683 Octobris,
1991 2661 2068 2679 anno

293 2704 408 2736 quarto.

1493 2739 1566 2766 7366.
1585 2738 1701 2763 Octobris
1715 2739 1748 2763 11.

297 2822 360 2852 Reg.
376 2822 433 2845 Vnt.
451 2822 546 2853 Suppl.
565 2822 665 2845 Urbani
683 2823 713 2852 V,
729 2831 791 2853 pars
806 2823 882 2845 unicn
899 2825 951 2848 (un.
968 2824 1002 2852 4),
1021 2823 1065 2845 sol.
1081 2823 1135 2845 325.
1154 2836 1180 2839 *-
1198 2822 1349 2845 Mandatum
1366 2825 1451 2852 apost.
1470 2822 1503 2844 ad
1518 2822 1625 2844 cancell.
1644 2821 1727 2844 Paris.
1743 2821 1827 2843 tribus
1843 2821 1917 2843 annis
1935 2824 1994 2851 post
2011 2824 2066 2842 tan-

202 2868 258 2888 tum
274 2866 401 2889 directum
416 2870 456 2889 est
472 2875 476 2889 :
496 2875 507 2889 «
525 2867 580 2889 Dat.
601 2867 679 2890 Rome
695 2867 766 2898 apud
778 2868 803 2891 S.
821 2868 934 2895 Petrum,
953 2867 1014 2898 xviij
1030 2867 1081 2890 kat.
1097 2867 1181 2895 Febr.y
1199 2875 1241 2890 an.
1253 2866 1364 2897 septimo
1382 2875 1392 2887 >J
1410 2867 1488 2894 (1369,
1505 2866 1615 2888 Januar.
1640 2866 1684 2894 15),
1701 2865 1788 2896 ibique
1804 2865 1906 2892 dicitur,
1921 2865 2064 2887 Johnnnmn

199 2909 313 2934 Oxoniae
330 2919 341 2933 (ι
359 2911 472 2942 gradum
485 2911 672 2934 hacallariatus
690 2920 700 2934 υ
718 2911 875 2942 suscepisse,
893 2915 919 2935 et
933 2915 1042 2942 propter
1058 2911 1192 2942 quandum
1207 2919 1314 2933 causam
1330 2910 1448 2938 Ordinis,
1466 2918 1544 2941 quain
1562 2913 1654 2932 contra
1673 2909 1876 2932 Universitatem
1893 2909 2064 2932 Oxonienscm
