2488 3386
486 315 528 347 60
1080 324 1396 346 ann'rULAan
1431 324 1621 346 uulvssns.
1659 323 1786 345 Panis.
2253 311 2354 348 [1358

492 439 631 476 1242.
654 449 834 475 Innocentius
855 450 892 475 VI
902 449 1031 475 concedit
1044 453 1074 474 ut
1089 449 1133 474 illi
1148 449 1196 484 qui
1205 449 1272 484 jur-e
1284 448 1453 484 prohibente
1469 448 1545 483 leges
1561 448 1664 474 audire
1680 448 1864 483 nequiverint,
1880 457 1935 474 non
1950 448 2083 474 obstante
2097 452 2206 475 statuto
2227 449 2348 476 Univers.

578 498 683 528 Paris„
700 498 728 523 in
741 497 883 532 facultate
899 498 1074 524 decretorum
1089 498 1183 524 Paris.
1201 497 1347 523 doctorari
1358 498 1480 533 possint.

1665 547 1741 575 7358,
1757 546 1865 578 Augusti
1879 546 1917 575 17,
1934 546 2066 572 avenione.

577 629 817 662 innocencius
845 629 1039 674 episcopus
1070 641 1197 662 servus
1223 641 1409 662 servorum
1442 629 1520 669 Dei,
1547 629 1689 662 dilectis
1719 629 1804 661 filiis
1835 655 1855 661 ..
1883 628 2099 662 cancellario
2129 629 2284 663 ecclesie
2311 642 2350 663 ac

488 695 721 728 Universitati
739 695 848 728 studii
864 695 1093 736 Parisiensis,
1111 695 1263 727 salutem
1286 699 1332 736 [et
1346 695 1579 740 apostolicam
1597 694 1916 736 benedictionem].
1934 696 2065 728 Vestre
2087 696 2229 729 sincere
2242 696 2351 730 'devo'-

486 761 602 793 cionis
622 761 783 802 affectus,
803 773 908 805 quem
925 761 968 794 ad
990 773 1056 794 nos
1073 767 1108 793 et
1128 763 1321 793 Romanam
1343 761 1470 806 geritis
1487 761 1691 802 ecclesiam,
1710 773 1778 793 nos
1799 761 1939 794 inducit
1958 768 1997 794 ut
2016 761 2100 803 hiis,
2118 774 2188 807 que
2204 775 2222 795 a
2243 762 2350 796 nobis

488 827 700 871 suppliciter
721 827 924 872 postulatis,
952 833 1122 871 quantum
1149 839 1228 859 cum
1256 828 1331 860 Deo
1363 839 1571 872 possumus,
1598 827 1844 860 favorabiliter
1868 840 2081 861 annuamus.
2110 828 2275 862 Exhibita
2305 829 2350 862 si-

486 893 631 938 quidem
661 893 766 926 nobis
797 905 861 938 pro
892 899 991 938 parte
1012 899 1130 926 vestra
1161 893 1292 937 peticio
1314 893 1534 934 continebat,
1562 894 1659 938 quod
1690 894 1725 926 in
1754 894 1909 939 quodam
1940 901 2072 927 statuto
2094 895 2349 929 Universitatis

486 960 596 992 studii
617 960 833 992 parisiensis
848 960 1054 1004 juramento
1075 959 1214 992 firmato
1236 971 1408 1004 expresse
1430 967 1587 1001 cavetur,
1615 967 1652 993 ut
1671 960 1794 993 nullus
1816 961 1852 993 in
1874 961 1995 994 studio
2016 961 2096 1006 ipso
2117 961 2160 994 ad
2181 961 2349 995 obtinen-

485 1026 568 1058 dum
590 1026 626 1058 in
647 1026 812 1058 facultate
829 1026 1057 1058 decretorum
1075 1025 1282 1058 doctoratus
1303 1025 1492 1067 honorem,
1511 1026 1611 1059 illum
1630 1026 1720 1059 inibi
1737 1027 1902 1060 obtinere
1924 1028 2041 1072 possit
2060 1040 2125 1061 nec
2142 1026 2357 1078 admittatur

483 1092 527 1124 ad
547 1092 661 1131 illum,
689 1092 759 1124 nisi
780 1091 881 1136 prius
902 1091 1006 1123 alibi¹
1035 1091 1137 1136 leges
1158 1091 1313 1124 audierit
1335 1104 1397 1136 per
1418 1099 1492 1125 tres
1513 1094 1662 1134 annos2,
1687 1105 1902 1138 quanquam>
1919 1093 2007 1127 alias
2034 1094 2078 1127 ad
2104 1094 2140 1127 id
2162 1082 2346 1128 sufficiens

482 1164 517 1190 et
544 1158 708 1203 ydoneus
737 1158 908 1190 existeret
934 1164 1018 1190 tunc
1045 1164 1223 1202 repertus.
1251 1159 1369 1200 Quare
1391 1170 1455 1203 pro
1476 1165 1575 1204 parte
1596 1166 1715 1192 vestra
1737 1159 1844 1193 nobis
1865 1160 1981 1194 extitit
2007 1160 2192 1194 humiliter
2212 1160 2347 1207 suppli-

482 1231 609 1265 catum,
635 1231 673 1256 ut
693 1224 885 1268 providere
907 1235 1017 1268 super
1037 1223 1107 1256 hiis
1136 1224 1179 1256 de
1200 1223 1424 1269 benignitate
1446 1226 1643 1270 apostolica
1665 1226 1911 1271 dignaremur.
1930 1228 2004 1260 Nos
2024 1227 2136 1273 igitur
2157 1227 2289 1261 vestris
2309 1227 2347 1261 in

480 1289 544 1322 hac
570 1296 668 1334 parte
696 1289 1029 1334 supplicacionibus
1057 1289 1232 1331 inclinati,
1255 1290 1424 1323 volumus
1452 1298 1487 1324 et
1515 1292 1714 1337 apostolica
1734 1293 1946 1326 auctoritate
1967 1294 2196 1338 presencium
2219 1300 2346 1327 tenore

480 1356 723 1393 decernimus,
741 1362 780 1388 ut
799 1356 988 1389 studentes
1010 1368 1074 1401 pro
1098 1363 1258 1401 tempore
1279 1357 1315 1389 in
1337 1357 1432 1390 dicto
1454 1358 1576 1391 studio
1597 1359 1632 1391 in
1654 1359 1820 1392 facultate
1842 1360 2014 1404 predicta,
2037 1360 2099 1405 qui
2118 1361 2202 1405 jure
2225 1359 2346 1405 prohi-

479 1422 587 1455 bente
608 1422 710 1467 leges
731 1423 828 1467 ipsas
849 1423 974 1455 audire
995 1423 1259 1467 lieqttiverint³,
1278 1415 1530 1468 ut'prefertur,
1548 1425 1689 1458 valeant
1710 1425 1876 1459 obtinere
1897 1426 1987 1459 inibi
2008 1426 2044 1459 in
2066 1426 2159 1459 dleta
2178 1426 2345 1460 facultate

478 1488 687 1533 hujusmodi
709 1489 916 1521 doctoratus
944 1488 1133 1530 honorem,
1161 1489 1356 1522 dummodo
1378 1490 1465 1523 alias
1486 1491 1530 1524 ad
1557 1491 1593 1524 id
1620 1492 1773 1525 servatis
1804 1492 2121 1538 solempnitatibus
2142 1499 2177 1525 et
2201 1493 2281 1526 aliis
2307 1493 2344 1526 in

479 1555 609 1588 talibus
631 1555 708 1587 fieri
730 1555 915 1588 consuetis
937 1555 1158 1588 sufficientes
1180 1563 1215 1588 et
1236 1556 1369 1600 ydonei
1392 1558 1526 1602 reperti
1548 1558 1695 1599 suerint,
1714 1560 1868 1592 statuto5
1891 1566 1926 1592 et
1940 1560 2148 1604 juramento
2169 1559 2344 1604 predictis

478 1633 703 1666 nequaquam
734 1621 976 1663 obstantibus,
1008 1629 1042 1654 et
1072 1622 1115 1654 ad
1150 1622 1250 1655 illum
1282 1623 1450 1656 decetero
1484 1624 1599 1657 libere
1629 1625 1874 1658 admittantur.
1907 1625 2003 1658 Nulli
2036 1637 2138 1670 ergo,
2168 1631 2231 1659 etc.
2263 1627 2341 1659 Dat.

478 1688 648 1721 Avinion.
673 1689 728 1732 xvj
752 1688 820 1720 kal.
841 1688 1097 1732 Septembris⁵,
1119 1701 1211 1721 anno
1235 1696 1347 1722 sexto.

570 1785 632 1815 Reg.
650 1785 705 1808 Vat.
722 1786 801 1808 Aven.
818 1785 917 1808 Urbani
934 1786 953 1808 V
970 1786 1046 1814 (inter
1066 1796 1126 1818 epp.
1147 1787 1223 1810 istius
1239 1788 1343 1819 pupae),
1360 1789 1412 1811 vol.
1429 1789 1518 1817 XVIII,
1537 1790 1553 1812 f.
1570 1790 1624 1811 383.
1643 1802 1670 1806 —
1685 1789 1753 1812 Bibl.
1771 1790 1863 1813 Arsen.
1881 1789 1965 1812 Puris.
1988 1797 2038 1813 ms.
2057 1790 2126 1818 1121,
2145 1798 2172 1821 p.
2191 1790 2246 1819 ³34,
2261 1773 2342 1814 e-ms'.

477 1828 648 1851 Cheltenham
659 1832 687 1850 n⁰
698 1830 766 1857 2863,
781 1830 824 1852 sol.
844 1830 881 1857 51,
897 1830 946 1852 sub
959 1829 1065 1852 rubrica
1079 1838 1083 1852 z
1101 1839 1111 1852 ι(
1123 1830 1294 1861 Privilegium
1308 1833 1452 1855 Innocentii
1464 1841 1544 1864 super
1554 1833 1724 1856 admittendis
1740 1834 1773 1856 ad
1787 1833 1951 1857 doctoratum
1965 1834 1991 1857 in
2007 1834 2132 1858 facultate
2144 1834 2308 1858 decretorum
2319 1844 2342 1858 u.

477 1872 506 1894 In
523 1872 587 1902 Reg.
606 1872 662 1895 Vat.
681 1874 760 1895 Aven.
780 1873 923 1896 Innocentii
941 1874 991 1897 vol.
1012 1874 1101 1903 XVIII,
1120 1875 1164 1898 sol.
1183 1875 1237 1903 601³,
1258 1876 1364 1898 rubrica
1385 1879 1486 1899 tantum
1507 1877 1639 1900 invenitur
1658 1885 1663 1900 ·.
1685 1886 1696 1900 a
1715 1877 1878 1901 Cuncellnrio
1900 1878 2009 1901 ecclesie
2026 1886 2055 1901 uc
2074 1878 2245 1902 Universitati
2262 1877 2344 1902 studii

477 1915 560 1939 Puris.
580 1916 728 1939 decernitur
742 1918 811 1948 quod
829 1918 963 1941 studentes
981 1918 1007 1941 in
1025 1919 1084 1950 jure
1101 1928 1157 1942 can.
1174 1919 1200 1942 in
1218 1920 1286 1943 dieto
1303 1920 1399 1949 studio,
1416 1921 1460 1952 qui
1475 1921 1534 1952 jure
1551 1922 1708 1952 prohibente
1723 1922 1794 1953 leges
1813 1922 1905 1945 audire
1923 1922 2096 1954 nequiverint,
2116 1922 2143 1945 in
2160 1922 2219 1954 ipso
2238 1919 2344 1947 valeant

478 1960 565 1983 studio
581 1960 712 1983 doctorari
729 1971 750 1984 n.

558 2045 580 2067 1.
600 2045 658 2069 Om.
677 2046 777 2075 Arsen„
794 2050 819 2069 et
840 2047 913 2070 addit
928 2057 940 2068 α
962 2047 1034 2078 ipsas
1056 2057 1068 2068 n
1086 2052 1147 2079 post
1165 2058 1177 2070 «
1199 2049 1270 2080 leges
1292 2059 1314 2072 ».
1338 2063 1367 2067 —
1391 2050 1413 2073 2.
1435 2050 1488 2072 Hoc
1511 2053 1639 2072 statutum
1659 2050 1685 2072 in
1705 2050 1844 2079 Chartul„
1869 2051 1901 2079 11,
1918 2051 2020 2082 pluries
2038 2051 2160 2079 offertum
2179 2052 2213 2074 cf.
2231 2054 2259 2074 'n⁰
2281 2051 2342 2074 1002

478 2097 504 2119 p.
519 2089 624 2117 412531152
642 2090 711 2118 1003,
729 2091 798 2114 1056.
814 2091 910 2120 Pe‘ries,
929 2093 969 2115 La
986 2093 1103 2116 Faculte'
1119 2094 1151 2116 de
1167 2094 1250 2122 droit,
1265 2097 1323 2122 oto,
1341 2103 1367 2125 p.
1388 2094 1441 2123 102,
1458 2102 1488 2117 ex
1505 2094 1553 2117 hoc
1572 2097 1679 2123 statuto,
1697 2095 1767 2126 quod
1784 2103 1924 2126 perperam
1939 2096 1972 2118 ad
1990 2104 2032 2119 an.
2052 2096 2111 2119 1357
2128 2097 2217 2125 refert,
2228 2095 2342 2131 ,conclu-

478 2133 532 2156 dit:
555 2142 565 2156 «
582 2134 615 2156 Le
630 2134 704 2157 Droit
723 2135 823 2158 romain
841 2136 904 2158 e'tait
920 2136 986 2158 donc
1001 2137 1124 2167 enseignd
1139 2145 1170 2160 en
1191 2138 1249 2160 1357
1269 2139 1284 2160 ἐι
1306 2138 1390 2166 Paris,
1407 2139 1508 2169 malgre
1525 2138 1563 2161 les
1579 2139 1699 2162 de'senses
1717 2139 1874 2162 d'Honorius
1890 2143 1915 2163 et
1930 2148 1992 2163 avec
2009 2148 2059 2163 une
2074 2139 2248 2163 autorisation
2264 2139 2343 2164 tacite

478 2177 628 2200 d'lnnocent
647 2179 679 2201 VI
698 2188 720 2202 ».
739 2180 789 2202 Sed
809 2180 974 2203 Innocentius
993 2181 1086 2204 nullibi
1105 2182 1206 2211 scribit,
1226 2182 1300 2213 juxta
1323 2186 1450 2205 statutum
1469 2183 1655 2206 Universitutis
1673 2183 1823 2206 canonistas
1841 2191 1888 2215 per
1909 2187 1962 2207 tres
1985 2192 2067 2207 annos
2085 2185 2115 2208 in
2136 2184 2230 2209 studio
2246 2184 2341 2209 Pari-³-

477 2222 548 2252 leges
566 2222 688 2245 debuisse
706 2224 805 2251 audire,
820 2224 908 2253 immo,
922 2228 950 2247 ut
965 2225 1119 2248 Benedictus
1133 2227 1186 2254 XII,
1207 2226 1251 2257 qui
1269 2227 1337 2249 idem
1359 2230 1496 2256 statutum,
1517 2227 1563 2250 sed
1584 2227 1753 2257 luculentius,
1772 2228 1856 2257 affert,
1875 2228 1938 2251 dicit
1955 2236 1960 2251 z
1980 2237 1992 2251 «
2010 2228 2073 2251 alibi
2087 2238 2109 2257 »,
2130 2229 2148 2252 i.
2164 2237 2186 2252 e.
2200 2228 2227 2251 in
2244 2228 2296 2252 alio
2311 2236 2342 2252 uc

477 2266 560 2289 Paris.
582 2267 667 2289 studio
689 2267 750 2296 (vid.
771 2268 907 2297 Clzartul„
926 2269 958 2297 II,
976 2278 1002 2299 p.
1019 2270 1082 2299 1165),
1099 2270 1168 2301 quod
1187 2270 1220 2293 ab
1238 2271 1387 2294 Innocentio
1410 2272 1440 2294 VI
1457 2271 1584 2302 repetitur
1602 2280 1684 2302 supra
1698 2276 1726 2294 n⁰
1743 2272 1811 2295 1230.
1829 2273 1966 2295 Praeterea
1983 2277 2012 2295 n⁰
2029 2273 2090 2296 1056
2106 2272 2248 2296 scribitur:
2262 2281 2274 2295 (t
2290 2272 2341 2296 nisi

477 2318 524 2341 per
541 2310 681 2334 triennium
699 2312 770 2342 leges
786 2312 916 2335 audiverit
931 2313 961 2336 in
979 2314 1074 2344 aliquo
1091 2315 1183 2338 studio
1197 2315 1325 2345 qeneraci
1339 2324 1360 2338 n.
1378 2330 1407 2333 —
1424 2317 1448 2339 3.
1460 2316 1478 2339 Ι.
1493 2324 1514 2339 e.
1528 2316 1653 2347 religiosi,
1668 2316 1817 2347 presbyteri
1830 2316 1928 2348 aliique
1942 2324 1990 2348 per
2004 2317 2108 2340 Bullam
2124 2317 2218 2347 Super
2226 2316 2341 2348 specula

476 2355 574 2377 exclusi
593 2355 653 2384 (vid.
676 2356 812 2382 Charcul„
831 2357 848 2384 I,
868 2361 897 2379 n⁰
909 2358 957 2386 32).
974 2371 1004 2374 —
1021 2359 1043 2380 4.
1063 2359 1125 2389 Reg.
1146 2366 1151 2381 ’.
1169 2368 1179 2381 a
1196 2362 1307 2382 statusto
1324 2369 1345 2382 ».
1359 2373 1390 2377 —
1405 2362 1427 2383 5.
1447 2361 1556 2383 Arsen.·.
1574 2370 1586 2381 α
1603 2360 1738 2383 Februarii
1753 2370 1775 2388 ι),
1792 2360 1809 2383 i.
1826 2369 1847 2384 e.
1864 2360 1983 2384 Jununrii
1998 2361 2037 2384 17.
