2488 3386
207 303 303 340 1391]
625 316 671 337 ΑΒ
706 314 811 336 ΑΝΝΟ
846 314 977 335 MCCCL
1011 313 1142 341 USQUE
1178 315 1224 335 Ao
1260 315 1522 337 armeniorum
1554 316 1643 337 xiii.
2000 308 2062 340 487

205 389 408 414 Universitatem
423 389 557 412 revocavit
571 388 634 418 (vid.
651 390 769 412 Auctar-
789 387 929 413 chartul..
947 387 975 416 l),
991 386 1154 410 Dominicani
1167 390 1240 410 extra
1256 387 1459 411 Universitatcm
1477 393 1668 415 mammet-unt.
1685 390 1837 421 deplorante
1853 391 1967 414 Gersonc
1987 392 2064 414 talem

206 434 408 465 separationem,
425 442 491 465 quae
504 433 562 464 ipso
578 436 643 456 teste
659 432 747 462 (Opp,
765 432 784 459 1,
802 432 854 460 112)
871 431 896 453 in
912 431 1036 453 damnum
1051 431 1237 454 Universitatis
1253 432 1418 458 redundavit.

208 529 350 566 1557.
375 538 509 564 Nar-ratio
532 537 567 563 de
588 537 716 563 Iohanne
738 536 773 562 de
796 537 977 566 Monte-sono,-
1005 536 1102 561 Oratio
1124 535 1271 571 Rudolplzi
1289 535 1452 570 Glaelzardi,
1472 536 1575 562 decani
1593 538 1650 570 fac.
1675 537 1769 571 theol„
1796 539 1824 563 in
1847 540 2064 573 congregatione

292 589 352 622 sac.
368 586 469 620 theol.,·
484 585 679 612 Praeambula
695 585 948 611 condemnationis.

1416 631 1490 659 1387,
1506 631 1649 660 Maii-dunis,
1664 632 1777 657 Parisiis.

295 724 404 748 Relatio
428 723 560 748 historiae
580 731 593 746 e
611 722 679 746 Bibl.
697 725 749 745 nat.
767 722 860 747 Paris..
877 730 926 745 ms.
942 722 987 744 lat.
1007 722 1089 749 15107,
1107 721 1150 744 fol.
1166 722 1281 745 too-201.
1299 722 1337 745 lbi
1353 722 1459 753 quidam
1475 722 1574 745 amicus
1590 722 1658 745 Petri
1675 723 1706 745 de
1726 723 1834 746 Ailliaco
1847 728 1944 752 narrat,
1963 725 2063 748 Johan-

201 777 259 792 nem
277 769 308 791 de
323 769 473 791 Montcsono
490 767 570 790 fuisse
586 767 671 790 virum
687 766 890 797 corpulentioris
904 769 1029 788 staturae.
1043 766 1195 797 Theologici
1210 766 1361 789 doctoratus
1379 767 1531 789 cathedram
1548 767 1713 790 vehementer
1728 767 1873 795 ambichat;
1890 778 1903 789 α
1919 769 1964 791 sed
1979 769 2062 792 literis

201 813 256 836 suis
272 821 366 844 parum
387 813 450 835 fisus
467 820 555 835 secum
569 812 678 843 papales
694 811 836 833 adnexerat
851 810 914 839 (vid.
936 818 1017 841 supra
1034 815 1062 832 n⁰
1077 811 1157 839 1408),
1173 819 1284 841 (piarum
1305 810 1453 841 importuna
1473 811 1576 833 tandem
1590 811 1776 834 intercessione
1791 812 1816 834 in
1831 812 1963 844 theologia
1981 813 2062 836 licen-

200 857 264 880 tiam
279 857 390 888 adeptus
406 860 454 879 est.
469 856 551 880 Crede
567 855 655 882 michi,
676 855 776 886 aliquid
793 855 855 877 mali
873 854 949 877 affert
965 854 1074 878 bullata
1086 854 1131 877 hec
1148 854 1278 878 licentia!
1292 863 1303 877 »
1321 855 1383 883 (vid.
1398 855 1507 879 Introd.
1524 856 1556 878 ad
1572 859 1634 878 tom.
1652 856 1683 883 Π,
1702 864 1728 886 p.
1743 858 1799 885 vn).
1817 857 1845 879 In
1861 857 1915 879 suis
1931 858 2062 888 vesperiis

201 910 213 924 ε(
229 904 302 924 tanta
317 901 434 924 doctrine
454 900 600 927 barbaries,
623 903 676 923 tam
693 901 819 922 confusus
841 903 865 922 et
881 899 989 922 insanus
1010 907 1106 927 sermo,
1129 902 1158 921 ut
1175 899 1288 922 humane
1308 899 1402 922 mentis
1423 899 1497 922 illum
1518 908 1575 922 esse
1595 900 1636 922 vix
1656 900 1798 923 credideris
1820 908 1842 923 ».
1867 901 1947 924 Affert
1970 902 2063 925 deinde

200 942 313 977 scriptor
330 946 460 976 prolatam
477 953 491 967 a
506 944 625 967 Johanne
642 944 739 967 ibidem
763 944 917 967 sententiam
938 943 969 966 de
990 943 1104 966 essentia
1127 943 1228 966 animae
1248 943 1355 971 Christi,
1379 952 1444 974 qnae
1465 944 1533 966 infra
1558 953 1584 974 p.
1604 945 1648 966 >⁷193
1666 947 1706 967 est
1725 944 1815 975 quinta
1835 945 1984 976 suppositio
2001 950 2063 977 post

199 991 254 1013 mum
271 989 488 1021 propositionem.
509 989 641 1012 Johannes
658 988 688 1011 de
704 989 855 1011 Montesono
871 996 946 1011 suum
961 996 1076 1010 errorem
1092 987 1210 1010 doctrina
1231 988 1258 1011 S.
1276 988 1390 1011 'l'homue
1408 988 1563 1011 fulciebatur
1582 996 1587 1010 ”.
1605 997 1616 1010 (t
1633 988 1688 1017 llic,
1705 988 1798 1019 inquit,
1814 989 1954 1012 essentiam
1976 990 2062 1014 anime

200 1034 340 1057 rucionalis
354 1037 379 1057 et
397 1034 452 1064 ejus
471 1033 601 1064 potentias
616 1033 690 1064 quasi
709 1033 759 1055 sibi
776 1033 868 1055 affixas
889 1032 1105 1063 condistinguens
1121 1032 1278 1063 (intelligere
1294 1032 1338 1054 dat
1360 1032 1542 1063 prudentibus)
1562 1033 1666 1055 casdem
1683 1033 1726 1055 Dei
1741 1033 1928 1064 omnipotentia
1944 1035 2062 1066 separari

200 1087 278 1110 posse
294 1088 306 1099 υ
318 1079 442 1106 affirmat,
459 1081 509 1101 etc.

293 1133 305 1144 «
319 1122 410 1154 Elapsi
428 1125 489 1145 sunt
505 1130 556 1145 non
572 1122 647 1144 multi
663 1121 728 1148 dies,
746 1129 804 1143 cum
820 1121 919 1143 ambita
937 1120 1108 1151 magistratus
1126 1120 1242 1151 insignia
1258 1120 1515 1144 licentiatusmoster
1535 1121 1649 1152 sumpsit
1665 1129 1687 1144 ».
1703 1121 1776 1144 Diem
1794 1122 1893 1150 statuit,
1911 1131 1962 1154 qun
1981 1132 2062 1154 quae-

199 1168 319 1196 stionem,
337 1177 349 1190 o
364 1175 441 1198 quam
455 1167 486 1189 de
501 1167 655 1196 Resumpta
671 1165 803 1188 scolastici
820 1168 972 1196 nuncupant
985 1173 995 1187 »
1011 1165 1232 1188 determinaturus
1246 1168 1323 1188 esset.
1338 1174 1348 1187 (ι
1361 1165 1417 1192 Quo
1432 1165 1482 1194 die,
1496 1169 1524 1187 ut
1539 1157 1594 1188 litos
1611 1173 1638 1188 se
1653 1165 1739 1194 habet,
1757 1174 1831 1189 mane
1847 1167 1976 1197 legens....
1990 1168 2061 1191 audi-

198 1215 268 1235 tores
286 1211 396 1240 monuit,
415 1219 445 1234 ne
466 1211 530 1234 hora
553 1210 640 1233 debita
663 1210 751 1233 venire
770 1210 930 1241 pigritarent
952 1209 1098 1232 doctrinam
1121 1217 1215 1232 novam
1236 1210 1434 1240 placentemque
1455 1210 1626 1240 acceptari....
1643 1210 1738 1233 Omnes
1760 1211 1897 1240 accurrite,
1910 1212 1965 1242 jam
1980 1220 2060 1237 mons

197 1257 351 1287 parturiet,
373 1257 421 1280 sed
437 1259 572 1280 nascetur
586 1255 729 1279 ridiculus
744 1262 808 1279 'mus
823 1264 835 1275 n
855 1255 965 1283 (Horon,
981 1256 1044 1278 Are.
1065 1258 1146 1284 poem,
1168 1254 1230 1283 139).
1249 1254 1375 1285 Scriptor,
1399 1254 1443 1285 qui
1460 1258 1549 1277 narrat
1571 1254 1718 1284 historiam,
1739 1255 1814 1278 affert
1829 1255 1921 1279 deinde
1939 1257 2062 1288 proposi-

198 1301 281 1324 tiones
295 1300 362 1323 mnle
376 1303 498 1323 sonantes
510 1299 606 1322 ibidem
620 1307 634 1321 a
646 1299 765 1322 Johanne
781 1299 811 1321 de
825 1299 976 1321 Montesono
991 1298 1120 1329 prolatas,
1136 1298 1203 1320 inter
1219 1298 1284 1321 alias
1301 1298 1360 1320 illas
1376 1298 1407 1320 de
1425 1298 1599 1329 conceptione
1612 1298 1638 1321 b.
1657 1299 1761 1327 Mariae,
1779 1300 1810 1322 ad
1827 1308 1892 1330 quas
1904 1300 1974 1331 juste
1989 1304 2062 1324 notat

198 1345 295 1368 relator
311 1353 316 1367 1
331 1354 343 1366 α
355 1344 478 1368 Omnium
495 1343 537 1366 hic
553 1343 670 1366 fidelium
688 1352 768 1365 cansa
783 1343 879 1373 agitur,
897 1346 922 1365 et
937 1350 1027 1365 eorum
1043 1342 1087 1373 qui
1106 1342 1263 1373 originalem
1279 1342 1365 1365 labem
1382 1342 1425 1373 pia
1440 1343 1594 1365 credulitate
1610 1343 1729 1365 adimunt
1745 1343 1834 1375 Μαι-ἦρ,
1853 1347 1878 1367 et
1896 1344 2002 1367 illorum
2016 1346 2060 1376 qui

198 1389 303 1412 aliunde
318 1389 380 1412 moti
397 1388 447 1411 sibi
463 1388 572 1411 eandem
591 1388 739 1414 ascribunt:
756 1387 878 1418 linquunt
897 1390 982 1409 tamen
999 1395 1057 1409 cum
1076 1386 1186 1409 ccclesia
1202 1387 1270 1417 quod
1287 1386 1380 1417 cuique
1396 1387 1502 1409 libuerit
1520 1387 1646 1417 opinandi
1662 1387 1792 1410 licentiam
1808 1397 1830 1411 u.
1846 1389 1908 1411 Post
1923 1389 2060 1412 lectionem

196 1433 328 1456 Jobannes
345 1442 356 1455 «
370 1433 449 1463 erigit
464 1440 491 1455 se
509 1432 534 1455 in
549 1432 629 1463 pedes
647 1435 671 1455 et
689 1431 822 1463 pulpitum
840 1435 944 1462 pectore
959 1431 1114 1462 preveniens
1131 1431 1163 1453 ad
1180 1431 1312 1453 auditores
1329 1431 1530 1454 convertitur....
1549 1432 1612 1460 Hie,
1628 1431 1720 1462 inquit,
1738 1432 1783 1455 ht’c
1798 1433 1901 1463 leyitur
1921 1433 1992 1457 vobis
2008 1435 2060 1458 ista

197 1478 334 1505 doctrinay
351 1477 426 1508 quasi
443 1480 488 1499 aut
503 1477 595 1499 melior
611 1480 656 1499 aut
673 1476 761 1499 sanior
778 1484 908 1507 nusquam
924 1479 1003 1498 esset.
1019 1475 1070 1498 Ubi
1086 1478 1173 1498 autem
1190 1477 1255 1498 forte
1271 1475 1337 1498 vidit
1349 1475 1530 1498 assistentium
1546 1476 1673 1506 quosdam
1742 1485 1788 1507 pre
1802 1477 1898 1507 gaudio
1911 1478 2059 1508 gestire....,

197 1525 302 1553 stupere
318 1530 379 1545 vero
398 1521 464 1544 alios
480 1524 505 1544 et
519 1521 631 1544 alterum
647 1521 673 1543 in
687 1521 795 1543 alterius
815 1521 904 1543 oculos
921 1521 1001 1551 figere
1017 1520 1145 1548 clanculo,
1158 1523 1183 1542 et
1198 1520 1230 1542 ad
1248 1528 1338 1542 aurem
1355 1528 1493 1542 susurrare
1514 1520 1579 1542 alios
1585 1537 1632 1544 .....
1650 1520 1711 1544 Non
1730 1521 1870 1548 dubitetis.
1886 1521 1979 1553 inquit,
1995 1523 2061 1546 bene

196 1567 251 1591 ista
268 1567 416 1594 sustinebo,
433 1574 590 1596 rursumque
607 1565 652 1588 illa
673 1566 775 1596 repetit.
792 1572 917 1595 namque
937 1565 985 1588 hec
1000 1571 1057 1588 own
1077 1565 1136 1588 sine
1153 1571 1255 1594 mayno
1273 1564 1389 1588 consilio
1400 1565 1494 1594 posita
1510 1569 1585 1592 sunt,
1606 1571 1656 1588 nec
1671 1572 1715 1588 me
1730 1569 1844 1589 amium
1859 1566 1941 1590 movit
1957 1568 1993 1590 (ια
2011 1568 2059 1591 hoc

188 1612 315 1642 propria.
333 1618 423 1641 quam
443 1611 588 1640 maJ'orum
606 1610 694 1633 tocius
716 1609 832 1633 Ordinis
848 1610 992 1638 injunctio
1010 1609 1227 1639 auctoritasque,
1243 1609 1288 1632 cui
1301 1609 1351 1633 elsi
1363 1609 1505 1633 contraire
1522 1610 1614 1637 velim,
1630 1616 1688 1633 non
1704 1609 1783 1633 liceat
1800 1619 1821 1632 ».

288 1655 421 1678 ,Iohannes
439 1655 590 1677 laudatores
608 1662 705 1685 paucos
722 1654 831 1683 invenit,
848 1662 858 1675 «
875 1653 1040 1684 culpantium
1057 1661 1180 1675 numerus
1198 1653 1281 1684 major
1298 1653 1354 1677 fuit.
1371 1653 1398 1676 In
1422 1653 1480 1684 ipso
1502 1654 1571 1676 scole
1591 1653 1713 1684 ingressu
1734 1654 1866 1677 scholares
1886 1654 1910 1677 in
1929 1655 2016 1678 varias
2034 1664 2060 1679 se

196 1699 319 1723 scindunt
333 1703 421 1730 partes
436 1707 459 1726 »ς
478 1699 559 1730 aliqui
578 1698 739 1721 accusabant
751 1701 833 1721 totum
852 1698 988 1729 Ordincmg
1005 1697 1086 1728 aliqui
1106 1697 1217 1728 majores
1231 1698 1379 1720 Conventus
1396 1697 1487 1724 Paris,
1504 1697 1633 1728 imprimis
1647 1698 1793 1721 Johannem
1809 1699 1931 1727 Thomae,
1950 1708 2018 1731 mag.
2034 1701 2059 1723 in

196 1744 291 1776 theol-3
311 1744 392 1775 aliqui
409 1747 489 1766 totam
505 1743 610 1774 culpam
629 1743 654 1765 in
670 1743 816 1765 Johannem
837 1743 867 1765 de
883 1743 1033 1765 Montesono
1054 1742 1257 1765 transferebant.
1275 1750 1286 1764 (ι
1304 1742 1361 1768 Res.
1378 1750 1407 1765 eo
1430 1742 1520 1765 ordine
1539 1751 1589 1773 quo
1607 1745 1681 1772 gesta
1696 1746 1760 1770 erat,
1779 1743 1812 1765 ad
1830 1743 1957 1766 decanum
1980 1745 2058 1768 theol.

197 1788 339 1818 facultatis,
359 1791 473 1811 extreme
493 1787 634 1810 senectutis
653 1787 747 1816 virum,
764 1787 845 1810 allata
862 1790 910 1810 est.
933 1787 1052 1810 Ceterum
1073 1794 1124 1808 non
1149 1794 1258 1817 parvam
1275 1786 1358 1809 noctis
1379 1786 1451 1809 illius
1467 1789 1570 1817 partem
1586 1787 1655 1817 apud
1671 1795 1760 1809 omncs
1781 1795 1845 1818 pene
1861 1788 2059 1812 scolasticorum

196 1833 287 1856 domos
303 1832 467 1863 consumpsit
483 1832 530 1855 hcc
543 1831 668 1859 narratio,
684 1831 784 1862 fuitque
800 1834 837 1854 tot
852 1831 968 1862 capitum
987 1839 1038 1853 una
1054 1830 1191 1860 sententia,
1207 1830 1431 1853 inconsultissime
1448 1830 1473 1853 ld
1489 1834 1575 1853 actum
1591 1839 1649 1853 esse
1665 1839 1686 1854 υ.

285 1919 435 1950 Postero
458 1917 515 1949 die
536 1916 723 1949 accersitis
747 1922 782 1948 et
807 1927 875 1947 una
897 1915 1131 1959 congregatis
1152 1915 1337 1959 magistris
1357 1914 1536 1947 facultatis
1559 1914 1755 1960 theologie,
1779 1916 1857 1960 ipse
1879 1916 2055 1949 decanus¹

197 1984 395 2016 orationem
417 1982 670 2027 hujuscemodi
691 1981 816 2014 habuit
838 1994 844 2014 :

287 2065 303 2081 «
326 2051 559 2094 Compertum
580 2048 709 2089 habeo,
728 2049 896 2081 doctores
918 2048 1098 2089 ortodoxi‚
1121 2048 1232 2080 nichil
1250 2060 1314 2080 vos
1336 2048 1381 2080 ita
1403 2059 1529 2080 curare
1551 2054 1589 2080 ut
1609 2047 1693 2079 fidei
1715 2047 1878 2089 salutem,
1899 2061 1963 2081 nec
1985 2051 2055 2094 pati

197 2129 262 2150 vos
283 2116 458 2149 absonum
480 2115 676 2160 quidquam
698 2127 763 2147 nec
785 2114 1031 2159 irreligiosum
1054 2115 1090 2146 in
1112 2126 1187 2146 eam
1210 2114 1292 2146 dici.
1317 2115 1359 2146 Et
1383 2114 1430 2146 ita
1454 2115 1605 2158 {majores
1626 2120 1773 2146 nostros
1794 2116 1915 2159 accepi
1938 2116 2055 2149 facere

197 2183 338 2223 solitos,
366 2183 499 2228 quibus
527 2182 603 2215 sola
631 2181 696 2214 hec
723 2181 932 2214 sollicitudo
953 2187 1039 2220 erat7
1063 2181 1209 2213 codices
1239 2192 1362 2213 sacros
1391 2180 1527 2225 legere,
1550 2180 1682 2212 habere
1704 2187 1859 2213 mentem
1889 2182 1931 2214 ab
1958 2184 2055 2215 omni

197 2257 419 2283 terrenarum
448 2261 613 2282 curarum
643 2248 792 2293 pulvere
821 2247 1138 2287 abstersissimam,
1162 2247 1249 2291 quid
1276 2247 1450 2286 veritatis,
1478 2247 1610 2290 quidve
1638 2247 1773 2279 erroris
1796 2248 1934 2292 jugiter
1954 2249 2055 2283 inda-

196 2328 294 2362 gare.
320 2318 394 2349 Iloc
417 2316 469 2348 eis
491 2315 664 2355 studium,
688 2315 753 2347 ista
776 2314 969 2359 professio.
994 2314 1083 2345 Hinc
1105 2313 1163 2345 illa
1186 2313 1238 2345 eis
1261 2319 1452 2357 paupertas
1474 2319 1506 2345 et
1528 2313 1685 2345 omnium
1709 2314 1789 2357 [que
1810 2314 1885 2347 sola
1903 2327 1997 2348 nunc
2019 2317 2054 2349 in

197 2383 312 2428 pretio
341 2384 440 2425 sunt)
468 2382 645 2414 bonorum
669 2381 838 2421 carentia,
863 2393 904 2413 eo
934 2380 1030 2424 quod
1064 2380 1143 2412 talia
1174 2386 1232 2412 aut
1260 2391 1331 2411 non
1359 2386 1538 2419 curarent,
1569 2386 1626 2411 aut
1657 2386 1968 2424 contempnerent,
1997 2390 2055 2416 aut

197 2449 300 2482 malis
320 2448 457 2482 artibus
479 2448 631 2493 adipisci
654 2459 725 2479 non
744 2447 945 2487 studerent,
964 2446 1020 2479 vel
1043 2446 1123 2490 quia
1146 2446 1239 2490 apud
1260 2445 1392 2478 multos
1414 2452 1451 2478 ut
1471 2445 1568 2484 fidei,
1587 2445 1638 2477 sic
1656 2445 1886 2479 defensorum
1906 2460 2053 2481 suorum

197 2528 295 2549 amor
316 2517 389 2560 jam
411 2515 496 2548 olim
527 2515 704 2558 refriguit,
728 2514 830 2558 digni
861 2520 956 2545 certa
986 2513 1058 2545 illis
1087 2512 1219 2557 quibus
1250 2524 1289 2544 sc
1316 2512 1506 2544 videndam
1527 2512 1659 2544 veritas
1687 2512 1884 2546 exhiberet.
1908 2515 2052 2548 Tantam

196 2594 282 2615 vero
310 2582 347 2614 in
374 2581 459 2614 fidei
490 2581 698 2613 tractamine
729 2580 974 2612 auctoritatem
1009 2578 1143 2611 obinde
1176 2578 1295 2622 adepti
1326 2584 1421 2614 sunt,
1451 2584 1487 2610 ut
1520 2578 1611 2622 ipsis
1641 2578 1857 2611 inconsultis
1887 2588 2055 2624 ageretur

197 2648 320 2680 nichil.
344 2649 507 2688 Possem,
530 2647 560 2679 si
591 2647 748 2679 indoctis
779 2645 886 2678 michi
918 2658 1037 2678 sermo
1066 2652 1177 2685 esset,
1206 2645 1241 2677 id
1274 2644 1434 2676 ultimum
1464 2644 1639 2688 exemplis
1665 2644 1878 2677 credibilius
1900 2647 2052 2679 efficere.

197 2715 336 2747 Etenim
361 2713 467 2746 michi
490 2713 591 2758 plura
611 2713 735 2745 videre
757 2713 938 2745 vetustas²
961 2712 1072 2752 (ledit,
1096 2723 1159 2756 per
1180 2723 1283 2755 quam
1307 2723 1378 2742 non
1402 2717 1438 2742 ut
1458 2710 1634 2755 corporis7
1658 2710 1709 2742 sic
1729 2711 1845 2743 anime
1867 2713 1920 2745 vis
1942 2726 2054 2745 omar-

197 2781 270 2814 cuit
291 2787 376 2821 tota⁷
393 2792 604 2825 quamqualn
628 2779 809 2812 ΜεινοῐιίςΖ
831 2779 964 2811 dictum
988 2779 1046 2815 sit,
1070 2778 1197 2810 salsum
1219 2784 1255 2809 ut
1277 2784 1362 2822 puto
1382 2789 1387 2809 2
1404 2791 1419 2807 «
1439 2777 1566 2809 Omnia
1588 2777 1656 2809 sert
1677 2783 1764 2816 etas,
1787 2778 1940 2810 animum
1965 2792 2053 2823 quo-

198 2859 314 2892 que».
338 2848 508 2879 Pretereo
531 2853 691 2891 tempora
717 2845 891 2878 Johannis
922 2857 1010 2889 pape
1037 2845 1151 2877 XXII.
1176 2845 1267 2876 Ecce
1298 2850 1418 2876 nostra
1450 2850 1541 2876 etate
1563 2843 1616 2875 vir
1637 2844 1795 2875 omnium
1827 2845 2052 2877 attestatione
