2488 3386
442 339 485 372 70
1021 345 1339 368 CHARTULARIUM
1374 345 1562 367 UNIVERS.
1600 344 1728 366 rmus.
2203 329 2303 367 [1359

447 436 610 475 12483.
634 445 799 471 Matthaeus
816 443 1008 478 Asculanus⁴7
1024 445 1104 480 prior
1126 442 1271 478 generalis
1289 443 1355 469 ord.
1373 443 1489 469 Eremit.
1509 444 1536 469 S.
1554 444 1638 477 Aug„
1658 442 1842 479 Radulplzum
1862 441 1898 468 de
1919 441 2043 468 Castello
2060 450 2112 468 seu
2131 441 2166 468 de
2188 442 2305 469 Civitate

533 495 647 521 Castelli
664 495 751 521 mittit
764 494 895 520 Parisios
911 493 951 519 ad
966 493 1128 519 Sententias
1144 492 1289 527 legendas.

1640 528 1715 557 7359,
1731 527 1840 560 Augusti
1849 527 1893 557 28,
1909 527 2018 553 Paduae.

532 605 645 638 Fratri
667 604 821 637 Rodulfo
843 603 886 636 de
908 602 1079 637 Castello.
1102 603 1191 636 Cum
1212 601 1256 634 ad
1278 613 1385 634 aures
1406 608 1550 634 nostras
1575 602 1782 646 pervenerit
1802 602 1900 647 quod
1926 602 2035 635 frater
2055 601 2239 635 Johannes
2260 601 2304 635 de

443 673 547 705 Petra
567 672 611 704 de
633 670 817 716 provincia
832 670 992 715 Yspanie
1009 681 1081 701 non
1097 668 1183 702 velit
1202 668 1325 712 legere
1343 668 1547 701 Sententias
1568 668 1729 701 Parisius
1749 668 1786 701 in
1805 672 1935 714 y[e]me
1952 668 2156 701 immediate
2172 669 2304 710 futura,

445 738 538 771 sicut
557 738 594 770 in
615 737 781 782 Capitulo
803 735 965 782 generali
985 735 1158 780 preterito
1178 734 1213 766 in
1236 734 1558 779 Montepessulano
1580 734 1762 768 celebrato
1783 735 1827 768 de
1848 747 1891 768 eo
1912 735 2029 768 extitit
2049 735 2252 777 diffinitum,
2271 741 2305 768 et

444 811 481 837 tu
505 804 658 837 deberes
684 803 808 848 legere
829 802 1033 835 immediate
1055 807 1137 846 post
1163 801 1280 846 ipsum
1373 800 1531 846 ideoque
1552 808 1677 834 tenore
1699 801 1923 846 presentium
1949 802 2160 835 mandamus
2181 801 2246 835 tibi
2268 802 2306 836 in

445 871 611 903 meritum
636 869 843 902 obedientie
865 868 1031 901 salutaris
1053 873 1230 912 quatenus
1249 867 1293 899 ad
1314 866 1448 899 dictum
1470 874 1686 900 conventum
1709 868 1753 901 de
1778 868 1939 901 Parisius
1960 868 2077 901 statim
2101 868 2252 902 accedas
2273 874 2309 902 et

444 948 619 982 procures
640 936 763 980 legere
790 934 995 968 Sententias
1016 934 1096 966 loco
1125 933 1211 966 dicti
1237 933 1412 966 Johannis
1434 933 1478 966 de
1501 935 1616 975 Petra,
1639 934 1671 967 si
1695 934 1742 967 ita
1763 940 1819 967 est
1838 934 1936 979 quod
1959 935 2038 980 ipse
2058 934 2182 980 legere
2203 934 2307 976 nolit,

445 1015 518 1036 non
535 1002 700 1035 obstante
718 1002 814 1046 quod
836 1007 954 1033 rector
970 1000 1119 1033 Ordinis
1140 1000 1201 1044 qui
1217 1000 1284 1032 fuit
1299 999 1419 1032 locum
1441 1000 1642 1044 predictum
1655 1001 1727 1045 jam
1749 1000 1852 1034 alteri
1873 1001 2169 1046 assignaverit....

536 1092 603 1121 Rey.
627 1091 708 1121 Grey.
727 1090 853 1114 Arimin.
872 1093 896 1113 et
916 1089 1023 1113 Mathei
1042 1089 1147 1118 Ascul.,
1169 1089 1201 1111 ad
1224 1088 1362 1120 Augustin.
1385 1088 1519 1120 pertinens
1540 1089 1598 1118 (Dd.
1614 1089 1647 1120 1),
1668 1098 1695 1120 p.
1715 1090 1769 1113 157.
1789 1089 1855 1124 lbid.
1876 1090 1944 1113 aliae
1962 1090 2065 1113 litterae
2086 1090 2200 1124 scriptae
2219 1090 2310 1115 eodem

444 1138 561 1166 tempore
582 1135 608 1158 in
631 1134 751 1166 Capitulo
773 1133 889 1164 generali
911 1133 1015 1156 Paduae
1033 1133 1163 1156 celebrato
1185 1133 1362 1161 inveniuntur,
1381 1133 1414 1156 ad
1437 1137 1593 1156 conventum
1610 1133 1694 1158 Paris.
1712 1133 1834 1162 directae,
1855 1134 1881 1157 in
1904 1134 2000 1166 quibus
2023 1135 2150 1159 fratribus
2167 1138 2310 1159 conventus

445 1179 607 1211 praecipitur
622 1178 789 1209 Radulphum
802 1178 834 1201 de
851 1178 964 1201 Cnstello
982 1177 1129 1200 admittere.
1145 1177 1198 1200 Hoc
1213 1177 1366 1200 mandatum
1381 1177 1519 1208 legebatur
1533 1177 1558 1200 in
1577 1177 1699 1209 Capitulo
1714 1188 1726 1199 α
1740 1178 1907 1209 presentibus
1923 1179 2073 1204 reverendis
2090 1179 2155 1203 viris
2173 1181 2205 1204 fr.
2222 1179 2312 1212 Bugo-

444 1223 498 1246 lino
513 1223 544 1246 de
559 1222 728 1246 Urbeveteri’
743 1225 768 1245 et
783 1221 876 1253 Egidio
892 1222 924 1245 de
939 1222 1088 1252 Medonta³‚
1101 1229 1174 1245 sacre
1189 1221 1286 1253 pagine
1301 1221 1508 1252 professoribus,
1523 1222 1663 1245 Francisco
1679 1222 1710 1246 de
1726 1222 1812 1246 Nerlis
1820 1223 1839 1251 ὅ,
1856 1231 1878 1247 s.
1893 1223 1973 1247 theol.
1991 1223 2105 1252 bachal..
2122 1227 2147 1248 et
2161 1224 2262 1248 Thomu
2279 1224 2311 1248 de

444 1267 546 1298 Aquila,
559 1267 647 1298 priore
663 1266 831 1290 Avinionensi
847 1276 870 1289 ν.

538 1310 702 1342 Radulphus,
719 1311 750 1333 de
765 1319 815 1342 quo
832 1318 912 1341 supra
929 1310 1040 1339 n01248‚
1061 1311 1090 1333 23
1104 1310 1169 1333 Julii
1184 1318 1225 1333 an.
1249 1311 1318 1340 1366,
1335 1318 1394 1333 cum
1412 1310 1552 1334 Guilielmo
1567 1311 1674 1339 Nocleti,
1691 1315 1797 1335 cantore
1820 1311 1919 1344 Bajoc.‚
1936 1315 1990 1336 utr.
2001 1312 2022 1344 j.
2037 1312 2151 1341 doctore,
2169 1313 2271 1337 Urbani
2290 1313 2312 1337 V

445 1355 547 1386 legatus
563 1355 660 1378 electus
674 1358 713 1378 est
730 1355 763 1377 ad
778 1354 966 1385 imperatorem
985 1354 1075 1378 Graec.
1093 1354 1319 1386 constantinopol.
1334 1355 1408 1386 (Reg.
1426 1355 1484 1379 Vnt.
1501 1359 1529 1378 n⁰
1544 1354 1612 1383 2445',
1631 1364 1692 1387 epp.
1707 1356 1761 1384 181,
1780 1356 1838 1385 182;
1854 1357 1925 1385 2448,
1942 1365 1983 1388 ep.
2000 1358 2054 1386 540,
2072 1357 2140 1381 inter
2154 1366 2216 1389 epp.
2232 1358 2311 1382 Inno-

445 1399 523 1422 centii
538 1399 657 1428 Vl).Vid.
675 1399 782 1427 Torelii,
798 1399 857 1423 Sec.
874 1401 979 1429 Ayost„
993 1399 1036 1429 Vi,
1053 1399 1091 1422 81.
1107 1399 1155 1422 An.
1171 1399 1242 1429 1370,
1253 1399 1371 1430 Aug.«19‚
1389 1399 1470 1430 episc.
1486 1400 1667 1431 Senogaliens.
1686 1401 1759 1432 (Reg.
1776 1401 1857 1425 Aven.
1873 1401 1974 1425 Urbani
1989 1402 2018 1430 V,
2030 1402 2081 1425 vol.
2098 1402 2174 1431 xxll,
2188 1402 2231 1427 sol.
2243 1402 2312 1432 95³).

539 1483 563 1508 1.
580 1484 650 1514 Ipse,
668 1491 738 1514 mag.
757 1483 783 1506 in
798 1482 941 1514 theologia,
958 1483 1007 1506 hoc
1029 1491 1096 1506 anno
1112 1483 1180 1511 1359,
1197 1483 1264 1514 Aug.
1282 1483 1319 1511 28,
1337 1483 1363 1506 in
1380 1483 1501 1514 Capitulo
1515 1492 1575 1514 gen.
1592 1484 1696 1508 Paduae
1710 1485 1842 1508 celebrato
1858 1487 1918 1515 (non
1935 1486 1950 1509 4
1966 1486 2047 1517 Sept.,
2064 1489 2093 1509 ut
2111 1486 2156 1510 alii
2171 1486 2270 1517 dicunt)
2285 1485 2312 1510 in

445 1526 561 1558 priorem
584 1528 734 1558 generalem
749 1527 847 1550 electus
863 1530 903 1550 est
921 1528 996 1557 (Rey.
1013 1527 1067 1555 eit„
1086 1536 1112 1558 p.
1135 1527 1197 1557 162).
1219 1541 1250 1545 —
1268 1528 1291 1551 2.
1308 1527 1365 1551 Vid.
1381 1528 1521 1556 Chartul.‚
1539 1529 1570 1556 11,
1589 1530 1642 1558 536,
1659 1532 1711 1552 not.
1728 1531 1753 1553 6.
1767 1543 1797 1547 -
1817 1530 1840 1554 3.
1858 1530 1916 1553 Vid.
1933 1538 2013 1561 supra
2032 1534 2060 1553 n⁰
2081 1530 2151 1555 1207.
2172 1545 2200 1549 —
2215 1532 2240 1555 11.
2253 1531 2314 1562 Ipse

449 1571 496 1595 fuit
513 1571 681 1594 baccalareus
698 1571 791 1599 Paris„
807 1579 925 1602 annoque
942 1572 1009 1599 1358,
1029 1571 1116 1594 Martii
1134 1572 1156 1599 2,
1173 1571 1316 1602 Gregorius
1332 1571 1450 1599 Arimin..
1468 1572 1542 1603 prior
1555 1573 1697 1604 generalis,
1713 1573 1797 1597 eidem
1813 1574 1929 1606 scripsit,
1947 1574 2035 1606 ipsum
2048 1575 2081 1598 ad
2096 1575 2213 1599 studium
2227 1575 2312 1600 Paris.

447 1615 533 1640 redire
554 1615 656 1644 debere,
676 1624 735 1638 cum
756 1615 840 1639 Guido
857 1616 888 1639 de
906 1616 1065 1646 Belregardo
1081 1615 1135 1647 (qui
1150 1615 1183 1638 ab
1199 1624 1241 1639 an.
1262 1616 1331 1644 1371,
1352 1616 1414 1640 Maii
1434 1617 1472 1646 25,
1494 1617 1543 1640 suit
1561 1617 1635 1649 prior
1654 1618 1796 1649 generalis)
1812 1618 1847 1642 sit
1858 1618 1914 1650 jam
1928 1619 2074 1650 expeditus,
2091 1623 2116 1643 et
2134 1620 2202 1644 alter
2219 1620 2314 1645 haee·-

447 1660 544 1688 lan-eus,
568 1660 625 1683 scil.
647 1661 678 1684 fr.
695 1660 850 1688 Benenatus,
872 1660 946 1691 prior
966 1660 1137 1691 provincialis
1157 1660 1296 1691 Aragonie,
1317 1660 1439 1685 similiter
1458 1662 1553 1685 absens
1575 1662 1617 1690 sit,
1635 1662 1723 1694 ibique
1745 1663 1817 1686 solus
1840 1663 1962 1687 Nicolaus
1987 1664 2019 1688 de
2042 1664 2189 1688 Mnehelina
2211 1664 2312 1689 baccal.

447 1712 572 1735 praesens
587 1704 704 1727 existat«
721 1707 775 1727 tam
790 1712 838 1735 pro
854 1712 881 1727 se
893 1705 1078 1735 presentando,
1095 1712 1173 1735 quam
1187 1704 1248 1728 aliis
1264 1705 1366 1728 actibus
1384 1706 1531 1729 scolasticis
1547 1708 1689 1730 exercendo
1703 1716 1725 1731 ι».
1739 1707 1807 1738 Rey.
1821 1707 1874 1736 cit..
1890 1716 1917 1739 p.
1930 1709 1985 1732 408.

454 1842 594 1881 1249.
618 1852 797 1878 Innocentius
820 1853 857 1878 Vl
869 1852 1004 1887 (Iohanni
1017 1853 1053 1879 de
1067 1854 1185 1888 Aciaco)
1201 1854 1375 1881 cancellario
1389 1855 1559 1889 Parisiensi,
1576 1859 1606 1881 ut
1620 1856 1713 1882 Paulo
1729 1856 1764 1882 de
1779 1857 1917 1891 Bononia,
1934 1857 2024 1891 fratri
2043 1859 2189 1883 Servorum
2203 1859 2314 1884 Beatae

538 1901 661 1935 Mariae,
682 1900 748 1927 ord.
767 1902 794 1927 S.
812 1901 975 1935 Augustini,
994 1901 1165 1928 baccalareo
1182 1903 1210 1929 in
1226 1903 1378 1938 theologia,
1397 1904 1517 1939 quijam
1533 1905 1658 1940 quinque
1671 1905 1755 1931 annis
1769 1904 1879 1941 elapsis
1899 1906 2062 1932 Sententia-⁹
2077 1907 2106 1933 in
2118 1906 2215 1933 studio
2227 1907 2314 1933 Pari-

536 1949 626 1975 siensi
641 1948 710 1983 legit
724 1953 752 1975 et
767 1949 838 1975 inibi
861 1950 889 1975 in
910 1950 1037 1985 ejusdem
1052 1950 1211 1985 theologiae
1226 1951 1368 1986 facultate
1385 1952 1519 1988 pluribus
1537 1954 1684 1988 magistris
1704 1953 1776 1979 dicti
1794 1953 1887 1979 studii
1900 1954 1936 1980 de
1955 1954 2075 1980 diversis
2097 1954 2315 1990 quaestionibus
2354 1990 2357 1994 V

539 1997 695 2033 respondit,
711 1998 820 2023 timenti
830 2007 864 2024 ne
874 2007 927 2034 pro
944 2000 1108 2033 magisterio
1120 2000 1281 2036 recipiendo
1295 2010 1331 2027 ex
1341 2009 1372 2027 eo
1384 2001 1435 2027 diu
1446 2002 1474 2027 in
1485 2001 1583 2028 eodem
1593 2002 1689 2028 studio
1701 2006 1869 2039 exspectare
1879 2007 2019 2039 oporteat,
2033 2003 2109 2039 quod
2122 2007 2188 2040 post
2199 2005 2316 2030 Senten-

539 2046 643 2071 tiarum
660 2046 805 2072 lecturam·
814 2047 842 2071 in
858 2046 954 2072 studio
975 2056 1032 2073 non
1049 2050 1279 2084 perseveraverit,
1297 2050 1324 2075 si
1343 2050 1486 2083 sufficiens
1502 2054 1631 2086 repertus
1652 2051 1804 2086 exstiterit,
1822 2052 1984 2086 magisterii
1998 2052 2131 2078 honorem
2146 2056 2174 2078 et
2195 2052 2317 2079 docendi

540 2094 685 2120 licentiam
701 2094 729 2120 in
747 2094 891 2128 facultate
903 2095 1036 2131 predicta
1060 2096 1211 2131 largiatur.
1234 2098 1298 2124 Dat.
1318 2098 1464 2126 Avenione
1478 2099 1497 2133 ij
1519 2107 1589 2126 non.
1606 2100 1783 2129 Novembris.
1799 2108 1878 2127 anno
1897 2101 2030 2135 septimo.
2049 2101 2136 2128 «Viri
2161 2109 2238 2129 sacre
2255 2101 2315 2134 leo-

539 2142 627 2169 tionis
640 2152 664 2168 ».

1643 2184 1720 2213 1359,
1736 2184 1849 2211 Horemb.
1862 2184 1886 2214 4,
1901 2184 2030 2211 avenione.

546 2226 608 2257 Reg.
623 2226 680 2249 Vat.
695 2227 773 2250 Aven.
788 2227 931 2250 Innocentii
944 2228 986 2257 VI,
1002 2228 1054 2251 vol.
1068 2228 1119 2257 XX,
1137 2229 1182 2252 fol.
1197 2230 1253 2253 674.

457 2363 599 2401 1250.
626 2373 752 2408 Carolus,
781 2374 841 2400 dux
864 2376 1070 2412 Nor-manniae,
1094 2386 1209 2412 regnum
1232 2387 1341 2414 regens,
1365 2380 1394 2406 in
1415 2381 1543 2414 favorem
1565 2381 1815 2415 confraternitatis
1840 2381 2034 2416 chit-argorum
2062 2380 2115 2407 sub
2137 2381 2313 2408 invocatione

543 2423 592 2447 SS.
613 2423 729 2448 Cosmae
746 2426 773 2449 et
787 2424 932 2450 Damiani.

1630 2466 1706 2496 1360,
1724 2473 1815 2492 menso
1829 2466 1905 2494 danii.
1920 2466 2033 2492 Parisiis.

544 2531 708 2573 Charles‚
731 2538 794 2566 etc.
821 2533 852 2566 A
872 2540 954 2567 touz
974 2546 1126 2579 presenz
1147 2542 1182 2568 et
1206 2538 1224 2569 a
1248 2538 1363 2579 venir,
1393 2538 1498 2572 salut.
1521 2540 1670 2573 Comme
1697 2552 1790 2573 nous
1818 2552 2007 2574 ramenanz
2033 2542 2051 2574 a
2070 2539 2244 2573 memoire
2263 2539 2319 2574 les

455 2608 565 2642 grans
585 2604 709 2631 vertus
740 2605 775 2631 et.
804 2599 1075 2633 innumerables
1103 2602 1249 2635 merites
1277 2603 1366 2636 dont
1392 2604 1447 2637 les
1474 2605 1642 2650 glorieux
1666 2607 1810 2640 martirs
1835 2607 1930 2640 saint
1955 2607 2088 2641 Cosme
2109 2612 2145 2639 et
2167 2605 2319 2640 Damien

455 2662 576 2696 furent
595 2670 630 2696 et
650 2671 733 2697 sont
750 2664 866 2709 plains
884 2672 920 2698 et
935 2668 1208 2701 recomlnandez
1228 2680 1358 2702 envers
1378 2677 1482 2703 notre
1504 2672 1684 2717 Seigneur
1703 2672 1966 2714 Jesus-Christ,
1988 2679 2022 2706 et
2042 2673 2096 2706 les
2114 2676 2189 2706 tres
2208 2684 2319 2718 grans

454 2735 579 2762 vertus
605 2736 640 2762 et
659 2730 826 2764 miracles
847 2743 917 2776 que
938 2732 971 2765 le
993 2733 1155 2766 Sauveur
1171 2734 1215 2767 de
1242 2741 1321 2768 tout
1347 2735 1380 2768 le
1405 2738 1537 2770 monde
1558 2750 1621 2783 par
1643 2738 1723 2771 leur
1742 2739 1985 2772 intercession
2010 2751 2028 2772 a
2050 2739 2116 2772 faiz
2137 2751 2183 2772 ou
2202 2745 2320 2784 temps

456 2798 563 2840 passe
588 2802 623 2828 et
647 2796 709 2829 fait
729 2808 861 2830 encore
882 2797 1040 2831 chascun
1056 2800 1143 2844 jour
1167 2802 1185 2833 a
1212 2800 1396 2845 plusieurs
1418 2815 1620 2847 personnes
1642 2805 1848 2851 opprimees
1874 2805 1919 2838 de
1948 2805 2061 2850 griefs
2082 2805 2254 2838 maladies
2275 2816 2321 2838 en

456 2860 641 2906 plusieurs
662 2863 796 2907 parties
813 2863 857 2897 de
878 2863 977 2898 leurs
998 2877 1120 2910 corps,
1142 2872 1177 2899 et
1196 2879 1289 2912 pour
1310 2867 1343 2901 la
1362 2871 1436 2902 tres
1458 2870 1556 2903 vraie
1578 2877 1611 2904 et
1632 2871 1781 2916 parfaite
1804 2871 1983 2905 devocion
2004 2878 2040 2905 et
2063 2871 2231 2906 affection
2250 2882 2321 2916 que
