2488 3386
446 325 487 358 76
1018 336 1336 359 cuAnTULAmum
1371 337 1562 358 umvssas.
1601 336 1730 358 rmus.
2213 320 2310 357 [1362

446 408 543 452 quod
565 415 620 441 est
646 415 769 441 contra
796 409 970 442 honorem
1002 416 1125 442 nostre
1147 410 1404 443 Universitatis
1425 410 1617 450 antedicte,
1646 409 1796 442 maxime
1822 420 1901 441 cum
1930 407 2000 452 ipsi
2027 406 2205 439 deberent
2229 418 2311 439 esse

446 473 633 518 speculum
655 474 805 507 aliorum
829 482 864 508 et
886 475 975 520 ipsis
995 475 1126 508 bonum
1148 476 1233 508 dare
1255 476 1472 521 exemplum,
1496 488 1538 508 ex
1558 475 1692 520 quibus
1720 475 1837 520 possit
1861 486 1970 518 grave
1991 480 2115 506 contra
2136 484 2203 506 nos
2224 472 2311 505 oriri

445 540 652 572 scandalum
675 541 710 572 in
731 542 889 574 futurum
910 553 916 573 :
939 541 1023 574 hinc
1041 548 1096 574 est
1116 542 1213 586 quod
1235 554 1302 575 nos
1322 554 1432 586 super
1452 541 1523 574 hiis
1547 541 1738 586 providere
1755 540 1957 585 cupientes,
1981 539 2172 572 statuimus
2193 545 2229 571 et
2248 550 2312 583 per

445 606 590 638 modum
630 607 752 639 statuti
790 607 957 640 volumus
996 609 1182 652 perpetuis
1220 608 1446 653 temporibus
1480 607 1524 640 ab
1555 607 1724 640 omnibus
1757 606 1980 647 observari¹,
2014 605 2111 650 quod
2141 605 2310 638 decetero

445 672 620 717 magistri,
649 674 898 718 cujuscunque
926 673 1105 707 facultatis
1135 681 1194 707 aut
1224 674 1386 707 nacionis
1413 674 1579 715 existant,
1612 674 1656 706 ad
1683 673 1990 718 congregationes
2022 679 2089 705 tam
2118 670 2310 717 generales

445 750 549 782 quam
569 739 759 783 speciales,
783 739 1035 784 deputationes
1061 752 1100 772 ac
1122 740 1387 785 disputationes
1408 752 1447 773 ac
1469 740 1559 772 alios
1579 746 1680 773 actus
1705 751 1917 772 communes
1938 738 2110 771 accedant
2130 738 2166 770 in
2186 736 2309 770 habitu

445 804 599 845 decenti,
621 805 791 837 videlicet
820 817 904 850 capa
931 806 988 839 vel
1016 806 1177 851 epitogio
1208 806 1319 851 longo
1340 806 1398 839 vel
1428 806 1530 839 brevi
1559 806 1723 838 foderato
1744 812 1804 838 aut
1830 805 1952 850 pallio,
1975 817 2048 837 non
2073 804 2109 836 in
2139 803 2310 836 mantello

444 870 742 915 qualitercunque
763 871 939 904 foderato.
969 873 1012 904 Et
1041 872 1071 904 si
1099 872 1135 904 in
1157 872 1227 904 alio
1248 872 1371 905 habitu
1392 872 1626 913 accesserint,
1649 883 1758 905 voces
1780 883 1905 904 eorum
1927 871 1964 903 in
1984 870 2090 903 dictis
2111 881 2311 915 congrega-

444 936 603 969 tionibus
630 937 888 982 [genera]libus
909 938 966 970 vel
996 938 1230 982 specialibus,
1259 938 1556 983 deputationibus
1586 944 1647 971 aut
1677 938 1758 970 aliis
1790 937 1931 970 actibus
1958 935 2213 969 communibus
2245 947 2310 981 pro

444 1003 542 1035 nullo
564 1002 775 1043 habeantur,
798 1010 833 1036 et
853 1004 1018 1048 requisiti
1040 1004 1075 1036 in
1097 1004 1270 1048 predictis
1291 1003 1654 1049 congregationibus,
1672 1003 1969 1048 deputationibus
1989 1009 2050 1036 aut
2068 1002 2149 1035 aliis
2169 1001 2310 1035 actibus

441 1069 694 1102 communibus
716 1081 780 1114 per
801 1076 978 1102 rectorem
999 1077 1122 1102 nostre
1144 1070 1238 1102 dicte
1260 1070 1516 1103 Universitatis
1537 1070 1635 1102 exire
1657 1076 1859 1102 teneantur.
1878 1069 1948 1112 Qui
1965 1075 2084 1101 rector
2101 1080 2165 1114 per
2185 1080 2310 1113 quem-

441 1147 583 1179 cunque
623 1136 834 1180 magistrum
863 1136 899 1167 in
935 1136 1041 1169 dictis
1076 1135 1425 1181 congregationibus
1456 1142 1491 1168 et
1519 1136 1600 1169 aliis
1636 1135 1777 1168 actibus
1808 1134 2063 1168 communibus
2094 1134 2309 1168 existentem

442 1201 638 1245 requisitus
660 1213 724 1246 per
747 1213 851 1234 suum
868 1202 1113 1246 juramentum
1135 1214 1199 1235 eos
1221 1202 1406 1247 inquirere
1429 1208 1605 1243 teneatur,
1628 1202 1700 1235 nisi
1726 1202 1774 1234 sit
1798 1201 1867 1234 tale
1892 1202 2023 1234 sactum
2044 1207 2192 1246 propter
2213 1200 2310 1246 quod

440 1274 603 1311 oporteat
622 1273 730 1300 totam
753 1268 1033 1301 Universitatem
1055 1269 1311 1313 magistrorum
1334 1268 1539 1313 regentium
1561 1274 1597 1301 et
1617 1280 1690 1301 non
1707 1268 1926 1313 regentium,
1945 1279 1983 1300 ac
2005 1267 2199 1300 scolarium
2215 1268 2311 1312 jura-

440 1340 556 1365 torum
587 1333 816 1378 congregari,
844 1340 880 1366 et
907 1346 972 1378 pro
994 1334 1208 1367 defensione
1230 1341 1290 1367 aut
1318 1334 1470 1367 tuitione
1492 1341 1700 1367 nostrorum
1727 1334 2003 1379 privilegiorum
2029 1333 2245 1367 deliberare.
2269 1333 2310 1367 In

440 1412 510 1444 quo
532 1412 617 1432 casu
644 1400 789 1432 modum
816 1401 1001 1445 antiquum
1028 1401 1198 1434 volumus
1227 1400 1426 1434 observari.
1454 1401 1489 1433 Si
1517 1401 1598 1445 quis
1619 1412 1706 1434 vero
1734 1401 1908 1445 magister
1928 1401 2178 1445 cujuscunque
2198 1398 2311 1433 facul-

440 1466 521 1499 tatis
542 1467 681 1508 existat,
704 1473 827 1499 contra
849 1467 1026 1511 premissa
1049 1467 1104 1500 vel
1125 1467 1262 1512 aliquid
1291 1467 1552 1512 premissorum
1578 1467 1774 1512 quidquam
1796 1473 2007 1512 attemptare
2032 1466 2308 1512 presumpserit,

439 1545 457 1565 a
484 1540 606 1566 nostra
637 1533 807 1566 societate
835 1544 874 1565 se
903 1534 1046 1566 noverit
1074 1533 1342 1578 repellendum,
1365 1533 1481 1566 donec
1509 1533 1756 1566 satisfactione
1784 1533 1961 1578 premissa
1990 1539 2063 1566 tota
2083 1532 2310 1566 Universitas

440 1599 557 1644 ipsum
580 1599 722 1632 duxerit
742 1599 996 1633 revocandum.
1021 1601 1060 1632 In
1084 1601 1188 1644 cujus
1210 1600 1262 1632 rei
1284 1600 1531 1633 testimonium
1557 1599 1718 1645 sigillum
1747 1606 1871 1632 nostre
1893 1599 2149 1633 Universitatis
2173 1599 2310 1644 prefate

440 1665 672 1710 presentibus
693 1665 824 1698 litteris
852 1665 1021 1698 duximus
1048 1666 1318 1710 apponendum.
1344 1686 1388 1690 —
1413 1667 1490 1699 Dat.
1514 1666 1550 1698 in
1576 1673 1699 1699 nostra
1720 1665 2007 1711 congregatione
2032 1664 2195 1710 generali
2215 1664 2310 1710 apud

440 1732 691 1765 Predicatores
716 1732 876 1764 Parisius
901 1731 1080 1764 celebrata
1112 1733 1169 1764 die
1196 1732 1299 1765 tertia
1327 1733 1465 1765 mensis
1496 1732 1696 1773 Februarii,
1732 1744 1826 1765 anno
1863 1731 2007 1765 Domini
2041 1733 2075 1764 M
2089 1731 2179 1765 CCC
2207 1742 2310 1764 sexa-

439 1798 580 1842 gesimo
602 1798 795 1830 secundo’.

533 1895 599 1918 Mus.
614 1895 733 1918 Britann.
749 1903 798 1918 ms.
812 1895 872 1918 add.
889 1896 974 1924 17:301«,
991 1895 1035 1918 sol.
1053 1895 1105 1918 113.
1120 1908 1152 1912 —
1166 1895 1235 1918 Bibl.
1251 1898 1304 1918 nat.
1322 1895 1404 1918 Paris.
1420 1903 1468 1919 ms.
1484 1896 1530 1918 lut.
1546 1896 1620 1918 1284?
1636 1895 1794 1927 (apograph.
1809 1897 1881 1924 rec.),
1899 1895 1944 1918 sol.
1960 1895 2014 1918 377.
2030 1895 2155 1924 Bulaeus,
2170 1894 2211 1924 lv,
2230 1894 2284 1918 ³74.

535 1978 557 2001 1.
573 1979 621 2001 Ms.
639 1978 700 2001 add.
719 1988 732 1999 «
745 1981 770 2001 et
786 1987 808 2001 n.
827 1993 852 1995 —
870 1979 892 2001 2.
910 1978 1057 2001 Secundum
1072 1978 1162 2001 stilum
1176 1978 1358 2002 Gallicanum?
1373 1979 1445 2001 Tunc
1463 1982 1532 2001 esset
1547 1987 1589 2001 un.
1608 1979 1677 2002 1363.

447 2153 586 2190 1259.
610 2163 791 2188 Innocentius
809 2163 846 2188 VI
857 2163 1024 2197 magistrum
1043 2163 1209 2188 Grimerium
1225 2163 1372 2197 Bonisacii
1387 2163 1415 2189 in
1429 2162 1634 2188 cancellarium
1650 2162 1744 2188 Paris.
1763 2164 1922 2196 confirmat.

1535 2248 1609 2276 7360,
1626 2246 1754 2279 Septemb.
1769 2247 1896 2275 30-7362.
1911 2246 1969 2278 Any.
1985 2246 2021 2272 15.

532 2329 671 2362 Dilecto
704 2329 778 2361 filio
806 2330 988 2362 Grimerio
1023 2330 1217 2362 Bonisacii¹
1250 2329 1466 2363 cancellario
1496 2329 1628 2362 eccles.
1660 2329 1890 2370 Parisiensis,
1922 2329 1959 2361 in
1991 2340 2091 2362 sacra
2124 2327 2306 2374 theologia

444 2395 630 2440 magistrO,
649 2395 813 2437 salutem,
831 2401 894 2429 etc.
917 2396 1130 2428 Litterarum
1153 2396 1302 2429 scientia
1392 2395 1557 2429 Exhibita
1573 2395 1753 2440 siquidem
1771 2394 1878 2428 nobis
1898 2407 1964 2440 pro
1985 2401 2085 2440 parte
2102 2401 2160 2427 tua
2181 2394 2307 2440 petitio

444 2461 652 2495 continebat
671 2462 768 2506 quod
790 2462 924 2494 dudum
947 2462 1103 2507 simplici
1123 2469 1158 2495 et
1177 2475 1250 2495 non
1271 2469 1394 2495 curato
1411 2462 1529 2495 officio
1550 2461 1763 2495 cancellarie
1784 2461 1940 2494 ecclesie
1960 2461 2190 2502 Parisiensis,
2209 2460 2306 2506 quod

444 2528 623 2573 quondam
645 2527 828 2561 Johannes
849 2528 991 2573 d’Assy,
1008 2528 1156 2561 ultimus
1177 2529 1293 2573 ipsius
1315 2528 1469 2561 ecclesie
1495 2527 1745 2568 cancellarius,
1762 2527 1846 2560 dum
1869 2527 2009 2560 viveret
2027 2526 2225 2568 obtinebat,
2241 2538 2307 2573 per

443 2594 560 2639 ipsius
587 2593 761 2627 Johannis
793 2593 949 2635 obitum,
983 2594 1044 2638 qui
1079 2601 1176 2627 extra
1206 2596 1400 2627 Romanam
1432 2594 1566 2627 curiam
1604 2593 1699 2626 diem
1734 2593 1865 2626 clausit
1897 2599 2108 2634 extremum,
2142 2599 2304 2635 vacante,

443 2659 662 2694 venerabilis
691 2660 799 2693 frater
819 2666 944 2693 noster
962 2660 1145 2693 Johannes
1167 2661 1362 2705 episcopus
1390 2660 1608 2693 Parisiensis
1629 2659 1784 2692 officium
1815 2659 2017 2704 predictum
2043 2659 2095 2692 sic
2115 2670 2246 2692 vacans
2270 2665 2306 2692 et

442 2727 486 2759 ad
512 2727 590 2771 ejus
615 2726 844 2759 collationem
874 2726 1060 2771 pertinens
1087 2726 1178 2758 nulli
1204 2727 1248 2759 de
1269 2727 1352 2771 jure
1375 2726 1535 2759 debitum
1557 2725 1739 2758 ordinaria
1762 2724 1826 2758 tibi
1855 2725 2066 2758 auctoritate
2096 2724 2250 2758 contulit
2270 2731 2305 2758 et

444 2793 602 2838 providit
621 2793 726 2825 etiam
748 2792 791 2824 de
812 2792 875 2824 illo
892 2793 1078 2834 canonice,
1097 2793 1167 2825 nisi
1187 2792 1386 2837 apostolice
1409 2792 1675 2825 reservationes
1696 2790 1894 2831 obstarent,
1917 2797 2028 2836 tuque
2048 2791 2175 2836 vigore
2195 2790 2304 2824 colla·-

443 2859 552 2891 tionis
582 2865 617 2891 et
647 2858 870 2903 provisionis
900 2858 1142 2903 predictarum
1174 2858 1329 2891 officium
1361 2859 1479 2903 ipsum
1509 2870 1552 2891 ex
1581 2864 1666 2890 tunc
1694 2868 1759 2902 per
1783 2868 1916 2889 annum
1942 2863 1977 2890 et
2005 2857 2129 2890 decem
2156 2868 2302 2890 menses
