2488 3386
464 342 508 374 94
1044 346 1362 369 CHARTULARIUM
1396 345 1587 367 UN1VEns.
1624 343 1752 365 PARJS.
2225 327 2323 363 [1362

464 436 540 457 sem
562 424 658 468 viget
687 423 845 456 studium
874 421 1057 466 theologie
1086 420 1251 458 solenne,
1273 426 1307 452 et
1336 419 1372 451 in
1394 431 1465 463 quo
1486 418 1600 451 lector
1627 415 1838 462 principalis
1860 414 2124 448 Sententiarum
2147 419 2180 446 et
2206 412 2323 446 Biblie

466 502 529 535 per
556 491 588 534 vj
621 490 813 522 continuos
842 500 956 521 annos
986 487 1064 527 fuit„
1094 498 1158 531 per
1184 485 1403 531 provinciam
1436 496 1534 517 suam
1563 483 1607 516 ad
1641 482 1835 527 legendum
1867 480 2072 514 Sententias
2099 479 2259 513 Parisius
2286 479 2323 511 in

464 556 591 601 hyeme
613 555 774 600 proxime
800 555 918 587 sutura
948 553 1084 586 electus
1113 559 1147 585 et
1175 558 1404 597 presentatus
1433 550 1559 590 extitit⁷
1590 555 1624 582 et
1653 560 1717 593 per
1737 547 1946 592 superiores
1975 557 2063 579 suos
2090 552 2125 578 et
2153 544 2323 590 generale

463 622 669 666 Capitulum
692 621 852 665 ejusdem
876 620 1024 653 Ordinis
1045 618 1264 663 approbatus
1285 624 1320 650 et
1340 617 1443 650 etiam
1466 615 1711 649 confirmatus.
1733 615 1867 647 Verum
1889 625 1970 646 cum
1991 612 2034 645 ad
2056 613 2134 657 ejus
2154 611 2322 645 noticiam

464 688 606 720 noviter
634 687 680 720 sit
707 687 899 719 deductum
929 685 1025 730 quod
1056 685 1198 729 quidam
1227 685 1336 716 frater
1367 682 1564 728 Dyonisius
1595 679 1791 714 Fourchat²
1820 679 1983 724 ejusdem
2010 678 2160 712 Ordinis
2190 690 2208 711 a
2235 678 2324 711 sede

462 753 661 798 apostolica
682 753 829 798 gratiam
853 752 1007 785 obtinuit
1030 751 1235 796 specialeun
1259 750 1355 795 quod
1385 749 1464 794 ipse
1491 749 1600 780 frater
1630 746 1827 792 Dyonisius
1857 745 1974 791 possit
2000 751 2035 778 et
2058 744 2174 778 valeat
2198 743 2324 789 hujus-

466 820 561 852 modi
585 819 787 852 Sententias
809 818 968 851 Parisius
995 818 1119 862 legere
1144 817 1181 849 in
1209 816 1301 849 dicta
1330 815 1457 860 hyeme
1485 814 1646 859 proxime
1667 819 1847 853 secutura,
1875 818 1910 845 et
1931 811 1976 844 ob
1997 811 2065 844 hoc
2087 810 2225 844 dubitat
2244 811 2323 857 ipse

465 886 573 918 frater
592 885 774 918 Johannes
804 885 840 917 in
872 883 1080 928 hujusmodi
1112 909 1176 915 .....
1209 894 1275 915 suo
1306 893 1414 914 cursu
1443 892 1552 926 posse
1582 879 1719 913 turbari
1748 891 1755 912 ε
1786 885 1977 924 eapropter
2002 877 2187 910 humiliter
2206 877 2321 910 eidem

464 959 583 985 vestre
605 951 782 984 sanctitati
804 950 983 995 supplicat
1003 949 1171 994 quatinus
1193 948 1262 981 sibi
1284 949 1320 980 in
1341 959 1531 992 personam
1553 946 1639 979 dicti
1665 946 1722 979 sui
1747 944 2011 990 consanguinei
2032 936 2225 989 specialem
2247 955 2324 989 gra-

465 1018 547 1050 tiam
564 1018 748 1057 facientes,
768 1017 883 1049 eidem
902 1023 940 1048 ut
955 1016 1088 1060 pariter
1104 1022 1263 1059 tempore
1280 1013 1419 1047 estivali
1442 1025 1505 1046 seu
1523 1012 1720 1046 vacationis
1737 1011 1942 1044 immediate
1960 1010 2147 1055 sequentis
2163 1010 2324 1043 Parisius

463 1084 673 1128 hujusmodi
696 1083 898 1116 Sententias
919 1082 1056 1127 legereq
1083 1093 1120 1114 ac
1147 1080 1376 1113 libertatibus
1398 1086 1433 1112 et
1456 1080 1584 1125 gratiis
1605 1078 1775 1112 omnibus
1797 1078 1910 1111 dictas
1941 1077 2144 1111 Sententias
2165 1077 2325 1110 Parisius

464 1149 671 1195 legentibus
699 1149 735 1181 in
766 1148 891 1193 hyeme
919 1147 1106 1180 concessis
1134 1147 1248 1179 libere
1277 1146 1449 1191 gaudere,
1472 1158 1511 1178 ac
1539 1145 1665 1178 eodem
1693 1157 1802 1178 cursu
1823 1151 1858 1178 et
1883 1144 2011 1177 ordine
2037 1156 2077 1177 ac
2104 1144 2136 1177 si
2162 1150 2324 1189 tempore

463 1215 616 1260 hyemali
645 1215 778 1247 ibidem
809 1214 972 1258 legisset7
995 1214 1037 1246 ad
1065 1213 1311 1258 magisterium
1342 1213 1378 1244 in
1405 1212 1571 1245 facultate
1601 1211 1786 1257 theologie
1813 1211 2019 1243 immediate
2040 1217 2122 1255 post
2151 1210 2324 1243 lecturam

463 1281 672 1326 hujusmodi
693 1280 910 1325 promoveri,
935 1279 1134 1324 dignemini
1159 1279 1202 1312 de
1224 1278 1447 1324 benignitate
1469 1278 1666 1323 apostolica
1688 1277 1890 1310 concedere
1911 1277 2082 1322 gratiose,
2101 1283 2137 1309 et
2155 1276 2326 1310 mandare

462 1348 636 1393 gardiano
653 1347 857 1391 ceterisque
878 1345 1150 1391 presidentibus
1171 1346 1207 1378 in
1229 1345 1325 1378 dicto
1341 1351 1520 1378 conventu
1538 1344 1748 1384 Parisiensi‚
1767 1350 1806 1377 ut
1825 1344 1942 1388 ipsum
1964 1343 2108 1376 fratrem
2125 1342 2324 1376 Johannem

465 1420 547 1459 post
583 1413 717 1446 finitam
750 1413 920 1445 lecturam
955 1413 1068 1457 ipsam
1100 1411 1326 1444 cancellario*
1351 1411 1505 1444 ecclesie
1545 1411 1763 1444 Parisiensis
1792 1410 1849 1444 vel
1882 1411 1961 1453 ejus
1991 1409 2250 1443 locumtenenti
2280 1409 2325 1443 ad

464 1479 746 1525 magistrandum
766 1485 988 1523 presententq
1007 1485 1041 1511 et
1058 1479 1163 1511 dictis
1184 1478 1399 1511 cancellario
1416 1478 1473 1511 vel
1494 1477 1754 1510 locumtenenti
1775 1483 1813 1510 ut
1830 1477 1948 1522 ipsum
1966 1476 2142 1520 recipiant
2162 1482 2197 1509 et
2216 1475 2324 1522 magi-

465 1547 660 1579 strent3....
687 1566 729 1569 ——
750 1545 836 1577 Fiat.
860 1546 900 1577 B.
924 1566 967 1569 —
989 1545 1072 1577 Sine
1093 1545 1158 1577 alia
1180 1545 1347 1577 lectione.
1374 1565 1418 1568 —
1439 1544 1525 1576 Fiat.
1549 1545 1588 1576 B.
1610 1565 1654 1568 —
1674 1545 1801 1577 Datum
1823 1543 2003 1576 Avinione
2023 1542 2060 1587 iij
2082 1542 2152 1575 kal.
2174 1543 2325 1576 Decem-

463 1612 554 1653 bris,
577 1624 669 1644 anno
692 1611 819 1656 primo.

555 1709 618 1739 Reg.
633 1709 689 1731 vat.
706 1708 798 1738 suppl.
816 1707 918 1731 Urbani
933 1708 962 1735 V,
980 1716 1021 1731 an.
1038 1708 1060 1735 1,
1074 1716 1101 1738 p.
1117 1708 1139 1735 1,
1158 1708 1200 1730 fol.
1218 1707 1273 1731 091².
1284 1721 1315 1724 —
1330 1708 1359 1730 In
1375 1708 1437 1738 ch.
1453 1708 1509 1730 vat.
1526 1708 1607 1730 Aven.
1623 1707 1724 1731 Urbani
1739 1708 1768 1735 V,
1780 1707 1831 1731 vol.
1843 1708 1872 1736 V,
1887 1708 1922 1730 sol
1938 1707 1992 1737 529,
2007 1710 2092 1730 exstat
2108 1706 2141 1729 nd
2157 1705 2324 1736 (Grimerium

463 1753 599 1783 Bonifaeii)
616 1753 723 1775 cancell.
740 1752 823 1775 Paris.
837 1752 990 1775 mandatum
1004 1752 1116 1783 apostol.
1135 1760 1146 1774 (ι
1162 1752 1214 1783 xvij
1230 1752 1283 1775 kal.
1299 1752 1418 1775 Januarii
1434 1760 1445 1775 )›
1464 1752 1594 1781 (Decemb.
1611 1752 1660 1782 16).
1677 1760 1688 1775 «
1700 1752 1755 1775 Viri
1775 1760 1849 1781 sacre
1863 1752 1982 1775 lectionis
2001 1760 2022 1775 ».
2039 1752 2078 1775 Cf.
2091 1750 2231 1782 Wndding,
2247 1751 2325 1775 Ann-

463 1798 544 1827 Min„
561 1798 628 1826 VIII,
643 1798 698 1825 492,
714 1800 743 1819 110
760 1797 782 1825 7,
799 1804 812 1818 e
827 1804 878 1827 quo
893 1797 1017 1825 Bulaeus,
1033 1797 1074 1826 lv,
1091 1798 1144 1819 373.

556 1881 578 1903 1.
596 1880 728 1903 Johannes
744 1881 774 1904 de
790 1881 928 1909 Dormans,
945 1888 986 1903 an.
1004 1880 1072 1908 1358,
1089 1880 1215 1902 Novemb.
1232 1880 1268 1907 19,
1286 1888 1345 1902 cum
1366 1883 1435 1903 essct
1454 1879 1596 1903 archidiac.
1614 1880 1645 1903 de
1660 1880 1774 1903 pruvino
1790 1880 1816 1903 in
1832 1880 1894 1903 eccl.
1911 1880 2016 1908 Senon„
2032 1880 2062 1903 fit
2075 1879 2157 1911 episc.
2173 1878 2324 1903 Lexoviens.

463 1926 535 1955 (Reg.
551 1925 608 1948 Vnt.
632 1925 719 1948 Innoc.
740 1926 782 1952 VI,
799 1929 828 1947 n0
843 1926 895 1953 233,
915 1926 932 1948 s.
948 1924 1013 1954 l131³),
1031 1932 1072 1947 an.
1096 1924 1164 1952 1359,
1186 1924 1239 1947 Jul.
1260 1924 1298 1952 12,
1315 1925 1410 1947 transl.
1429 1924 1462 1947 ad
1482 1924 1587 1948 Belvac.
1604 1925 1676 1955 (Reg.
1697 1925 1776 1949 Aven.
1795 1925 1893 1954 innoc„
1910 1925 1962 1948 vol.
1978 1925 2042 1953 XXI,
2059 1925 2077 1948 f.
2093 1924 2160 1954 66³⁶).
2174 1924 2285 1947 Errntur
2298 1923 2324 1947 in

465 1969 536 1992 Gall.
557 1969 660 1997 christ„
677 1969 718 1997 XI,
736 1970 789 1992 787.
809 1970 856 1992 An.
872 1970 942 1998 1368,
959 1970 1031 1999 Sept.
1053 1969 1091 1997 22,
1112 1972 1214 1991 creatus
1239 1969 1322 1997 card.;
1339 1969 1384 1991 sed
1406 1968 1446 1992 tit.
1463 1969 1582 1996 Quatuor
1604 1972 1789 1992 coronatorum
1810 1968 1915 1992 nonnisi
1933 1972 1995 2000 post
2008 1969 2074 1992 duos
2090 1970 2143 1992 sere
2158 1964 2249 1997 annon,
2266 1976 2326 1993 eul-
2349 1987 2364 2001 ⁷-

463 2013 564 2035 curinm
582 2013 668 2044 primo
684 2013 816 2041 intrasset,
834 2013 944 2044 accepit.
959 2013 1017 2036 Vid.
1034 2013 1103 2035 infra
1115 2017 1143 2035 11⁰
1159 2013 1227 2036 1349.
1250 2026 1280 2030 —-
1304 2013 1326 2036 2.
1343 2013 1362 2036 Ι.
1386 2021 1408 2036 e.
1425 2013 1587 2042 Foulleehat,
1604 2014 1635 2036 de
1650 2021 1701 2045 quo
1716 2013 1795 2037 iufra.
1816 2027 1848 2031 —-
1864 2014 1887 2037 3.
1903 2014 1984 2042 Infra,
2001 2013 2034 2036 nd
2048 2021 2091 2037 an.
2110 2014 2179 2042 1365,
2194 2012 2267 2037 Jmii
2285 2012 2324 2042 14,

461 2057 517 2087 jam
533 2060 562 2080 ut
575 2065 644 2088 mag.
661 2057 739 2080 theol.
756 2057 872 2080 affertur.

470 2191 609 2227 1268.
638 2200 749 2225 Urbano
781 2202 804 2226 V
820 2200 964 2236 supplicat
987 2203 1080 2235 frater
1105 2201 1248 2227 ,lohannes
1278 2202 1380 2235 Trisse,
1406 2202 1594 2228 baccalareus
1620 2202 1648 2228 in
1673 2202 1817 2237 theologia
1847 2206 1874 2228 et
1897 2206 2069 2238 procurator
2090 2201 2235 2237 generalis
2257 2202 2323 2228 Ord.

553 2250 676 2282 fratrum
691 2250 800 2274 Beatae
815 2249 928 2275 fflariae
943 2249 978 2275 de
995 2249 1130 2284 Carmelo,
1149 2249 1232 2285 quod,
1251 2259 1311 2275 cum.
1327 2251 1388 2286 ipse
1403 2250 1510 2276 habeat
1526 2254 1592 2276 ante
1607 2260 1638 2276 se
1651 2250 1750 2286 plures
1766 2251 1952 2277 baccalareos
1967 2251 2037 2278 dicti
2053 2251 2168 2277 Ordinis
2185 2251 2214 2277 in
2226 2250 2326 2277 eadem

552 2297 694 2330 facultate
712 2297 751 2322 ad
764 2297 883 2331 gradum
904 2298 1063 2332 magisterii
1072 2299 1160 2333 juxla
1180 2298 1250 2324 dicti
1271 2299 1388 2324 Ordinis
1402 2303 1515 2324 statuta
1531 2303 1558 2325 et
1571 2299 1663 2325 studii
1676 2300 1853 2326 Parisiensis
1869 2300 2099 2326 consuetudinem
2111 2299 2325 2335 promovendo-⁹,

554 2345 726 2371 cancellario
740 2346 900 2371 parisiensi
915 2346 1053 2372 mandare
1069 2346 1201 2381 dignetur
1217 2351 1246 2372 ut
1260 2356 1290 2373 se
1305 2347 1397 2383 ipsum
1414 2348 1492 2382 infra
1509 2357 1593 2373 unum
1609 2357 1731 2374 mensem
1752 2348 1944 2374 cancellarius
1960 2348 2109 2374 licentiore
2128 2348 2233 2374 debeat
2247 2351 2275 2374 et
2286 2347 2327 2374 ad

554 2394 713 2427 magisterii
726 2394 847 2428 gradum
863 2395 1006 2420 admittat.
1024 2411 1058 2413 —
1072 2396 1142 2421 Fiat.
1157 2396 1188 2420 B.
1206 2411 1239 2414 —
1254 2396 1289 2422 Et
1305 2397 1385 2430 quod
1400 2398 1526 2423 transeat
1541 2397 1601 2423 sine
1613 2398 1668 2423 alia
1682 2397 1815 2424 lectione.
1830 2413 1865 2416 -
1880 2397 1950 2423 Fiat.
1967 2398 1998 2423 Β,
2014 2413 2050 2416 —-
2064 2397 2173 2423 Datum
2185 2396 2327 2424 Avinione

553 2442 589 2475 vij
603 2443 641 2468 id.
659 2443 832 2472 Decembris,
849 2451 926 2469 anno
941 2444 1046 2477 primo.

1767 2482 1842 2510 7362.
1858 2480 2003 2508 Decembris
2019 2482 2042 2507 7.

560 2565 622 2595 Reg.
635 2565 693 2588 Vat.
707 2565 799 2596 Suppl.
814 2566 914 2588 Urbani
929 2567 957 2594 V,
975 2574 1018 2590 an.
1034 2567 1054 2596 1,
1070 2575 1097 2598 Ρ.
1114 2568 1135 2595 1,
1153 2568 1197 2590 fol.
1215 2568 1269 2591 82¹1.
1281 2582 1311 2586 —
1327 2568 1356 2591 In
1371 2569 1433 2599 Reg.
1451 2569 1507 2591 Vat.
1525 2568 1626 2592 Comm.
1642 2569 1743 2592 Urbani
1758 2569 1787 2598 V,
1804 2573 1834 2591 n⁰
1850 2569 1904 2598 252,
1921 2577 1961 2600 ep.
1978 2569 2031 2596 235,
2049 2569 2093 2592 sol.
2108 2568 2162 2598 70b’
2178 2570 2263 2592 exst-82
2276 2567 2326 2592 §ub
2342 2564 2346 2568 ⁴

466 2608 556 2631 cadem
581 2609 707 2639 temporis
731 2613 792 2632 nota
816 2610 968 2633 mandatum
995 2614 1079 2641 apost.
1105 2611 1138 2634 ad
1162 2611 1335 2641 (Grimerium
1357 2612 1431 2642 Bon.)
1455 2613 1642 2636 cancellarium
1666 2613 1750 2637 Paris.
1772 2623 1785 2635 α
1810 2613 1883 2636 Sicut
1906 2613 2016 2636 debetur
2039 2621 2062 2636 ».
2087 2612 2126 2636 Cf.
2149 2613 2255 2637 Archiv
2275 2611 2327 2643 Ῑΐιν

468 2653 638 2676 Litteratur-
654 2660 683 2677 u.
699 2654 922 2684 Kirchenqesch„
937 2655 967 2680 V.
984 2656 1038 2678 385.
1054 2655 1111 2678 Vid.
1126 2655 1200 2685 ibid„
1216 2664 1243 2686 p.
1260 2657 1304 2679 365
1320 2665 1388 2687 sqq.,
1404 2657 1436 2679 de
1449 2657 1567 2680 ,johanne
1583 2657 1680 2686 Trissa,
1697 2657 1826 2688 scriptore
1841 2657 1904 2681 Ord.
1918 2657 2030 2681 Carmel.
