2488 3386
191 333 286 369 1384]
957 344 1003 365 ni:
1040 343 1281 365 scmsmxra.
1991 337 2052 368 591

188 419 388 452 deliberato
416 418 535 451 animo
564 425 598 451 et
628 418 812 455 diuturno,
846 429 918 450 11011
949 417 1162 462 precipitato
1194 417 1259 449 sed
1281 424 1432 457 maturo,
1463 430 1480 449 a
1509 417 1750 462 philosopho³
1779 419 1924 459 eruditi,
1957 419 2053 464 quod

188 500 203 517 «
223 497 412 518 sermones
434 485 470 517 in
492 485 671 529 principio
693 483 826 517 debent
849 495 930 516 esse
956 483 1070 528 longi,
1097 490 1131 516 et
1156 483 1320 515 executio
1347 483 1451 515 velox
1475 497 1504 522 »,
1530 484 1761 517 concorditer
1782 492 1816 517 et
1836 486 2054 518 unanimiter

186 552 273 585 alias
295 551 593 592 declaravimus‘,
611 557 646 584 et
666 550 781 584 adhuc
804 550 1029 583 declaramus
1050 549 1121 582 hiis
1143 549 1349 594 patentibus
1371 549 1487 582 literis
1509 557 1648 583 mentes
1675 558 1817 584 nostras
1843 564 1907 596 pro
1933 559 2053 585 sancta

185 625 220 651 et
234 619 355 663 juxta⁵
378 618 556 651 electione
578 617 664 650 dicti
685 617 822 650 domini
851 617 966 649 nostri
996 628 1085 661 pape
1106 616 1318 656 Clementis,
1342 616 1385 649 ad
1416 628 1595 649 summum
1619 617 1849 661 pontificatus
1876 618 2050 651 honorem

184 697 248 730 per
268 684 597 718 reverendissimos
622 684 659 716 in
680 683 826 717 Christo
855 690 974 728 patres
1001 683 1169 716 dominos
1197 682 1399 715 cardinales
1427 689 1550 715 sancte
1581 684 1740 716 Romane
1767 684 1921 717 ecclesie
1947 685 2052 718 electi

183 752 355 784 canonice
382 758 416 784 et
445 751 634 795 assumpti,
664 751 856 795 ipsumque
885 750 1069 783 dominum
1100 756 1263 782 nostrum
1293 761 1417 794 papam
1448 750 1485 781 111
1505 761 1630 782 verum
1660 756 1694 782 et
1724 751 1868 783 unicum
1897 752 2052 785 ecclesie

183 824 304 851 sancte
331 818 397 850 Dei
419 824 599 862 pastorem
622 823 657 850 et
676 817 849 850 vicarium
872 816 1093 861 singularem
1119 816 1263 848 Domini
1285 816 1400 849 nostri
1420 817 1505 848 Jesu
1533 816 1670 850 Christi
1692 818 1991 862 recognoscimus
2018 826 2052 851 et

181 884 344 917 fatemur.
367 885 407 916 In
429 895 582 928 quorum
605 883 765 916 omnium
787 882 1035 916 testimonium
1058 889 1248 927 presentes
1276 882 1400 915 literas
1428 882 1506 915 fieri
1533 883 1699 923 fecimus,
1723 883 1909 928 sigillique
1930 885 2049 929 magni

181 957 304 983 nostre
326 950 420 983 dicte
442 950 698 983 Universitatis
723 949 948 995 appensione
973 949 1118 981 muniri.
1149 950 1275 981 Datum
1299 955 1333 981 et
1360 955 1475 981 actum
1504 949 1664 982 Parisius
1692 949 1728 981 in
1754 956 1877 982 nostra
1898 963 2051 995 congre-

180 1017 332 1062 gacione
357 1017 520 1062 generali
548 1017 585 1049 111
614 1017 743 1050 Sancto
770 1016 968 1049 Benedicto
990 1016 1195 1061 regentium
1218 1022 1253 1048 et
1273 1027 1347 1047 non
1368 1017 1572 1060 regentium
1600 1022 1633 1048 et
1660 1016 1764 1048 etiam
1788 1029 1852 1061 per
1867 1018 2050 1061 juramen-

180 1090 266 1125 tum,
287 1090 324 1116 ut
345 1090 399 1116 est
421 1083 544 1124 moris,
564 1083 776 1116 solemniter
792 1082 971 1115 celebrata
993 1094 1086 1115 anno
1108 1082 1252 1115 Domini
1273 1081 1467 1115 millesimo
1485 1082 1590 1115 CCC⁰
1607 1082 1855 1127 octuagesimo
1873 1084 2047 1125 secundo⁷

179 1150 237 1182 die
258 1151 337 1194 xxvj
361 1150 498 1182 mensis
519 1149 717 1182 Februarii.

271 1248 334 1278 Reg.
348 1248 406 1270 Vat.
424 1247 565 1270 Clementis
580 1247 634 1275 VII,
653 1251 682 1270 n⁰
694 1248 748 1275 309,
767 1248 783 1269 f.
800 1247 839 1276 15,
856 1246 905 1269 sub
923 1246 1030 1269 rubrica
1045 1254 1051 1269 z
1069 1256 1081 1267 «
1098 1246 1184 1269 Litora
1197 1254 1277 1277 super
1290 1246 1466 1269 declaratione
1482 1246 1668 1270 universitatis
1684 1247 1768 1270 Paris.
1783 1257 1804 1270 n.
1822 1248 1968 1270 Declaratio
1985 1248 2049 1271 Uni-

177 1291 309 1315 versitutis
332 1291 358 1314 in
374 1291 447 1314 curia
462 1293 540 1315 Aven.
565 1294 733 1322 praesentata
748 1294 788 1314 est
803 1299 849 1322 per
865 1299 935 1322 mag.
952 1292 1093 1321 Aymonem
1115 1290 1240 1319 Homini,
1263 1294 1462 1321 procuratorem
1479 1291 1595 1314 fiscalem
1612 1299 1697 1322 pupae
1718 1292 1868 1320 Clementis,
1890 1295 1917 1314 ut.
1936 1292 2000 1315 ibid.
2022 1292 2047 1315 111

177 1336 308 1367 principio
325 1336 459 1364 scribitur,
479 1339 504 1359 et
519 1339 642 1358 narratur
658 1343 663 1358 z
681 1346 693 1356 ιι
710 1335 757 1358 hec
775 1339 814 1358 est
831 1342 897 1359 vera
916 1335 992 1366 copia
1008 1334 1062 1357 sive
1075 1338 1272 1366 transumptum
1291 1336 1455 1366 quarundam
1471 1335 1608 1358 literarum
1625 1336 1771 1366 patentium
1787 1344 1844 1359 ven.
1861 1336 2047 1360 Universitutis

175 1380 271 1410 Paris„
290 1380 380 1411 sigillo
395 1380 481 1411 ipsius
494 1380 520 1403 in
536 1388 595 1403 cera
610 1380 692 1403 rubea
708 1380 886 1410 sigillatarum
901 1389 923 1403 ».

268 1425 303 1448 Ut
315 1433 328 1448 e
344 1425 400 1448 Lib.
417 1431 492 1455 proc.
507 1429 568 1449 nat.
585 1424 696 1455 Anylic.
713 1424 775 1453 (vid.
791 1426 910 1448 Auctar.
925 1424 1064 1452 Chartul..
1081 1424 1100 1453 Ι,
1115 1432 1140 1454 p.
1156 1425 1211 1449 654.
1228 1424 1266 1453 27)
1281 1424 1432 1449 ediscimus.
1446 1424 1516 1447 natio
1533 1424 1676 1454 Anglicana
1692 1425 1767 1448 Febr.
1784 1426 1813 1447 25
1828 1425 1912 1448 noluit
1927 1426 2046 1448 declara-

175 1470 271 1493 tionem
287 1469 473 1493 Universitatis
491 1469 566 1492 Febr.
585 1470 598 1491 3
618 1469 698 1492 alicui
718 1469 874 1492 tradendam
891 1476 957 1495 esse,
975 1477 986 1491 «
1003 1468 1054 1490 nisi
1072 1468 1104 1490 ad
1121 1468 1206 1490 minus
1226 1468 1389 1499 redigeretur
1405 1468 1430 1491 in
1448 1469 1532 1491 forma
1547 1469 1649 1491 meliori
1666 1477 1687 1492 n.
1707 1469 1775 1492 llaec
1793 1469 1885 1492 melior
1904 1471 1987 1492 forma
2007 1474 2047 1493 est

176 1514 359 1538 determinatio
375 1514 452 1537 Febr.
469 1514 508 1542 26,
525 1522 590 1545 quae
604 1514 660 1536 sola
673 1513 699 1536 in
717 1513 830 1536 Archivo
844 1512 968 1536 Avenion.
983 1512 1060 1535 Arch.
1077 1513 1134 1535 Vat.
1148 1512 1289 1543 reperitur.

268 1558 477 1582 Declarationem
490 1558 655 1581 Universitas
667 1566 832 1589 quocumque
846 1556 925 1585 misit,
938 1559 963 1580 et
977 1556 1157 1579 verisimiliter
1169 1556 1324 1587 designatur
1337 1557 1455 1588 perillus
1469 1557 1580 1585 litteras,
1593 1566 1658 1588 quas
1671 1557 1778 1588 quidam
1790 1558 1965 1584 Normannus.
1977 1559 2044 1590 juris

175 1602 312 1634 utriusque
325 1603 424 1630 doctor,
438 1603 539 1634 Pragae
555 1610 730 1631 commorans,
745 1611 755 1624 a
772 1610 819 1633 per
832 1604 947 1624 rectores
960 1604 1075 1624 extortus
1089 1609 1099 1623 )›
1111 1601 1250 1624 asserebat
1262 1602 1372 1629 (Chron.
1386 1601 1506 1624 Zantssiet
1521 1601 1592 1632 apud
1603 1602 1848 1630 Martime-Dumnd,
1862 1603 1955 1632 Ampl.
1972 1603 2044 1632 coll„

175 1647 205 1675 V,
221 1647 266 1670 324
284 1647 316 1670 ad
335 1655 377 1670 an.
391 1647 470 1676 1384).

268 1731 290 1755 1.
308 1731 371 1762 Reg.
394 1730 488 1754 iterum
505 1738 511 1753 z
529 1740 542 1752 (t
557 1730 709 1762 hujusmodi
726 1740 748 1754 n.
771 1744 797 1748 —
822 1731 844 1754 2.
862 1731 924 1761 Reg.
942 1739 947 1754 :
966 1739 976 1752 α
995 1730 1117 1754 scismate
1140 1739 1162 1754 ».
1177 1744 1207 1747 —
1225 1731 1248 1753 3.
1265 1731 1327 1762 Reg.
1345 1730 1453 1754 abbrev.
1468 1738 1473 1753 ·.
1493 1740 1503 1753 «
1518 1731 1614 1762 ampho
1631 1739 1653 1754 n.
1678 1745 1704 1749 —-
1728 1733 1751 1756 4.
1772 1733 1858 1763 Supra
1879 1737 1908 1756 11⁰
1928 1734 1996 1757 1624,
2020 1748 2045 1752 -.

174 1777 197 1799 5.
212 1776 232 1799 1.
250 1783 273 1798 e.
287 1775 368 1806 justa.

180 1901 320 1939 1652.
343 1910 463 1936 Botulus
485 1911 627 1936 secundus
655 1911 853 1937 Universitatis
875 1912 969 1938 Paris.
994 1921 1115 1938 unacum
1136 1911 1334 1938 declaratione
1364 1912 1563 1938 Universitatis
1584 1912 1623 1937 ad
1648 1912 1812 1938 Clementem
1841 1914 1892 1939 Vll
1909 1914 2038 1948 mittitur,

263 1960 379 1985 natione
395 1959 557 1994 Anglicana
573 1963 724 1986 annuente.

1405 1998 1480 2026 1383,
1494 1999 1557 2028 post
1568 1997 1700 2023 Februarii
1712 1999 1755 2023 26.

269 2082 326 2106 Vid.
348 2091 429 2114 supra
444 2086 482 2105 n0⁸
498 2083 567 2111 1474,
580 2083 639 2105 1477
655 2086 680 2105 et
700 2086 753 2106 not.
770 2083 907 2106 Februarii
921 2084 950 2106 24
965 2083 1050 2106 nuntii
1062 2084 1220 2115 juraverunt
1239 2086 1366 2114 (Auctar.
1382 2085 1520 2113 Chartul„
1535 2085 1552 2114 Ι,
1566 2093 1593 2115 p.
1606 2085 1661 2114 654,
1676 2085 1698 2113 2,
1720 2085 1765 2114 10).
1780 2085 1843 2108 Cum
1861 2085 2043 2108 determinatio

176 2127 371 2157 Universitatis,
387 2127 413 2150 in
429 2128 515 2150 forma
528 2127 640 2156 meliori,
657 2127 691 2150 sit
708 2127 814 2150 redacta
825 2128 962 2151 Februarii
978 2129 1017 2161 26,
1031 2128 1116 2151 nuntii
1132 2137 1183 2152 non
1197 2132 1273 2152 antea
1288 2129 1400 2160 profecti
1416 2132 1485 2152 sunt.

180 2293 320 2330 1653.
344 2312 359 2328 ‹<
374 2304 456 2328 Anno
472 2303 585 2328 Domini
600 2304 634 2328 M
643 2304 709 2328 CCC
717 2304 867 2333 LXXXIV,
885 2303 932 2329 die
947 2304 1016 2339 xviij
1033 2304 1215 2339 Septembris,
1239 2305 1427 2330 Universilate
1441 2304 1605 2330 solemniter
1623 2307 1795 2338 congregata
1810 2305 1837 2329 in
1853 2306 1878 2330 S.
1897 2305 2041 2330 Malui-ino

264 2351 304 2377 ad
317 2351 492 2377 audiendum
507 2352 608 2378 literas
624 2352 801 2378 dominorum
817 2352 919 2378 ducum
934 2353 1075 2387 Biturigie
1092 2356 1117 2378 et
1133 2353 1306 2387 Burgundio,
1326 2353 1354 2378 in
1375 2353 1477 2389 quilius
1497 2352 1703 2388 supplicabant
1723 2353 1914 2387 L'niversitati,
1933 2357 1962 2378 ut
1977 2354 2042 2389 ipsa

264 2400 347 2426 daret
362 2400 515 2436 deputatos
532 2401 572 2426 ad
587 2401 709 2427 eundum
724 2401 763 2426 ad
777 2402 917 2430 Insulam.
933 2401 981 2426 ubi
999 2401 1122 2427 debebat
1139 2410 1200 2427 esse
1219 2402 1372 2427 Concilium
1386 2411 1438 2437 pro
1455 2401 1585 2435 ecclesia,
1605 2405 1631 2426 et
1647 2401 1723 2436 quod
1739 2401 1782 2426 illi
1798 2401 1930 2437 deputati
1945 2401 2041 2436 defer-

263 2453 325 2475 rent
349 2458 444 2475 secum
460 2449 724 2475 determinationem
745 2450 943 2476 Universitatis
958 2459 1009 2485 pro
1030 2450 1142 2476 domino
1160 2459 1242 2486 papa
1262 2450 1400 2476 Clemente
1416 2461 1424 2476 .·
1441 2450 1504 2475 dati
1517 2452 1634 2484 fuerunt
1650 2450 1781 2486 deputati
1801 2450 1978 2476 concorditer
1989 2460 2043 2486 per

265 2501 353 2523 totam
374 2499 598 2524 Universitatem.
619 2500 673 2524 Pro
693 2508 750 2534 qua
766 2498 909 2533 legatione
925 2498 1031 2524 electus
1046 2499 1103 2533 fuit
1118 2508 1192 2534 mag.
1215 2499 1304 2525 Guiclo
1324 2499 1456 2525 Custelli⁴
1476 2499 1653 2524 concorditer
1668 2499 1711 2524 wia
1729 2499 1852 2535 Spiritus
1873 2500 1972 2525 Sancti
1987 2509 2040 2535 pro

265 2547 380 2573 natione
393 2550 500 2573 nostra.
520 2556 535 2573 57

1327 2584 1400 2613 1384,
1417 2584 1575 2616 Septembris
1592 2584 1628 2613 18,
1644 2584 1756 2609 Parisiis.

268 2670 366 2694 Partie
380 2671 425 2695 des
437 2670 525 2700 pieces
540 2675 566 2695 ct
581 2675 652 2695 actes
666 2672 716 2702 qui
730 2676 898 2696 concernem
914 2672 1091 2696 I'Universite'
1106 2674 1139 2697 de
1153 2674 1239 2697 Paris
1251 2673 1340 2703 (1653),
1356 2672 1428 2703 pieee
1447 2672 1468 2699 8,
1485 2680 1512 2702 p.
1529 2672 1551 2694 1.
1565 2671 1633 2697 Bul..
1652 2671 1694 2696 IV.
1710 2672 1764 2696 (³03.
1783 2679 1796 2694 e
1811 2672 1870 2695 Lib.
1884 2678 1961 2702 proc.
1980 2675 2038 2695 nat.

175 2714 290 2738 Picarcl.
306 2728 330 2731 —
347 2715 430 2745 Hujus
446 2715 555 2738 Concilii
570 2716 641 2746 apud
656 2716 749 2745 Mansi,
765 2716 877 2745 Concil.,
895 2717 1000 2740 minime
1018 2717 1114 2740 mentio
1136 2717 1177 2744 fit;
1195 2717 1359 2740 solummodo
1380 2716 1406 2739 in
1424 2716 1500 2739 Arch.
1519 2716 1586 2743 Vut.,
1605 2724 1670 2740 arm.
1687 2717 1725 2744 54,
1741 2720 1769 2738 11ο
1792 2716 1829 2744 14,
1847 2716 1891 2738 sol.
1908 2717 1952 2743 93;
1971 2716 2038 2739 Bibl.

177 2762 229 2782 nat.
246 2759 329 2784 Paris.
348 2767 396 2783 ms.
417 2760 463 2782 lut.
481 2760 550 2788 1469,
570 2760 613 2783 sol.
636 2760 688 2789 194,
705 2763 789 2783 exstat
810 2769 904 2788 serino,
923 2764 948 2784 et
968 2762 1038 2792 apud
1054 2761 1146 2790 Mansi,
1165 2762 1250 2790 XXVI,
1270 2762 1322 2789 723,
1343 2764 1403 2783 nota
1423 2760 1511 2783 brevis
1527 2760 1558 2783 dc
1576 2760 1692 2783 Concilio
1713 2760 1892 2782 Camerarensi
1910 2768 1952 2782 an.
1970 2760 2039 2788 1383,

176 2803 268 2826 octob.
285 2804 307 2832 1,
323 2803 416 2834 pontif.
431 2803 570 2827 Clementis
585 2804 630 2827 VII
643 2812 685 2828 an.
702 2805 815 2827 secundo
830 2805 922 2834 (Mansi
940 2814 951 2827 «
967 2806 985 2829 1.
1000 2809 1071 2828 sexto
1089 2807 1108 2836 ›))
1120 2805 1300 2828 celebrato.—
1311 2805 1445 2828 cameraci
1462 2813 1504 2828 nn.
1521 2805 1581 2827 1385
1596 2804 1675 2827 etiam
1691 2804 1835 2827 Concilium
1849 2804 1905 2832 suit,
1923 2804 1955 2826 ad
1971 2804 2039 2834 quod

175 2856 206 2870 ex
219 2851 294 2879 parte
310 2848 450 2871 Clementis
465 2848 636 2879 provincialis
650 2848 883 2879 Augustinensium
896 2853 921 2873 et
934 2850 1043 2881 Egidius
1060 2850 1090 2873 de
1106 2850 1252 2873 Aurelianis
1269 2849 1392 2872 destinati
1408 2852 1482 2872 erant
1498 2849 1630 2877 (Journal
1642 2850 1673 2872 de
1685 2849 1754 2872 Jeaoz
1771 2849 1795 2871 le
1809 2849 1899 2876 Fevre,
1916 2848 1934 2872 Ι,
1948 2857 1975 2878 p.
1989 2849 2037 2876 9⁸„

175 2892 305 2923 posterior
320 2893 410 2916 eodem
426 2900 503 2922 anno,
519 2892 641 2923 Augusti,
655 2892 762 2915 Parisiis
779 2893 933 2917 morabatur
949 2894 1011 2923 (vid.
1026 2902 1107 2925 supra
1122 2902 1149 2925 p.
1165 2895 1229 2923 396).
1246 2894 1368 2917 Fortasse
1381 2894 1473 2917 Petrus
1491 2893 1522 2916 de
1535 2893 1644 2916 Ailliueo
1660 2893 1729 2915 cirea
1744 2893 1820 2915 finem
1834 2900 1876 2915 an.
1893 2893 1952 2914 1385
1968 2891 2037 2914 istud
