2488 3386
456 355 520 386 558
1033 359 1349 382 CHARTULARIUM
1384 358 1573 380 cmvi-2115.
1611 358 1739 379 lunis.
2221 347 2321 384 [1378

454 438 550 461 dinalis
565 445 624 460 cum
640 436 699 459 aliis
713 435 892 459 cardinalibus
905 443 932 458 se
948 435 1054 458 Urbano
1068 434 1100 457 VI
1113 433 1247 465 opposuit.
1259 433 1322 456 Cum
1335 431 1515 456 cardinalibus
1530 431 1721 455 dissidentibus
1734 432 1868 463 Anagniae
1879 435 2057 456 commoratus
2069 436 2110 456 est
2120 433 2199 456 etiam
2211 434 2319 458 nuntius

454 481 639 506 Universitatis
655 489 713 503 cum
730 480 815 503 rotulo
831 480 863 502 ad
879 480 1015 503 Urbanum
1031 479 1064 502 VI
1077 478 1141 507 (vid.
1162 482 1190 500 n⁰
1207 478 1275 507 1419)
1292 477 1449 501 Guillelmus
1465 476 1496 499 de
1512 476 1683 505 Oesterzeele,
1700 484 1771 508 mag.
1788 479 1838 500 art.
1856 480 1882 500 et
1897 477 1965 500 med.
1983 477 2045 506 (vid.
2062 477 2136 506 ibid.,
2154 481 2179 501 et
2193 482 2223 501 no
2238 479 2317 508 1608),

453 527 513 557 lpse
527 534 585 549 cum
601 525 670 553 aliis,
687 528 714 548 ut
729 524 754 547 in
771 524 857 548 rotulo
873 524 987 555 quodam
1002 522 1182 546 verisimiliter
1197 530 1239 545 an.
1256 522 1316 544 1379
1333 521 1478 552 composito
1494 520 1599 548 dicitur,
1614 529 1626 543 (i
1639 520 1740 544 curiam
1758 521 1902 556 Romanam
1916 529 1976 545 cum
1991 521 2081 545 multis
2096 522 2232 545 laboribus
2247 523 2319 546 dam-

453 571 546 602 nisque
566 573 591 593 et
610 569 816 592 adversitatibus
836 568 947 591 infinitis
967 571 1071 591 secutus
1087 570 1126 590 est
1142 577 1163 594 υ,
1183 566 1200 590 i.
1224 574 1247 589 e.
1263 566 1422 589 Clementem
1444 565 1490 588 VII
1509 568 1563 588 tam
1583 568 1644 588 ante
1663 573 1743 597 quam
1761 569 1823 597 post
1841 565 1897 597 ejus
1917 565 2070 589 electionem
2091 566 2153 596 (vid.
2170 570 2220 590 num
2237 567 2317 597 1437).

451 614 608 639 Guillelmus
622 614 652 637 de
668 613 829 637 Oesterzeele
844 616 931 636 tamen
946 621 996 635 non
1010 615 1114 635 secutus
1130 613 1170 634 est
1184 610 1343 634 Clementem
1357 610 1388 632 de
1407 609 1482 633 ltalia
1497 609 1524 632 in
1538 609 1685 637 Franciam,
1704 618 1764 633 nam
1782 618 1824 633 en.
1841 610 1911 639 1379,
1925 610 1995 638 Maii,
2011 610 2067 642 jam
2082 610 2191 634 Parisiis
2213 611 2239 634 in
2254 619 2317 635 con-

451 658 605 690 gregatione
620 661 731 689 apparet
745 657 808 686 (vid.
823 661 873 680 num
885 657 964 686 1624).
982 656 1136 687 Radulphus
1150 655 1181 678 de
1197 655 1327 682 Ulmonte,
1344 654 1432 677 licent.
1448 654 1473 676 in
1487 657 1599 685 utroque
1611 654 1670 685 jure
1682 653 1737 685 (vix
1748 657 1835 678 tamen
1848 657 1910 678 tunc
1922 654 1948 677 in
1963 654 2039 678 ltalia
2050 655 2197 687 praeseus),
2213 664 2317 688 semper

451 707 552 734 partem
572 702 745 726 cardinalium
767 701 951 724 dissidentium
973 700 1064 728 tenuit,
1087 700 1142 731 jam
1160 702 1219 722 ante
1237 698 1370 730 Septemb.
1391 699 1405 721 8
1421 698 1460 721 vel
1477 698 1514 726 11,
1531 706 1621 722 omnes
1637 707 1702 730 quos
1721 699 1809 730 potuit
1825 699 1858 723 ad
1874 699 1940 722 hauc
1959 702 2063 730 partem
2082 699 2210 723 trahendo
2225 701 2316 732 (supra

451 756 477 779 p.
489 748 552 776 254).
569 747 700 770 Jobanncs
716 746 860 769 Perusandi
874 745 963 768 eodem
977 753 1019 768 an.
1037 752 1095 767 cum
1111 743 1226 767 Arnaldo
1242 743 1366 774 episcopo
1382 743 1577 773 Famagustano
1591 744 1683 774 (supra
1700 747 1729 766 n⁰
1745 743 1814 773 1610)
1831 743 1879 766 suit
1893 743 1988 767 Ronme
1999 743 2035 775 (p.
2049 744 2113 774 283).

455 914 743 951 1613.Pr1'mum
765 920 913 947 concilium
935 920 1052 954 regium.
1076 935 1111 938 —
1134 918 1253 944 Carolus
1279 919 1303 944 V
1323 918 1350 944 in
1377 927 1459 944 suum
1478 918 1624 954 palatium
1647 922 1780 946 convocat
1800 918 1951 944 nonnullos
1972 918 2121 955 episcopos
2145 923 2173 945 et
2196 919 2315 946 clericos

544 971 739 997 Universitatis
757 970 851 995 Paris.
869 969 1051 1004 aliarumque
1077 968 1296 994 Universitatum
1313 971 1343 993 ut
1358 967 1482 993 audiant
1497 967 1661 1003 episcopum
1682 968 1926 1002 Famagustanum
1942 971 1969 993 et
1985 967 2136 994 Nicolaum
2158 968 2194 995 de
2210 970 2315 995 Sancto

539 1020 701 1053 Saturnino,
718 1020 884 1053 magistrum
900 1018 980 1044 sacri
990 1017 1109 1053 palatii,
1126 1025 1144 1042 a
1167 1016 1286 1051 collegio
1309 1016 1508 1042 Cardinalium
1524 1015 1726 1042 dissidentium
1743 1017 1853 1051 missos,
1872 1019 2045 1052 exponentes
2062 1017 2315 1044 Bartholomaeum

538 1068 696 1103 (Urbanum
718 1069 763 1100 VI)
780 1067 803 1093 vi
823 1067 964 1102 minisque
980 1066 1107 1100 electum,
1123 1074 1178 1091 non
1187 1066 1255 1101 jure
1267 1074 1378 1101 papam
1392 1074 1463 1091 esse.

1494 1141 1568 1171 1378,
1585 1141 1745 1174 SeptembrIs
1758 1142 1778 1168 8
1792 1143 1834 1168 νοΙ
1847 1142 1874 1167 11
1879 1140 1896 1171 ⁴.
1911 1142 2025 1169 ΡανῘεῘῘε.

541 1219 589 1242 Les
610 1218 734 1242 Grandes
749 1217 923 1248 Chroniques
937 1218 970 1241 de
989 1217 1106 1243 France,
1123 1217 1163 1239 ed.
1180 1217 1207 1239 P.
1219 1216 1312 1243 Paris„
1331 1216 1372 1244 Vl,
1389 1224 1415 1247 p.
1431 1217 1485 1239 1142.
1502 1229 1532 1234 -·
1543 1216 1702 1240 Guillelmus
1720 1216 1751 1239 de
1773 1216 1933 1240 Salvarvilla
1951 1220 2042 1240 narrat
2061 1216 2088 1240 in
2103 1216 2151 1240 illa
2165 1225 2313 1249 cougrega-

446 1264 516 1286 tione
535 1263 597 1286 eccl.
614 1262 765 1286 Gallicanae
781 1262 862 1285 fuisse
883 1261 987 1284 circiter
1007 1262 1021 1283 6
1042 1260 1264 1292 archiepiscopos,
1281 1262 1311 1283 30
1327 1260 1475 1291 episcopos,
1493 1260 1583 1291 plures
1604 1260 1713 1284 abbates
1732 1264 1758 1284 et
1771 1261 1892 1284 doctores
1908 1261 1935 1284 in
1950 1261 2030 1285 theol.
2047 1264 2072 1285 et
2089 1261 2115 1284 in
2131 1264 2242 1293 utroque
2254 1261 2314 1293 jure

446 1311 472 1331 et
491 1307 556 1331 alios
572 1307 713 1338 sapientes,
734 1306 778 1337 qui
796 1306 926 1333 dicebant,
951 1315 962 1328 «
986 1305 1055 1336 quod
1073 1304 1254 1328 cardinalibus
1274 1305 1380 1328 titulum
1398 1305 1534 1328 electionis
1551 1304 1676 1336 [Urbani]
1690 1313 1759 1336 pape
1782 1305 1814 1328 Vl
1837 1305 2043 1337 reprobantibus
2067 1314 2119 1329 non
2134 1309 2192 1329 erat
2213 1306 2314 1338 absquo

447 1351 539 1383 majori
563 1354 588 1374 et
609 1350 747 1374 maturiori
767 1350 877 1373 consilio
896 1350 1092 1373 adhaerendum
1113 1357 1124 1371 u
1143 1349 1222 1380 (apud
1242 1349 1346 1376 Baluze,
1377 1349 1426 1373 Vit.
1442 1356 1510 1379 pap.
1533 1351 1633 1378 Aven.‚
1650 1350 1669 1378 1,
1692 1349 1756 1378 561).
1772 1350 1801 1372 In
1817 1352 1879 1373 nota
1899 1358 1947 1381 per
1962 1350 2087 1374 Carolum
2105 1350 2126 1373 V
2143 1350 2176 1373 ad
2191 1350 2314 1374 comitem

447 1396 601 1419 Flandrens.
615 1395 697 1418 missa
712 1398 836 1418 narratur
852 1402 857 1417 ’.
876 1403 887 1417 (ι
901 1394 992 1417 datum
1008 1394 1057 1417 suit
1072 1394 1142 1416 dom.
1159 1397 1248 1417 nostro
1262 1393 1318 1425 regi
1334 1393 1474 1416 consilium
1491 1394 1560 1425 quod
1573 1402 1622 1425 pro
1635 1397 1697 1417 tunc
1715 1402 1742 1417 se
1756 1402 1807 1417 nun
1823 1394 2019 1424 determinaret,
2035 1394 2081 1418 sed
2097 1395 2183 1418 adhuc
2197 1394 2315 1419 differret

447 1449 473 1463 se
484 1440 657 1464 determinare
672 1449 694 1463 n.
710 1440 779 1467 Bul„
794 1439 835 1467 IV,
852 1440 905 1462 5214.
921 1439 1047 1462 Similiter
1062 1438 1188 1461 iienricus
1204 1439 1236 1461 de
1250 1438 1345 1461 llassia
1356 1438 1381 1461 in
1393 1438 1517 1468 Epistola
1528 1439 1610 1469 pacis
1626 1438 1720 1461 scribit
1734 1438 1818 1468 (ibid.,
1833 1447 1861 1470 p.
1875 1439 1940 1471 576).
1956 1439 2066 1470 Propter
2079 1439 2128 1462 hoc
2139 1439 2166 1462 in
2175 1439 2314 1464 Memoria

445 1492 541 1509 eorum
557 1491 629 1515 quae
638 1488 707 1509 sunt
721 1485 852 1514 injuncta
863 1485 935 1508 dom.
948 1483 1047 1513 Eyidio
1058 1484 1090 1506 cle
1103 1483 1257 1507 Bellemerc
1268 1482 1408 1511 Avenione‚
1422 1483 1455 1506 ad
1467 1483 1634 1506 referendum
1645 1483 1781 1511 Clementi,
1796 1491 1885 1506 mense
1899 1483 1991 1508 octob.
2004 1483 2091 1513 (Arch.
2105 1484 2173 1512 Vnt„
2187 1484 2312 1508 Instrum.

446 1529 566 1557 miscell„
588 1529 666 1558 1378),
690 1531 795 1551 notatur
811 1536 816 1551 ⁴.
835 1536 845 1551 ι
870 1528 933 1551 Item
949 1527 1106 1550 informetur
1126 1527 1196 1551 dom.
1218 1530 1308 1550 noster
1327 1527 1359 1550 de
1381 1527 1432 1550 hiis
1449 1535 1498 1558 que
1514 1528 1632 1550 fecerunt
1652 1527 1793 1559 episcopus
1814 1527 2004 1559 Famagustan.
2026 1531 2052 1551 et
2071 1528 2198 1559 magister
2217 1528 2315 1560 palacii

447 1582 505 1597 cum
519 1581 579 1605 rege
594 1573 711 1601 Francie,
726 1576 751 1596 et
766 1573 797 1595 de
812 1572 983 1603 responsione
998 1580 1046 1603 per
1058 1580 1147 1603 regem
1164 1573 1233 1595 facta
1247 1572 1279 1595 de
1296 1571 1406 1595 consilio
1419 1572 1583 1603 prelatorum
1599 1572 1632 1595 ad
1649 1572 1696 1595 hec
1712 1575 1924 1601 convocatorum,
1942 1581 1992 1604 que
2008 1573 2146 1604 responsio
2161 1576 2202 1596 est
2214 1573 2314 1597 tradita

447 1622 472 1642 et
486 1618 564 1641 etiam
577 1618 735 1641 deliberacio
751 1617 869 1649 ipsorum
884 1617 1046 1648 prelatorum
1065 1616 1134 1640 dicto
1150 1616 1256 1639 domino
1271 1616 1365 1647 Egidio
1382 1624 1431 1648 per
1446 1619 1592 1646 extensum,
1608 1619 1634 1639 et
1650 1617 1794 1640 secundum
1816 1617 1890 1640 illem
1907 1616 2021 1648 expedit,
2037 1620 2066 1640 ut
2080 1617 2185 1641 videtur
2199 1617 2313 1642 dominis

447 1662 520 1692 meis,
537 1663 606 1694 quod
621 1662 690 1685 dom.
707 1665 796 1685 noster
810 1661 949 1692 provideat
961 1665 986 1685 et
1001 1661 1095 1685 mittat
1109 1668 1204 1685 unum
1221 1661 1266 1685 vel
1279 1662 1349 1685 duos
1364 1662 1397 1685 de
1413 1660 1536 1685 dominis
1551 1660 1743 1685 cardinalibus
1757 1662 1796 1685 ad
1807 1668 1900 1692 regem
1914 1661 2045 1691 Francie,
2059 1666 2083 1686 el
2097 1663 2130 1686 de
2143 1662 2201 1687 illis
2214 1662 2313 1687 saltim

446 1714 539 1731 unum
553 1706 604 1737 qui
621 1706 755 1736 fueritin
776 1706 902 1730 conclavi
917 1706 1003 1730 Rome
1024 1706 1055 1729 in
1070 1705 1266 1730 nominatione
1288 1705 1369 1729 illius
1389 1705 1582 1729 Bau-tholomei
1599 1713 1646 1736 per
1668 1705 1871 1737 impressionem
1888 1705 2019 1729 notoriam
2039 1707 2116 1734 tacta,
2137 1706 2182 1738 qui
2202 1706 2237 1730 sit
2255 1706 2313 1739 regi

446 1754 537 1782 gratus
554 1760 575 1774 ».
599 1751 673 1778 Quod
695 1754 720 1774 et
741 1752 837 1774 sactum
852 1754 900 1779 est,
916 1758 976 1773 nam
999 1750 1097 1773 missus
1117 1753 1157 1773 est
1172 1750 1243 1773 card.
1261 1749 1464 1773 Lemovicensis.
1481 1749 1539 1773 Vid.
1555 1749 1624 1773 infra
1639 1754 1668 1772 n⁰
1683 1750 1753 1773 1618.
1768 1750 1944 1773 Nihilominus
1960 1753 2047 1774 tamen
2070 1759 2115 1774 rex
2134 1751 2244 1774 Carolus
2256 1751 2312 1783 jam

445 1799 506 1818 tunc
523 1798 611 1826 partes
625 1795 708 1818 tenuit
723 1795 896 1818 cardinalium
912 1794 1106 1824 dissidentium,
1123 1794 1191 1817 inter
1204 1802 1269 1826 quos
1285 1794 1415 1818 Robertus
1431 1794 1463 1817 de
1479 1794 1610 1818 Gebennis
1627 1796 1730 1825 (postea
1745 1794 1864 1818 Clemens
1882 1795 1946 1824 VII),
1963 1795 1997 1818 ud
2010 1803 2075 1826 quos
2088 1798 2149 1826 post
2164 1803 2312 1827 congrega-

445 1840 540 1863 tionem
557 1839 737 1871 supradictam
752 1840 817 1862 duas
833 1839 959 1870 epistolas
975 1839 1080 1862 direxit.
1099 1839 1157 1862 Vid.
1178 1839 1276 1867 Valois.
1300 1839 1337 1862 Le
1358 1839 1417 1862 rdle
1433 1839 1466 1862 (le
1483 1838 1599 1864 Charles
1621 1839 1645 1862 V
1658 1845 1698 1863 au
1712 1839 1795 1863 debut
1810 1840 1850 1863 du
1866 1838 1967 1863 Grand
1984 1840 2108 1864 Schisme
2124 1840 2213 1871 (1888),
2229 1848 2257 1872 p.
2273 1841 2311 1870 2⁵,

446 1888 474 1906 n⁰
488 1885 503 1907 4
519 1886 553 1915 (p.
567 1884 596 1907 10
609 1886 688 1915 sqq.)-

539 1968 560 1990 1.
587 1968 615 1990 In
642 1968 746 1992 Grand.
771 1969 872 1992 θὴν-οη.
896 1968 1048 1999 assignatur
1074 1968 1224 1997 sabbatum,
1249 1967 1382 1999 Septemb.
1405 1968 1448 1996 11;
1466 1967 1491 1990 in
1516 1970 1577 1990 nota
1598 1976 1645 1999 per
1666 1968 1790 1991 Carolum
1807 1968 1828 1990 V
1848 1967 1937 1991 comiti
1957 1968 2111 1992 Flandrens.
2130 1967 2211 1992 missa
2227 1976 2233 1992 t
2251 1977 2263 1992 α
2279 1968 2313 1993 ed
2356 1997 2361 2001 s

445 2015 563 2034 octavam
579 2012 647 2035 diem
663 2012 760 2035 mensis
777 2012 909 2043 Septemb.
927 2021 938 2034 »
954 2012 1025 2042 (cod.
1043 2013 1179 2044 Rotomng.
1197 2012 1227 2036 O.
1244 2013 1283 2044 20,
1303 2012 1347 2035 sol.
1362 2013 1406 2040 43;
1424 2012 1492 2040 Bul„
1510 2012 1551 2040 IV,
1568 2013 1622 2042 523)
1636 2013 1759 2035 refertur.

450 2166 589 2202 1614.
613 2175 770 2201 Secundum
790 2175 939 2201 concilium
959 2176 1075 2210 regium.
1099 2192 1132 2194 —
1156 2175 1275 2201 Carolus
1297 2177 1322 2210 V,
1343 2176 1503 2201 convocatis
1519 2176 1547 2201 in
1570 2184 1668 2201 nemus
1689 2176 1894 2201 Vincennarum
1911 2174 2054 2210 episcopis
2073 2174 2311 2211 sapientibusque

532 2223 651 2253 clericis,
669 2224 778 2250 scilicet
794 2224 959 2258 abbatibus,
978 2225 1125 2259 magistris
1141 2225 1168 2250 in
1186 2224 1338 2259 theologia,
1357 2224 1522 2250 doctoribus
1538 2224 1566 2249 in
1582 2223 1706 2250 decretis
1722 2227 1749 2250 et
1762 2223 1872 2258 legibus
1889 2223 2016 2259 aliisque
2028 2223 2181 2257 nobilibus,
2198 2227 2311 2260 partem

535 2272 682 2298 Clementis
699 2274 751 2299 VII
762 2273 944 2309 amplectitur
959 2282 1078 2308 eumque
1094 2282 1185 2299 verum
1198 2282 1308 2309 papam
1324 2273 1463 2308 agnoscit,
1476 2282 1491 2298 «
1501 2282 1562 2299 curn
1574 2281 1670 2298 omnes
1685 2276 1713 2299 et
1727 2272 1835 2307 singuli
1850 2272 1982 2298 dederint
1995 2272 2056 2307 regi
2070 2271 2219 2298 consilium
2235 2272 2311 2308 quod

531 2330 560 2346 se
576 2321 738 2347 declararet
753 2322 793 2347 ad
808 2326 918 2357 partem
935 2322 1042 2347 domim
1053 2331 1131 2358 pape
1147 2322 1297 2348 Clementis
1319 2323 1376 2356 Vll,
1395 2326 1422 2348 et
1438 2326 1537 2348 contra
1551 2322 1656 2347 dictum
1674 2323 1828 2348 Bar-ensem
1843 2331 1867 2347 ».

1582 2398 1656 2427 1378,
1672 2397 1816 2424 Novembris
1833 2398 1869 2427 16,
1888 2398 2023 2423 Vincennis.

537 2471 587 2494 Les
604 2471 730 2496 Grandes
750 2473 851 2496 Chron.
868 2474 901 2496 (te
915 2473 1031 2500 France,
1052 2473 1093 2496 ed.
1109 2474 1136 2496 P.
1152 2473 1234 2501 Paris,
1251 2473 1292 2501 Vl,
1309 2474 1369 2500 [ΑΜ
1386 2473 1411 2495 in
1432 2473 1546 2503 epistola
1562 2473 1642 2504 regis,
1658 2473 1723 2496 Nov.
1742 2473 1780 2501 16,
1797 2472 1830 2495 ad
1849 2472 1997 2495 cardinales
2016 2471 2124 2502 (valois,
2140 2472 2179 2495 Le
2199 2471 2260 2496 role
2277 2472 2311 2496 de

446 2515 559 2538 Charles
574 2515 602 2543 V,
617 2519 674 2543 etc„
686 2524 712 2546 p.
727 2517 774 2544 24),
789 2520 813 2539 et
827 2516 853 2538 in
869 2520 929 2539 nota
944 2517 1024 2539 missa
1038 2526 1084 2548 per
1099 2518 1218 2540 eumdem
1234 2525 1323 2548 regem
1339 2517 1427 2540 comiti
1444 2517 1583 2540 Flandriae
1599 2517 1672 2546 (Cod.
1689 2517 1828 2547 Rotomag.
1845 2516 1875 2540 O.
1892 2517 1930 2545 20,
1950 2516 1995 2540 sol.
2012 2517 2056 2544 43;
2073 2516 2142 2545 Bul„
2159 2516 2200 2544 IV,
2217 2516 2282 2546 524),
2296 2524 2310 2539 e
2327 2516 2329 2519 '

444 2567 494 2589 qua
510 2559 590 2581 verbu
604 2567 684 2590 supra
700 2559 799 2582 inclusa
809 2561 826 2588 ¹,
842 2561 885 2583 ubi
902 2561 1009 2591 insuper
1020 2561 1152 2589 scribitur,
1166 2570 1254 2592 regem
1266 2561 1334 2584 circa
1349 2570 1432 2584 mens.
1443 2562 1567 2584 Novcmh.
1581 2561 1707 2584 habuisse
1723 2569 1790 2584 nova
1805 2561 1836 2584 de
1852 2561 1983 2583 creatione
1998 2560 2149 2584 ClementiS.
2162 2561 2190 2584 In
2207 2561 2308 2585 Chron.

443 2604 489 2627 des
504 2607 601 2632 quatre
612 2610 702 2633 prem.
717 2604 816 2632 Valois,
832 2613 859 2635 p.
871 2605 924 2633 270,
936 2605 1048 2628 dicitur:
1064 2614 1075 2627 a
1088 2614 1165 2636 aprez
1182 2606 1207 2628 Ia
1223 2606 1297 2628 Saint
1312 2605 1407 2629 Martin
1423 2606 1512 2636 d'yver
1526 2614 1547 2628 ».
1563 2606 1696 2628 Froissart
1712 2605 1846 2635 (OEuvres,
1861 2605 1901 2628 ed.
1917 2613 1965 2636 per
1976 2605 2079 2636 Kervyn
2095 2605 2127 2628 de
2141 2604 2308 2633 Lettenhove,

443 2647 483 2674 ix,
501 2647 554 2678 145)
570 2651 660 2670 narrat
675 2656 762 2678 regem
778 2648 844 2671 inter
859 2649 924 2671 alios
937 2653 1062 2672 rectorem
1074 2653 1099 2672 et
1114 2650 1255 2681 magistros
1274 2650 1459 2673 Universitatis
1471 2658 1587 2678 vocasse,
1603 2653 1628 2673 et
1639 2650 1744 2673 tandem
1756 2659 1769 2671 α
1778 2650 1802 2672 la
1814 2650 1941 2680 grigneur
1954 2649 2039 2680 partie
2052 2650 2084 2672 de
2096 2649 2264 2673 l'Universite
2277 2649 2308 2673 de

443 2691 516 2714 Paris
530 2691 670 2714 s'inelinoit
682 2693 697 2714 ἰι
710 2693 854 2716 (ΣΙόιιιοηῑ».
869 2694 913 2716 Ast
929 2694 1054 2716 Heni-irus
1073 2695 1104 2716 dc
1120 2694 1215 2717 Bassia
1228 2694 1253 2716 in
1266 2703 1313 2717 sua
1329 2694 1455 2724 Epistola
1467 2695 1548 2724 pacis
1564 2695 1612 2717 hoc
1627 2695 1771 2718 secundum
1785 2694 1925 2717 concilium
1941 2697 2016 2717 vocat
2032 2702 2043 2716 «
2059 2693 2199 2718 concilium
2214 2701 2310 2725 pauco-

442 2743 499 2758 rum
519 2744 530 2757 »
547 2736 626 2765 (Bul.,
644 2737 685 2763 IV,
701 2737 764 2766 576),
785 2740 810 2759 et
826 2737 947 2760 similiter
964 2738 1120 2761 Guillelmus
1138 2739 1169 2761 de
1185 2739 1346 2761 Salvarvilla
1361 2739 1462 2766 scribit,
1479 2739 1544 2761 illud
1561 2747 1611 2762 non
1634 2739 1670 2762 ita
1692 2747 1818 2770 magnum
1837 2738 1917 2762 fuisse
1937 2747 1967 2761 ac
1985 2738 2125 2761 concilium
2145 2737 2308 2769 Septembris

443 2780 556 2808 (Baluze,
578 2780 629 2804 Vit.
643 2788 709 2811 pap.
728 2783 824 2809 Aven.,
841 2782 859 2809 l,
878 2782 941 2810 562),
958 2783 1031 2805 Certe
1047 2786 1134 2805 tamen
1147 2783 1201 2813 jain
1217 2786 1276 2805 tunc
1293 2791 1342 2805 non
1359 2783 1437 2813 pauci
1450 2783 1635 2806 Universitatis
1650 2783 1734 2806 Paris.
1750 2783 1876 2806 Clementi
1892 2783 1937 2806 vll
1952 2783 2137 2806 adhaeserunt.

535 2864 556 2886 1.
574 2864 676 2887 Similia
691 2864 716 2887 in
732 2865 925 2888 continuatione
941 2865 1025 2888 dictae
1042 2867 1200 2896 Chronique
1213 2868 1379 2895 normande,
1393 2867 1417 2889 in
1432 2867 1494 2890 Cod.
1510 2868 1565 2890 vat.
1581 2867 1627 2891 lat.
1643 2868 1713 2895 4791,
1734 2868 1778 2890 sol.
1798 2866 1871 2894 167b;
1888 2867 1955 2890 Bibl.
1973 2867 1999 2890 S.
2015 2866 2170 2894 Genovct'ae,
2186 2866 2216 2889 Η.
2231 2867 2249 2889 f.
2265 2866 2306 2889 in—

443 2908 486 2930 sol.
500 2908 538 2931 38.
