2488 3386
200 337 296 373 1385]
617 350 663 371 AB
698 349 802 371 ANNO
837 349 967 371 MCCCL
1001 349 1131 377 USQUE
1166 351 1213 371 ,11)
1249 351 1510 372 armeniorum
1546 352 1634 373 xiii.
1992 340 2055 373 387

287 425 360 450 Item
375 432 462 457 super
477 424 516 449 1νο
532 424 654 450 articulo
670 424 743 449 dixit
758 423 838 457 quod
853 423 889 449 de
907 431 972 452 usu.
992 424 1057 449 stilo
1074 425 1103 450 et
1126 424 1337 450 consuetudine
1356 425 1551 451 Universitatis
1568 426 1727 451 l’arisicnsis
1741 428 1782 452 est
1797 426 1836 460 (et
1852 426 1941 451 credit
1954 432 2055 458 super-

198 481 256 500 esse
269 473 455 507 privilegium
471 473 582 506 papale)
598 480 698 498 vocare
713 480 815 498 omnes
830 471 1002 506 magistrols]
1020 473 1050 497 in
1066 473 1221 505 theologia,
1237 473 1328 498 eciam
1344 473 1477 506 prelatos.
1491 474 1511 499 si
1528 474 1584 499 sint
1600 475 1730 501 Parisius.
1747 475 1865 507 quando
1881 474 1984 507 aliquis
1998 474 2058 499 vult

198 522 352 551 licenciari,
365 524 394 548 et
407 522 494 547 debet
508 521 696 548 cancellarius
710 522 774 547 vota
791 521 977 554 singulorum
994 521 1202 553 magistrorum
1217 522 1367 554 exquirere
1382 530 1468 555 super
1482 522 1611 551 sciencia,
1627 523 1692 551 vita.
1710 524 1795 552 fama.
1812 523 1945 548 facundia
1961 524 1988 548 et
2011 529 2058 554 spe

199 571 379 604 proficiendi,
395 572 424 596 et
436 570 600 596 secundum
615 570 809 603 deposiciones
824 569 955 603 ipsorum
971 577 1020 596 seu
1036 570 1154 603 majoris
1169 572 1197 595 et
1212 570 1330 596 sanioris
1346 571 1433 603 partis
1450 578 1552 597 eorum
1567 571 1651 597 debet
1671 580 1717 597 cos
1738 571 1886 598 licenciam
1905 571 1947 597 vel
1965 571 2057 604 repel-

199 619 266 648 lere,
281 620 349 645 alias
362 627 432 645 non.
450 619 615 652 Requisitus
631 619 652 644 si
666 618 737 644 vidit
751 626 887 652 unquam
901 618 981 651 quod
995 619 1088 644 dictus
1102 619 1289 645 cancellarius
1303 619 1465 645 licenciaret
1479 619 1607 652 aliquem
1623 622 1722 645 contra
1742 621 1867 646 formam
1889 620 2058 652 predictam,

199 668 272 694 dixit
292 668 373 702 quod
396 668 469 694 circa
494 668 626 701 primum
650 675 766 693 annum
790 674 850 700 quo
874 667 930 693 fuit
953 667 1150 696 cancellarius,
1174 667 1333 693 licenciavit
1356 668 1504 701 quendam
1525 668 1711 694 Carmelitam
1730 670 1829 694 eontra
1849 669 2061 701 deposicionem

200 717 289 751 ipsius
307 717 453 750 loquentis
473 717 596 742 Parisius
616 716 754 749 presentis
769 717 797 742 et
812 716 904 742 vocati
921 716 957 741 ad
973 716 1038 745 hoc,
1055 716 1107 749 qui
1122 716 1292 749 deposuerat
1314 716 1387 742 sicut
1405 717 1444 742 rei
1461 717 1560 742 veritas
1580 725 1608 743 se
1633 717 1764 746 habebat,
1782 717 1861 750 quod
1880 717 1974 742 dictus
1992 718 2062 742 Car-

200 766 299 792 melita
313 767 375 792 erat
389 766 479 791 homo
494 765 570 791 male
587 765 654 794 vite,
671 765 822 797 sortilegiis
837 765 990 791 sediciosus
1011 766 1039 790 et
1059 765 1142 790 omni
1162 765 1292 798 nequitia
1315 765 1451 798 repletus.
1468 767 1496 791 et
1511 765 1548 791 ob
1564 766 1617 791 hoc
1635 766 1757 791 minime
1773 765 1916 791 licenciari
1931 765 2061 791 debebat.

200 814 365 848 Requisitus
377 814 399 840 si
413 814 461 840 alii
477 814 607 847 magistri
622 814 804 847 prebuerunt
817 815 881 839 vota
898 815 926 839 et
939 821 1093 839 consensus
1106 821 1219 843 eorum,
1233 815 1267 839 ut
1282 814 1491 843 licenciaretur,
1507 814 1578 840 dixit
1594 815 1675 847 quod
1687 822 1703 840 a
1718 814 1819 840 multis
1833 814 1871 847 (et
1884 814 1973 839 credit
1986 814 2065 846 quod

200 871 215 890 a
230 863 335 897 majori
350 865 378 889 et
392 863 499 889 saniori
514 864 596 896 parte
610 863 748 888 omnium
760 863 969 896 magistrorum
982 864 1053 888 tunc
1064 864 1235 888 vocatorum
1250 863 1285 888 ad
1300 863 1509 896 deponendum
1525 871 1611 896 super
1626 863 1771 897 predictis)
1786 863 1895 888 audivit
1910 863 1965 888 dici
1981 863 2067 888 abeis

200 912 280 946 quod
295 912 348 945 ipsi
362 910 638 941 contradixerantssss,
651 913 738 945 prout
755 913 784 937 et
798 911 872 944 ipse:
887 913 916 937 et
932 911 1142 937 nichilominus
1161 912 1220 945 ipse
1233 912 1419 938 cancellarius
1433 912 1546 938 dictum
1562 912 1749 938 Carmelitam
1766 912 1933 940 licenciavit.
1946 911 2068 937 dicendo

201 961 231 987 in
246 961 392 994 presencia
407 961 616 993 magistrorum
632 960 841 994 predictorum,
860 960 941 993 quod
956 960 1050 994 major
1065 968 1130 994 pars
1144 962 1334 986 consenserat.
1353 961 1394 987 De
1410 969 1470 994 quo
1482 961 1551 986 dicti
1566 961 1706 994 magistri.
1724 961 1817 994 major
1830 962 1857 986 et
1879 961 1973 986 sanior
1991 968 2064 993 pars,

202 1009 299 1036 mirati
314 1010 343 1036 et
364 1009 476 1035 confusi
493 1010 614 1035 suerunt
628 1011 656 1036 et
672 1009 844 1042 inceperunt
857 1009 995 1042 respicere
1012 1016 1064 1041 per
1085 1009 1209 1034 modum
1229 1009 1431 1035 admiracionis
1453 1010 1581 1035 videlicet
1598 1018 1675 1035 unus
1691 1010 1721 1035 in
1739 1010 1841 1038 alium,
1853 1009 1979 1035 (licentes
1992 1009 2068 1035 inter

202 1066 230 1085 se
244 1058 325 1092 quod
338 1058 392 1092 ipsi
408 1058 531 1084 minime
546 1060 760 1087 consenserant.
775 1058 845 1091 quia
860 1058 987 1084 sciebant
999 1058 1097 1091 ipsum
1113 1066 1171 1084 esse
1186 1058 1273 1084 talem
1291 1060 1379 1091 prout
1395 1059 1526 1092 superius
1544 1059 1677 1092 deposuit
1691 1059 1726 1084 de
1741 1066 1784 1084 eo.
1800 1058 1964 1091 Requisitus
1979 1065 2068 1091 quare

201 1107 352 1134 dicebatur
366 1107 446 1140 quod
461 1107 629 1133 licenciabat
643 1115 723 1136 eum,
740 1107 812 1132 dixit
827 1107 907 1140 quod
922 1107 1122 1133 communiter
1135 1107 1295 1136 dicebatur,
1318 1107 1398 1140 quod
1421 1108 1512 1140 magis
1536 1115 1588 1140 pro
1609 1108 1755 1140 peccuniis
1769 1109 1798 1133 et
1817 1107 1962 1133 favoribus
1977 1114 2067 1140 quam

202 1156 260 1183 suis
275 1156 385 1183 meritis
398 1158 428 1182 et
441 1156 623 1182 sufficientia.
640 1156 805 1189 Requisitus
820 1156 855 1182 de
871 1156 1036 1189 quantitate
1051 1156 1127 1184 data.
1144 1156 1215 1181 dixit
1229 1164 1256 1182 se
1272 1156 1388 1182 nescire.
1405 1157 1601 1189 Interrogatus
1615 1164 1630 1182 a
1646 1157 1754 1190 quibus
1766 1156 1885 1185 audivit,
1901 1156 1973 1181 dixit
1988 1155 2068 1188 quod

202 1213 217 1231 a
232 1205 366 1239 pluribus
379 1205 416 1230 de
428 1205 536 1238 quibus
548 1212 609 1230 non
624 1205 802 1234 recordatur,
817 1206 845 1231 et
861 1205 941 1238 quod
960 1205 996 1230 de
1018 1205 1071 1230 hoc
1092 1206 1133 1230 est
1156 1205 1273 1237 publica
1296 1205 1371 1230 fama
1396 1205 1426 1230 in
1447 1206 1582 1231 facultate
1599 1207 1625 1231 et
1644 1205 1832 1231 Universitate
1847 1213 1906 1230 non
1922 1205 2016 1230 solum
2032 1205 2067 1230 de

202 1254 262 1283 illo,
277 1254 370 1280 immo
384 1254 420 1280 de
435 1253 569 1287 pluribus
581 1254 652 1283 aliis,
668 1261 741 1287 quos
756 1254 815 1287 ipse
831 1254 999 1282 licenciavit.
1017 1255 1045 1279 ct
1061 1254 1148 1280 etiarn
1165 1255 1205 1279 est
1225 1254 1301 1279 fama
1317 1254 1432 1287 publica
1447 1254 1477 1279 in
1493 1254 1691 1283 Universitate,
1711 1254 1790 1287 quod
1810 1254 1972 1280 secundum
1987 1253 2066 1287 quod

202 1303 269 1335 plus
281 1303 325 1328 vel
341 1302 440 1328 minus
453 1303 582 1328 mittitur
597 1302 649 1328 sibi
664 1302 694 1327 in
709 1302 795 1328 bursa
810 1310 862 1336 pro
879 1302 1001 1335 signeto,
1020 1303 1156 1336 preponit
1175 1304 1203 1328 et
1226 1303 1374 1335 postponit
1394 1303 1594 1331 licenciandos.
1613 1311 1671 1328 non
1686 1304 1797 1328 attenta
1812 1302 1985 1328 sufficiencia
1999 1310 2066 1335 per-

202 1359 351 1378 sonarum.
369 1351 404 1376 Et
418 1351 453 1377 de
469 1351 524 1377 hoc
538 1353 765 1384 conqueruntur
779 1351 867 1377 multi
883 1351 1013 1384 magistri
1033 1353 1060 1377 et
1083 1351 1202 1377 scolares
1223 1352 1376 1381 facultatis,
1399 1353 1427 1377 et
1452 1352 1691 1377 scandalizantur.
1710 1352 1874 1385 Requisitus
1891 1351 1927 1377 de
1947 1351 2067 1377 nomine

202 1400 271 1426 dicti
294 1400 459 1429 Carmelite,
480 1400 552 1425 dixit
574 1400 654 1433 quod
675 1400 771 1426 videre
795 1408 847 1426 suo
868 1400 1024 1425 vocabatur
1046 1400 1133 1426 frater
1153 1400 1211 1426 Yvo
1232 1401 1400 1433 Lamadery,
1418 1401 1505 1429 Brito,
1526 1402 1554 1426 et
1576 1400 1725 1426 dicebatur
1746 1408 1803 1426 esse
1824 1400 1918 1426 affinis
1938 1400 2066 1433 magistri

203 1448 344 1475 Johannis
359 1449 497 1478 Mauricii,
513 1449 643 1474 canonici
660 1449 831 1475 Parisiensis.
850 1449 1015 1482 Requisitus
1028 1449 1050 1474 si
1066 1449 1167 1474 habuit
1183 1449 1276 1474 bullas
1297 1449 1421 1482 papales,
1438 1449 1527 1475 credit
1549 1449 1629 1482 quod
1653 1449 1700 1477 sic.
1718 1449 1765 1475 sed
1789 1451 1908 1482 propter
1930 1449 1984 1474 hoc
2006 1456 2066 1474 non

203 1498 347 1524 debebant
366 1498 509 1523 licenciari
524 1499 625 1523 contra
640 1497 835 1531 deposiciones
860 1498 1059 1531 predictorum
1079 1498 1298 1531 magistrorum.
1322 1498 1501 1531 subjungens
1523 1498 1603 1531 quod
1627 1499 1746 1523 fuerunt
1769 1498 1859 1531 aliqui
1881 1498 2010 1531 magistri
2032 1498 2067 1523 de

203 1547 332 1580 predicto
345 1546 455 1572 Ordine
470 1546 706 1576 Cal-melitarum,
721 1547 772 1580 qui
789 1546 1026 1572 contradicebant
1040 1547 1115 1573 dicte
1130 1547 1248 1573 licencie
1268 1547 1364 1580 palam
1381 1549 1409 1573 et
1429 1547 1554 1580 publice,
1578 1549 1606 1573 et
1630 1547 1838 1572 nichilominus
1859 1547 1956 1580 ipsum
1976 1547 2065 1572 licen-

203 1595 296 1625 davit,
313 1597 402 1629 prout
417 1603 503 1628 supra
518 1595 661 1628 deposuit.
686 1595 726 1621 De
742 1595 887 1621 contentis
902 1595 932 1620 in
954 1595 1031 1621 dicto
1046 1596 1168 1621 articulo
1183 1596 1255 1621 dixit
1272 1604 1299 1621 se
1316 1596 1405 1622 nichil
1423 1596 1502 1621 aliud
1518 1596 1597 1624 scire,
1614 1596 1668 1621 nisi
1684 1598 1770 1629 prout
1786 1604 1872 1629 supra
1887 1596 2064 1629 deposuit...

291 1644 384 1678 lxviij.
407 1644 582 1670 Venerabilis
597 1646 678 1677 pater
694 1645 781 1670 frater
796 1645 971 1671 Rmnxunus.
986 1644 1072 1670 abbas
1088 1645 1255 1670 monasterii
1271 1645 1365 1670 Sancti
1389 1645 1518 1678 Maglorii
1539 1645 1709 1674 Parisiensis,
1728 1645 1828 1670 doctor
1844 1645 1987 1678 theologie
2001 1646 2067 1670 actu

204 1701 306 1726 regens
320 1693 452 1722 Parisius,
467 1693 549 1719 etatis
566 1693 613 1718 xlv
630 1701 777 1719 annorum
794 1694 837 1719 vel
852 1693 934 1719 cirea.
953 1693 1142 1719 Examinatus
1219 1701 1304 1727 super
1317 1694 1397 1723 xlix0,
1411 1694 1483 1719 dixit
1498 1694 1578 1727 quod
1593 1694 1703 1719 audivit
1717 1694 1772 1719 dici
1788 1694 1867 1727 quod
1888 1694 1983 1719 dictus
1997 1702 2067 1719 can-

204 1742 335 1769 cellarius
350 1750 400 1775 per
416 1742 510 1768 minas
525 1742 641 1767 induxit
655 1742 769 1768 dietum
785 1742 960 1775 magistrum
980 1742 1117 1775 Egidium
1132 1742 1168 1768 ad
1187 1743 1389 1775 incipiendum
1405 1743 1458 1768 sub
1473 1743 1544 1776 ipso.
1562 1743 1725 1776 Requisitus
1738 1743 1887 1776 quomodo
1901 1743 2068 1768 minabatur

204 1792 311 1825 ipsum.
327 1791 400 1816 dixit
414 1791 554 1817 audivisse
569 1791 635 1820 dici,
653 1791 732 1824 quod
751 1791 864 1817 dicebat
888 1791 965 1817 dicto
987 1791 1125 1824 magistro
1147 1791 1258 1824 Egidio,
1282 1792 1362 1825 quod
1384 1791 1438 1817 nisi
1460 1792 1599 1824 inciperet
1621 1792 1675 1817 sul)
1695 1792 1766 1825 ipso,
1784 1792 1917 1817 scriberet
1938 1792 1968 1817 in
1990 1792 2069 1817 curia

204 1840 335 1866 Romana
349 1840 430 1873 quod
445 1840 504 1872 ipse
519 1840 676 1865 adherebat
691 1840 907 1866 Bartholomeo.
924 1840 959 1865 Et
973 1840 1068 1866 dictus
1083 1840 1220 1873 magister
1237 1840 1355 1873 Egidius
1370 1841 1485 1867 timens.
1504 1848 1539 1866 ne
1559 1842 1630 1866 esset
1654 1841 1789 1873 fatigatus
1810 1841 1946 1870 indebite,
1963 1841 2069 1874 incepit

205 1889 259 1915 sub
273 1889 350 1914 dicto
365 1889 545 1915 cancellario.
562 1890 590 1914 et
605 1889 661 1914 fuit
675 1889 843 1914 licenciatus
858 1889 915 1914 sub
932 1889 1003 1922 ipso,
1027 1891 1060 1914 ut
1083 1889 1143 1922 ipse
1164 1889 1243 1915 testis
1258 1890 1338 1915 vidit.
1359 1889 1524 1922 Requisitus
1545 1897 1561 1915 a
1582 1889 1689 1922 quibus
1708 1890 1818 1915 audivit
1837 1890 1983 1922 premissa.
1998 1890 2070 1915 dixit

205 1938 286 1972 quod
300 1938 404 1963 habuit
418 1938 457 1963 sic
470 1938 501 1963 in
516 1939 632 1967 secreto,
649 1937 729 1970 quod
746 1945 806 1963 non
819 1938 907 1963 audet
922 1938 1060 1967 revelare:
1077 1940 1177 1964 tamen
1192 1938 1283 1964 credit
1298 1938 1421 1964 firmiter
1435 1939 1516 1971 quod
1530 1938 1578 1964 ille
1593 1938 1644 1971 qui
1659 1938 1731 1963 dixit
1746 1938 1808 1968 sibi,
1827 1939 1959 1964 credebat
1976 1939 2069 1965 dicere

205 1994 318 2013 verum.
333 1986 498 2019 Requisitus
511 1986 533 2011 si
553 1986 633 2012 scivit
646 1986 750 2012 auditu
764 1986 807 2012 vel
821 1986 890 2012 alias
905 1987 1003 2019 ipsum
1019 1987 1194 2020 magistrum
1212 1987 1347 2020 Egidium
1368 1987 1452 2013 fuisse
1468 1987 1732 2015 Bartholomistam.
1749 1987 1820 2012 dixit
1835 1987 1914 2020 quod
1930 1995 2003 2016 11011;
2021 1988 2068 2013 sed

205 2035 315 2061 audivit
329 2036 356 2061 et
372 2035 443 2060 vidit
462 2035 559 2068 ipsum
582 2034 743 2061 substinere
758 2036 870 2068 partem
890 2035 1004 2060 domini
1025 2036 1115 2061 nostri
1133 2044 1207 2068 pape
1222 2036 1380 2062 Clementis
1395 2037 1546 2062 ferventer.
1567 2036 1731 2069 Requisitus
1747 2037 1769 2061 si
1783 2036 1834 2061 scit
1848 2036 1945 2068 ipsum
1960 2037 2068 2062 dedisse

205 2084 283 2110 dicto
297 2084 468 2110 cancellario
483 2083 635 2116 peccunias
648 2085 798 2109 contentas
811 2083 841 2109 in
857 2084 934 2110 dicto
949 2084 1081 2113 articulo,
1098 2084 1170 2110 dixit
1185 2093 1212 2111 se
1226 2085 1315 2110 nichil
1330 2093 1416 2118 super
1431 2085 1485 2111 hoc
1501 2085 1614 2111 scire....

293 2132 364 2159 lxix.
387 2133 484 2158 Frater
498 2132 642 2158 JOHANNES
658 2133 729 2161 ΑΒΕ,
743 2133 844 2158 doctor
861 2133 891 2158 in
904 2133 1050 2166 theologia
1063 2133 1180 2159 Ordinis
1195 2134 1422 2162 Predicatorum.
1437 2135 1504 2160 actu
1519 2142 1620 2167 regens
1637 2134 1767 2163 Parisius,
1784 2134 1866 2159 etatis
1880 2134 1908 2159 xl
1920 2142 2067 2160 annorum

206 2183 234 2208 et
250 2182 336 2211 ultra,
351 2182 534 2207 examinatus
548 2189 635 2214 super
649 2181 837 2214 infrascriptis
852 2182 986 2214 capitulis
998 2182 1070 2207 dixit
1085 2184 1113 2208 et
1128 2182 1261 2215 deposuit
1276 2184 1310 2208 ut
1324 2183 1500 2216 sequitur....

296 2231 369 2256 Item
385 2238 471 2263 super
487 2230 575 2263 xxxij⁰
592 2230 663 2255 dixit
678 2238 779 2256 verum
796 2238 853 2256 esse
867 2230 947 2263 quod
963 2231 1022 2263 ipse
1039 2231 1118 2256 dedit
1134 2231 1303 2257 cancellario
1318 2239 1370 2265 pro
1386 2232 1498 2264 signeto
1514 2232 1556 2265 xvj
1574 2232 1694 2260 francos,
1709 2233 1737 2257 et
1752 2232 1940 2257 familiaribus
1955 2233 2067 2257 cancel-

205 2279 269 2305 larii
284 2279 350 2312 iiijm-
365 2280 485 2305 francos.
503 2279 668 2312 Requisitus
683 2286 772 2312 quare
787 2278 867 2304 dedit
882 2279 973 2305 dictos
986 2287 1021 2304 xx
1037 2280 1156 2308 francos.
1174 2280 1246 2305 dixit
1260 2280 1340 2313 quod
1359 2282 1401 2306 est
1422 2281 1457 2306 de
1477 2281 1687 2306 consuetudine
1706 2281 1836 2314 antiqua,
1853 2281 1932 2314 quod
1947 2281 2069 2314 quilibet

207 2328 402 2354 licenciandus
414 2328 463 2354 det
479 2335 530 2361 pro
543 2328 655 2360 signeto
671 2336 687 2353 x
702 2328 827 2354 florenos
840 2328 967 2357 usuales;
982 2328 1030 2354 sed
1052 2329 1121 2361 quia
1136 2329 1192 2354 fuit
1207 2329 1380 2362 anticipatus
1395 2337 1446 2362 per
1462 2329 1666 2355 cancellarium
1683 2331 1750 2355 ante
1765 2331 1881 2362 tempus
1895 2331 2067 2355 consuetum

207 2377 373 2410 magisterii.
393 2377 429 2402 de
444 2377 535 2410 gratia
547 2377 627 2402 dedit
644 2377 721 2402 dicto
736 2377 906 2402 cancellario
931 2378 1049 2410 propter
1063 2377 1171 2403 dictam
1193 2378 1386 2403 curialitatem
1401 2378 1426 2411 vj
1444 2378 1555 2404 francos
1570 2379 1647 2403 ultra
1666 2378 1807 2411 predictos
1821 2378 1931 2407 deceni,
1947 2380 1975 2404 et
1988 2379 2070 2404 dictis

207 2425 398 2451 familiaribus
410 2426 483 2451 duos
496 2426 572 2451 ultra
588 2433 678 2458 quam
694 2427 867 2451 consuetum
880 2427 931 2454 est,
947 2434 1015 2451 cum
1031 2433 1091 2451 non
1107 2426 1142 2451 sit
1157 2428 1330 2452 consuetum
1344 2426 1383 2452 eis
1395 2426 1462 2452 dare
1476 2427 1529 2452 nisi
1541 2427 1614 2452 duos
1630 2428 1740 2452 francos
1755 2427 1798 2452 vel
1812 2427 1944 2452 florenos.
1960 2427 2067 2460 Requi—

208 2474 279 2501 situs
293 2474 329 2500 de
344 2476 456 2508 quanto
472 2476 603 2507 tempore
620 2474 684 2500 fecit
697 2474 749 2499 sibi
764 2474 958 2500 curialitatem
973 2474 1068 2500 dictus
1080 2475 1276 2503 cancellarius.
1291 2475 1362 2500 dixit
1375 2475 1455 2508 quod
1470 2475 1528 2508 ipse
1541 2476 1726 2501 cancellarius
1740 2478 1766 2501 et
1784 2476 1912 2508 magistri
1929 2476 2069 2502 facultatis

209 2523 339 2549 fecerunt
357 2523 408 2548 sibi
423 2524 550 2556 graciam
565 2523 600 2548 de
617 2523 733 2548 duobus
748 2523 839 2548 annis.
858 2523 1022 2556 Requisitus
1037 2523 1058 2549 si
1081 2524 1136 2549 fuit
1160 2524 1297 2549 inductus
1321 2532 1371 2557 per
1390 2524 1594 2550 cancellarium
1610 2525 1653 2550 vel
1668 2525 1759 2550 alium
1780 2525 1816 2550 ad
1839 2525 1980 2553 dandum,
1998 2525 2067 2550 (lixit

208 2571 289 2605 quod
305 2580 374 2597 non.
390 2572 555 2605 Requisitus
571 2572 592 2597 si
605 2572 700 2597 dictus
714 2572 901 2597 cancellarius
916 2572 970 2597 sub
985 2580 1033 2605 spe
1048 2572 1152 2605 premii
1168 2572 1334 2605 anticipavit
1348 2580 1428 2601 eum,
1445 2573 1517 2598 dixit
1533 2573 1612 2606 quod
1628 2581 1697 2602 11011,
1714 2573 1794 2606 (1110(1
1809 2574 1867 2606 ipse
1882 2574 1964 2601 sciat;
1981 2573 2068 2598 credit

209 2622 309 2646 tamen
323 2621 404 2654 quod
418 2621 472 2646 hoc
488 2621 584 2647 fecerit
599 2621 636 2646 ob
649 2620 844 2646 reverenciam
861 2620 986 2646 Ordinis.
1004 2621 1038 2646 Et
1054 2621 1143 2646 nichil
1156 2621 1234 2646 aliud
1248 2629 1275 2647 se
1291 2621 1361 2647 scire
1371 2621 1443 2647 dixit
1458 2622 1493 2647 de
1508 2622 1651 2647 contentis
1666 2622 1695 2647 in
1708 2622 1784 2647 (licto
1799 2622 1965 2647 articula...

299 2670 371 2695 Item
387 2677 473 2703 super
489 2670 530 2695 1νο
543 2670 666 2696 articulo
685 2669 757 2695 dixit
772 2670 852 2702 quod
874 2670 904 2695 in
928 2670 1034 2695 ultimo
1053 2670 1164 2703 jubileo
1186 2670 1279 2695 dictus
1297 2670 1483 2696 cancellarius
1502 2671 1661 2696 licenciavit
1683 2671 1756 2696 duos
1780 2672 1879 2696 fratres
1900 2670 2021 2695 Minores
2042 2672 2069 2695 et

210 2725 306 2743 unum
320 2718 575 2750 Augustinensem.
593 2718 658 2744 licet
673 2718 703 2743 in
719 2718 805 2751 plena
821 2719 957 2744 facultate
970 2718 1094 2747 dixisset.
1112 2719 1191 2751 quod
1208 2726 1266 2744 non
1282 2719 1447 2744 admitteret
1460 2719 1550 2744 dictos
1566 2720 1665 2745 fratres
1680 2720 1811 2748 Minores,
1825 2719 1889 2744 licet
1904 2719 1992 2743 eciam
2010 2726 2069 2742 non

210 2766 356 2792 habuisset
371 2775 456 2800 super
470 2767 588 2792 licencia
603 2767 734 2800 ipsorum
752 2766 900 2792 Minorum
916 2769 943 2793 et
958 2767 1027 2793 dicti
1043 2767 1263 2800 Augustincnsis
1275 2769 1377 2792 votum
1392 2768 1469 2793 testis
1485 2768 1630 2800 loquentis
1646 2776 1696 2793 ner
1711 2768 1834 2792 aliorum
1852 2767 2066 2797 magistrorum.

210 2817 299 2848 prout
314 2815 401 2840 multi
417 2816 469 2841 sibi
492 2816 666 2841 retulerunt.
684 2816 779 2840 Immo
794 2815 914 2841 fuerunt
933 2816 1069 2841 admirati
1092 2817 1120 2841 et
1140 2816 1331 2843 scandalizati,
1355 2816 1473 2848 quando
1493 2816 1628 2841 viderunt
1652 2816 1798 2848 signetum
1821 2816 1859 2841 eis
1881 2815 1957 2839 mitti
1977 2816 2002 2839 et
2024 2822 2069 2839 eos

211 2871 310 2889 vocare
329 2864 365 2889 ad
385 2864 545 2893 licenciam,
570 2872 638 2890 cum
654 2864 689 2889 sit
704 2865 803 2889 contra
820 2864 912 2889 ritum
932 2866 960 2890 et
980 2864 1080 2889 stilum
1099 2864 1174 2890 dicte
1189 2864 1394 2890 Universitatis.
1413 2864 1576 2897 [requisitus
1591 2872 1642 2896 per
1655 2872 1742 2889 suum
1753 2865 1968 2896 juramentum,
1983 2863 2004 2887 si
2020 2863 2070 2887 scit

210 2919 302 2945 quare
314 2912 409 2938 dictus
422 2913 609 2938 cancellarius
625 2913 680 2938 fuit
700 2913 798 2938 motus
813 2912 849 2938 ad
874 2912 938 2941 hoc,
953 2913 1043 2938 credit
1058 2913 1138 2946 quod
1158 2914 1287 2938 fecissent
1307 2912 1357 2938 sibi
1378 2913 1579 2941 curialitatem,
1603 2914 1631 2938 et
1652 2913 1730 2945 quod
1753 2912 1812 2937 sine
1831 2912 1990 2937 curialitate
2012 2919 2070 2936 non
