2488 3386
1047 354 1215 376 TABULA.
2003 346 2068 379 679

206 427 2070 444 Ἣ

197 474 255 496 1381
271 446 276 488 l

196 531 257 554 1382

195 721 255 744 1383

193 822 253 845 1384

193 924 252 947 ’1385

191 1071 252 1094 1386

190 1173 250 1195 1387

190 1230 250 1253 1388

190 1288 250 1311 1389

189 1345 249 1368 1390

187 1447 246 1471 1391

185 1639 246 1661 1392

184 1696 245 1720 1393

184 1798 244 1821 1394

183 1900 244 1924 1395

183 1963 243 1986 1396

182 2060 241 2084 1397

182 2158 242 2182 1398

181 2301 241 2323 1399

180 2354 240 2377 1400

180 2451 237 2483 1401

179 2549 239 2572 1402

179 2692 238 2714 1403

179 2790 237 2812 1404

333 473 398 498 1372

329 821 397 847 1373

526 474 587 497 Maii
603 475 632 497 16

519 531 591 555 Junii
609 532 638 554 23

500 721 611 752 Augusti
627 722 655 744 26

492 822 612 846 Junuarii
628 823 656 846 12

484 924 620 948 Februarii
636 926 664 948 18

507 1174 594 1197 Martii
610 1175 639 1197 24

489 1231 610 1254 Octobris
631 1233 656 1255 10

476 1289 625 1313 Decembris
642 1291 671 1313 10

284 1346 431 1373 1373-1374
471 1347 621 1371 Devombris
638 1349 677 1371 16-

323 1448 390 1474 1374

282 1639 427 1667 1373-1374

319 1697 387 1723 1374

505 1379 592 1402 Martii
608 1380 637 1402 24

502 1641 589 1664 Martii
605 1643 633 1664 25

471 1699 632 1730 Septembris
648 1701 662 1723 9

468 1801 622 1824 Novembris
639 1803 667 1825 12

477 1902 597 1926 Octobris
614 1904 656 1926 10-

468 1934 618 1957 Decembris
635 1936 664 1958 16

480 1966 616 1989 Februarii
629 1967 642 1989 3

497 2063 582 2086 Martii
601 2064 629 2086 14

527 2161 629 2184 -23

713 473 912 504 Assiguatioues
926 474 1140 496 baccalareorum
1157 473 1218 496 Ord.
1237 473 1329 495 Praed.
1346 480 1394 503 pro
1410 473 1509 495 lectura
1523 473 1548 495 in
1565 473 1652 495 studio
1668 473 1741 496 Paris
1746 490 1976 496 ..........
2023 475 2069 497 206

713 531 794 554 Adam
810 531 948 562 Flamingi.
966 531 1098 553 firmarius
1115 530 1224 561 piscidis
1242 530 1266 552 iu
1283 529 1379 553 Gravia
1394 530 1424 552 110
1442 530 1608 560 impositione
1624 531 1753 559 vinorum,
1771 539 1828 554 cum
1846 531 1977 554 Simonem

743 575 866 602 Thomae,
896 575 1026 597 bedellum
1055 574 1204 605 generalem
1230 574 1363 596 facultatis
1386 574 1560 603 decretorum,
1590 583 1638 605 pro
1662 575 1736 605 pecia
1759 575 1812 598 vini
1844 575 1976 606 aequitum

742 622 872 650 petentem
889 620 1033 642 secundum
1048 619 1189 650 privilegia
1208 627 1264 646 sua,
1282 618 1407 649 injuriose
1423 619 1606 649 percussisset,
1625 627 1639 641 a
1659 620 1824 642 Parlamento
1840 620 1873 642 ad
1888 628 1977 642 einen-

742 664 802 686 dam
817 663 1000 686 honorabilem
1018 664 1159 686 damnatur
1167 679 1975 687 ................................
2022 665 2066 687 207

711 721 854 752 Gregorius
876 721 1034 744 cancellario
1059 721 1153 749 Paris.⁷
1179 723 1207 743 ut
1230 720 1393 751 Stephanum
1418 720 1595 749 Constellarii,
1618 721 1680 744 Ord.
1704 721 1777 747 Miu.,
1798 722 1829 744 ad
1850 722 1975 752 legendas

742 765 889 789 Sententias
908 766 1031 788 admit-tat
1041 782 1589 788 ......................
1610 785 1614 788 .
1633 782 1974 789 ..............
2021 766 2067 788 209

710 824 842 846 Statutum
860 823 973 846 nationis
989 823 1160 846 Picardorum
1181 823 1212 845 de
1228 822 1399 853 pecuniarum
1418 822 1616 850 distributionoe
1637 823 1707 853 quod
1728 823 1840 854 pecunia
1862 823 1975 846 nationis

740 867 767 890 in
781 876 844 891 usus
858 868 1038 891 tantummodo
1054 867 1139 899 ipsius
1156 867 1306 890 insumatur
1310 884 1974 892 ...........................
2020 869 2066 891 209

710 926 853 956 Gregorius
870 926 900 948 Xl
917 926 1074 948 cancellario
1090 925 1174 948 Paris.
1186 925 1311 956 injungit,
1323 928 1351 947 ut
1362 925 1477 947 Johanni
1490 925 1521 947 de
1536 925 1647 952 Cruone,
1662 925 1725 948 Ord.
1737 925 1860 954 Carmel.9
1874 925 1974 948 bnecal.

740 970 766 993 in
781 970 870 998 theol„
888 970 1083 1001 quamprimum
1100 970 1180 992 alium
1196 969 1380 992 baccalareum
1396 969 1420 992 in
1434 970 1525 992 eadem
1542 969 1665 992 facultate
1681 970 1713 992 ad
1730 969 1876 1000 magisterii
1892 970 1974 993 hono-

739 1023 795 1037 rem
809 1015 984 1046 promovebit,
1001 1014 1110 1037 docendi
1124 1014 1255 1037 licentiam
1270 1013 1400 1044 largiatur
1404 1031 1973 1039 .......................
2020 1015 2062 1037 211

709 1073 852 1104 Gregorius
876 1073 908 1095 XI
935 1072 967 1095 ad
990 1072 1177 1095 cancellarium
1198 1072 1292 1099 Paris„
1314 1075 1342 1094 ut
1363 1071 1533 1095 Guillelmum
1555 1072 1585 1094 de
1608 1072 1743 1102 Cremonay
1764 1072 1827 1095 Ord.
1849 1072 1921 1101 Min„
1942 1073 1972 1095 ad

740 1117 922 1148 magisterium
940 1117 964 1139 in
983 1117 1063 1139 theol.
1079 1119 1232 1147 promoveat
1243 1133 1972 1140 .............................
2018 1116 2061 1139 211

708 1175 840 1197 Johannes
858 1175 926 1197 Bcke
941 1174 966 1197 in
980 1178 1107 1197 rectorem
1124 1174 1246 1197 Univers.
1263 1173 1371 1204 eligitur
1374 1190 1972 1198 ........................
2018 1174 2063 1196 212

707 1232 839 1255 -lohanues
853 1233 884 1255 de
901 1232 1029 1255 Rom-uria
1044 1231 1068 1254 in
1085 1235 1211 1254 rectorem
1226 1231 1333 1262 eligitur
1345 1248 1971 1256 .........................
2018 1232 2062 1254 212

708 1290 749 1312 Lis
764 1298 851 1312 coram
867 1290 1032 1312 Pal-lamento
1047 1289 1114 1312 iuter
1129 1289 1334 1312 Universitatem
1345 1289 1429 1312 Paris.
1441 1292 1466 1311 et
1476 1289 1617 1312 Robertum
1631 1289 1661 1312 de
1673 1289 1796 1312 Pinconio
1807 1289 1970 1312 scutiferum.
2017 1290 2061 1312 212

706 1347 862 1371 Guillelmus
879 1347 978 1371 Gorren
995 1348 1092 1370 electus
1109 1350 1207 1374 rector,·
1224 1347 1255 1369 de
1271 1346 1380 1369 emenda
1398 1346 1503 1369 Roberti
1520 1346 1550 1369 de
1568 1346 1691 1369 Pinconio
1707 1346 1879 1370 Universitati
1892 1355 1970 1378 prae-

737 1392 830 1415 standa
845 1408 1969 1416 ............................................
2016 1391 2061 1414 215

705 1450 833 1481 Tempore
853 1449 1050 1480 procui-ateriae
1069 1452 1122 1472 nat.
1146 1449 1297 1472 Gallicanae
1320 1448 1454 1472 Guillelmi
1474 1449 1497 1471 le
1513 1449 1572 1476 Dos,
1595 1449 1740 1479 resumpsit
1763 1449 1887 1472 lectiones
1908 1457 1969 1472 suas

735 1503 804 1525 mag.
823 1494 954 1517 Johanues
970 1493 1072 1522 Salutii,
1089 1493 1131 1524 qui
1149 1497 1209 1515 111110
1224 1493 1329 1524 legebat
1344 1493 1440 1515 librum
1458 1493 1653 1515 Sententiarum
1667 1493 1693 1515 in
1710 1493 1805 1516 Sancto
1818 1493 1929 1522 Victore,
1946 1497 1970 1517 et

732 1538 832 1569 juravit
846 1538 931 1561 dictus
948 1546 1018 1569 mag.
1036 1538 1169 1560 ι1011110005
1186 1537 1286 1565 solatii,
1309 1537 1378 1568 quod
1393 1537 1545 1567 hujusmodi
1565 1537 1771 1568 resumptionem
1786 1546 1837 1560 non
1858 1538 1970 1561 faciebat

734 1583 766 1605 ad
784 1583 900 1605 fraudem
906 1598 1967 1606 ..........................................
2013 1582 2058 1604 215

703 1641 805 1663 Salutio
821 1641 970 1663 scholarum
988 1643 1040 1663 nat.
1057 1639 1150 1663 Gallie.
1167 1639 1216 1662 sub
1234 1643 1405 1670 procuratore
1419 1647 1489 1670 mag.
1502 1640 1570 1662 Luca
1586 1640 1617 1662 de
1634 1639 1697 1662 Rivo
1701 1657 1966 1663 ...........
2013 1639 2058 1662 216

702 1698 845 1729 Gregorius
871 1699 903 1721 XI
925 1698 1043 1721 concedit
1065 1706 1135 1728 mag.
1152 1697 1270 1720 Evrardo
1286 1698 1316 1720 de
1333 1698 1508 1727 Tremaugon.
1523 1697 1590 1727 juris
1611 1701 1662 1720 utr.
1680 1697 1790 1726 doctori,
1806 1700 1834 1720 ut
1854 1698 1910 1720 loco
1927 1698 1966 1720 sui

732 1743 812 1765 alium
829 1743 855 1765 111
872 1743 995 1766 facultate
1011 1743 1106 1765 decret.
1124 1750 1172 1772 pro
1185 1742 1296 1772 legendo
1309 1742 1469 1764 substituere
1482 1742 1568 1772 possit
1571 1758 1965 1766 ................
2012 1742 2056 1764 216

701 1801 843 1832 Gregorius
861 1801 893 1823 XI
918 1801 949 1823 ad
966 1800 1154 1823 cancellarium
1170 1799 1264 1828 Paris,
1282 1802 1309 1822 ut
1330 1799 1477 1822 Johannem
1497 1799 1528 1822 (10
1551 1799 1721 1830 Chevegncyo
1740 1799 1881 1831 juniorem,
1902 1800 1964 1823 Ord.

732 1845 804 1874 Min„
821 1846 853 1868 ad
869 1846 996 1868 lecturam
1012 1844 1205 1868 Sententiarum
1222 1844 1344 1867 admittat
1348 1860 1965 1868 .........................
2011 1844 2055 1866 216

700 1903 822 1926 Nicolaus
841 1903 871 1926 (10
888 1903 1056 1933 Cussangcyo
1072 1906 1157 1925 rector
1173 1901 1359 1925 Universitatis
1376 1900 1472 1924 electus
1478 1918 1964 1925 ....................
2011 1901 2054 1924 217

700 1965 796 1988 Charta
812 1974 863 1996 qua
878 1965 1025 1987 baccalarei
1046 1965 1071 1987 in
1093 1964 1221 1987 medicina
1241 1964 1400 1994 promittuut
1417 1972 1473 1986 sese
1489 1967 1571 1986 artem
1594 1964 1721 1986 medicam
1740 1972 1790 1986 non
1806 1964 1964 1987 exercituros

733 2011 795 2038 fore,
812 2010 861 2032 nisi
879 2009 975 2032 fuerint
990 2009 1015 2031 in
1031 2008 1165 2040 presentia
1181 2008 1260 2030 unius
1277 2016 1289 2031 e
1305 2007 1441 2038 magistris
1459 2008 1592 2030 facultatis
1598 2025 1963 2031 ...............
2010 2008 2054 2030 217

699 2063 842 2093 Gregorius
857 2063 888 2085 XI
905 2063 1019 2085 Thomae
1035 2062 1144 2090 lIaudri,
1162 2065 1213 2084 utr.
1230 2062 1283 2092 jur.
1298 2061 1398 2084 doctori
1414 2061 1557 2090 Aurelian„
1570 2061 1698 2092 permittit
1708 2061 1816 2084 Parisiis
1832 2062 1964 2084 decretum

730 2108 816 2138 legere
820 2122 1962 2130 .............................................
2009 2106 2053 2128 218

699 2161 808 2184 Carolus
833 2161 860 2189 V,
879 2168 923 2183 rex
943 2161 1111 2187 Francorum,
1130 2158 1315 2182 Universitatis
1339 2158 1534 2181 Aurelianensis
1551 2158 1689 2181 confirmat
1711 2158 1851 2189 privilegia
1873 2159 1962 2182 eadem

728 2208 805 2236 atque
821 2205 962 2228 parisiensi
978 2212 1110 2230 concessa,
1127 2207 1378 2233 conservatoresque
1393 2203 1522 2225 dictorum
1540 2202 1742 2233 privilegiorum
1757 2203 1894 2226 coustituit
1904 2203 1962 2226 bal-

729 2249 810 2272 livum
824 2249 1057 2280 praepositumque
1069 2248 1192 2270 Aurelian
1205 2263 1961 2271 ..............................
2007 2248 2052 2270 219

698 2304 828 2326 Statutum
845 2302 957 2325 nationis
971 2302 1140 2325 Picardorum
1159 2302 1189 2323 de
1206 2301 1282 2323 modo
1296 2300 1410 2330 eligendi
1424 2300 1562 2322 officiarios
1567 2317 1960 2324 ................
2007 2302 2051 2324 219

696 2356 839 2387 Gregorius
854 2357 885 2378 XI
901 2356 933 2378 ad
947 2356 1075 2386 quosdam
1089 2355 1198 2377 abbates·
1217 2354 1280 2377 Ord.
1297 2353 1417 2378 Cisterc„
1434 2356 1462 2375 ut
1476 2356 1592 2376 caeteros
1609 2353 1641 2375 ad
1658 2361 1722 2384 quos
1739 2353 1831 2376 attinet
1846 2355 1962 2385 compel-

726 2401 781 2423 lant
797 2400 926 2423 sexdecim
940 2400 1073 2422 scholares
1088 2399 1113 2422 in
1130 2398 1240 2429 collegio
1258 2399 1283 2421 S.
1298 2398 1425 2420 Bernardi
1442 2397 1525 2420 Paris.
1540 2401 1627 2420 tenere
1643 2413 1960 2422 .............
2007 2399 2051 2422 220

696 2454 838 2485 Gregorius
856 2454 886 2476 Xl
904 2454 935 2475 ad
952 2452 1138 2475 cancellarium
1154 2452 1248 2480 Paris.‚
1266 2454 1293 2474 ut
1308 2451 1476 2481 Radulplium
1492 2450 1618 2479 Marcelli,
1632 2450 1694 2474 Ord.
1711 2451 1814 2479 Pracd„
1831 2452 1863 2474 nd
1875 2452 1960 2482 legeu-

726 2499 772 2521 das
790 2498 937 2521 Sententias
954 2497 1075 2520 admittat
1079 2512 1960 2521 ...................................
2006 2497 2048 2519 221

695 2552 804 2575 Carolus
821 2552 841 2574 V
856 2551 880 2574 10
897 2551 969 2573 curia
983 2550 1150 2575 Pal-lamenti,
1167 2549 1350 2580 praesentibus
1369 2548 1490 2579 pluribus
1509 2548 1641 2579 episcopis
1655 2548 1840 2580 nobilibusque
1856 2552 1881 2571 et
1899 2550 1960 2571 Uni-

725 2596 848 2619 versitate
870 2596 963 2623 Paris„
989 2595 1123 2626 querelam
1147 2593 1323 2625 principissae
1349 2593 1467 2615 Mul-aeae
1486 2596 1577 2615 contra
1598 2593 1751 2615 Eduardum
1771 2593 1802 2616 de
1823 2593 1959 2616 Belloludo

725 2640 839 2663 admittit
843 2654 1957 2663 ............................................
2004 2639 2047 2661 221

694 2694 837 2725 Gregorius
858 2693 892 2716 Xl
916 2693 1044 2724 pei-mlttit
1064 2692 1206 2715 Guillelmo
1222 2690 1487 2718 Cai·nilici3,1nedico
1510 2693 1629 2718 uxoratO,
1652 2690 1761 2713 Parisiis
1786 2690 1811 2713 in
1838 2691 1959 2714 facultate

725 2738 868 2761 medicinae
884 2738 971 2768 legere
991 2751 1957 2760 ......................................
2003 2736 2047 2758 222

694 2792 837 2822 Gregorius
854 2792 885 2814 XI
901 2794 1009 2813 renovat
1025 2789 1193 2821 privilegium
1211 2788 1363 2819 septennale
1379 2796 1393 2810 a
1409 2787 1540 2810 Clemente
1555 2788 1587 2810 VI
1603 2787 1737 2818 magistris
1754 2790 1778 2810 ct
1793 2788 1957 2810 scholaribus

725 2836 808 2859 Paris.
823 2844 975 2858 concessum
997 2843 1078 2865 usquc
1101 2834 1133 2856 ad
1151 2833 1317 2864 septennium
1333 2831 1495 2863 percipiendi
1519 2833 1618 2854 fructus
1639 2832 1823 2854 beneficiorum
1840 2840 1956 2859 suorum,

2001 2878 2045 2900 223

725 2880 844 2911 quamvis
861 2888 910 2902 11011
925 2879 1057 2902 resideant
1073 2878 1098 2901 in
1115 2878 1232 2901 ccelesiis
1252 2892 1955 2900 ............................
