2488 3386
225 289 321 325 1386]
650 301 692 323 AB
726 300 831 322 111Νο
865 299 998 323 MCCCL
1031 300 1163 328 USQUE
1197 301 1244 322 An
1280 301 1544 323 nmemerum
1580 302 1671 324 x111.
2022 293 2085 325 431

317 377 339 399 1.
356 374 444 399 Prima
460 375 515 398 dies
536 374 663 398 ordinm-ii
685 373 770 405 quoad
789 374 932 404 magistros
950 373 977 396 in
994 375 1043 397 fac.
1061 374 1156 397 decret.
1175 374 1223 396 fuit.
1238 374 1293 396 dies
1312 374 1403 397 martis
1424 378 1484 405 post
1503 376 1597 398 festum
1620 375 1694 398 Omn.
1715 376 1870 398 Sanctorum
1890 376 1951 405 (vid.
1974 385 2002 407 p.
2020 377 2086 407 1128),

222 420 308 452 quoad
324 420 492 443 huccalnreos
506 428 567 443 vero
583 419 727 442 crastinum
744 418 770 442 b.
786 418 904 449 Dionysii
920 418 1022 447 (octob.
1038 418 1088 450 10),
1104 421 1132 441 ut
1149 419 1218 441 infra
1234 422 1262 441 11ο
1280 419 1338 441 1541
1356 419 1461 443 dicitur.
1476 433 1506 436 -—-
1524 420 1545 442 ἱ).
1563 420 1609 442 vix
1625 420 1781 443 Guillelmus
1801 421 1832 443 dc
1852 421 2026 450 Boudroville,
2043 421 2088 444 sed

222 465 350 489 Robortus
367 465 398 487 de
412 465 505 489 Dours.
524 477 550 481 —-
567 465 588 487 3.
603 463 662 486 Yid.
679 462 818 492 Chartul.,
832 463 863 492 11,
876 471 902 493 p.
920 463 972 491 8011,
991 471 1002 485 «
1018 462 1139 485 Jubileus
1154 471 1175 486 )).
1189 476 1216 479 ——
1227 463 1251 486 li.
1268 463 1325 485 Vid.
1343 464 1474 486 Statutum
1490 463 1557 486 infra
1571 463 1595 486 iu
1612 465 1778 494 Appenrlice.
1794 478 1824 481 —
1840 467 1862 488 5.
1879 466 1897 487 E
1914 474 1995 496 supra
2011 465 2087 488 dictis

221 509 373 537 ediscimus,
391 512 415 531 et
428 508 534 539 quidem
547 507 589 531 hic
604 507 719 538 primum
735 507 761 529 in
776 506 847 530 Actis
861 506 1059 536 Universitatisy
1073 507 1216 537 magistros
1230 506 1378 537 theologiae
1392 507 1474 530 Paris.
1490 516 1570 538 super
1584 508 1695 530 Bibliam
1712 508 1817 539 legisse.
1830 509 1888 532 Vid.
1900 508 2089 533 Introductio-

221 561 286 578 nem
303 553 336 576 ad
351 553 420 576 hunc
434 556 496 576 tom.
516 553 561 576 Ill.
576 566 606 569 —
620 553 644 577 6.
658 552 786 574 Jacohum
802 551 906 580 Divitis,
922 551 1073 573 defunctum
1090 551 1138 574 hoc
1154 559 1230 579 anno,
1244 551 1352 574 Januar.
1372 552 1409 574 11.
1426 552 1484 575 Yid.
1502 556 1551 574 11ῐ1ιηὶ
1567 552 1634 580 1317,
1653 556 1706 575 not.
1722 553 1743 575 1.
1760 553 1795 575 Dc
1813 553 1857 575 lite
1876 554 1928 576 vid.
1949 562 2039 584 supra.
2057 568 2088 571 -—

222 599 244 621 7.
261 597 382 628 Gregorii
398 598 440 620 XI.
452 611 480 614 —
493 598 514 620 8.
530 596 587 619 Vid.
605 599 657 618 not.
676 596 697 619 1.
711 609 739 612 —
750 597 772 618 9.
789 595 831 618 Sic
848 598 909 618 tunc
925 595 950 617 in
967 595 1144 618 Universitate
1161 595 1247 618 fiebat..
1260 595 1317 617 Vid.
1334 595 1402 618 infru
1419 604 1444 626 p.
1461 596 1505 618 [137
1522 599 1546 618 ct
1564 600 1591 618 n⁰
1607 596 1675 623 1508,
1691 599 1712 618 ct
1730 596 1788 620 Lib.
1804 603 1882 626 proc.
1898 602 1957 621 rull.
1974 598 2085 628 Anyll'c.

220 642 246 665 ia
262 644 379 666 Λυσίαν.
393 641 564 669 Clzartzcl.,1‚
576 649 601 671 p.
617 642 673 669 480,
689 640 835 668 [19;481,’1.
851 653 879 656 -
892 640 931 663 10.
947 639 1005 663 Vid.
1019 639 1088 662 infra
1106 644 1135 661 n⁰
1151 640 1219 662 1540.
1233 653 1263 656 —
1276 640 1311 662 11.
1324 640 1359 662 De
1373 639 1422 662 hoc
1436 640 1489 663 vid.
1505 644 1533 662 11ο
1548 640 1617 663 1229.
1631 641 1702 667 Quae
1716 649 1796 671 supra
1808 641 1939 669 dicuntur,
1956 642 1992 665 sic
2009 643 2087 665 11116]-

219 687 306 717 ligas:
320 695 330 709 (‹
348 686 385 709 sic
400 686 474 716 legit,
490 689 517 708 ut
533 685 666 707 auditores
684 692 772 706 coram
790 684 888 706 Amelio
904 692 963 706 cum
978 692 1063 714 penna
1081 684 1196 706 scribere
1215 684 1319 714 possint
1337 693 1358 707 1.
1374 698 1400 701 -
1419 685 1454 707 12.
1477 685 1524 707 MS.
1543 692 1547 706 2
1568 696 1577 705 u
1595 685 1717 707 facultate
1731 695 1754 708 ιι.
1768 699 1795 702 -
1814 686 1850 708 13.
1870 686 1888 708 I.
1906 694 1927 708 e.
1953 687 2086 709 scholares

221 739 353 762 pauperes
370 730 477 753 minime
492 729 575 752 libros
592 737 677 752 emere
692 732 814 759 possunt,
830 728 940 759 ideoque
957 728 1072 751 Amolius
1091 728 1126 751 ita
1141 728 1213 758 legit,
1228 732 1253 751 ut
1270 728 1385 751 scribere
1398 729 1510 759 possint.

225 923 365 960 1529.
390 941 404 957 «
430 932 558 967 Tempus,
585 931 684 956 modus
709 935 735 956 et
757 932 852 964 forma
871 930 1046 966 prolationis
1068 930 1228 956 sententiae
1254 930 1453 956 Universieatis
1474 932 1648 957 Parisiensis
1670 941 1721 967 pro
1746 932 1888 966 facultate
1910 932 2085 959 decretorum

309 984 408 1006 contra
425 980 569 1006 dominum
585 980 724 1006 Amelium
742 979 777 1005 de
793 979 898 1005 Brolio.
913 989 927 1004 »

1377 1017 1450 1045 1386,
1468 1016 1625 1048 Septembris
1640 1018 1666 1046 5,
1683 1018 1797 1043 Parisiis.

306 1105 412 1137 Anno
440 1104 585 1137 Domini
615 1103 809 1136 millesimo
840 1103 1097 1136 trecentesimo
1128 1103 1376 1148 octuagesimo
1407 1110 1521 1144 sexto,
1554 1104 1611 1136 die
1642 1105 1811 1137 mercurii
1841 1112 1921 1150 post
1951 1107 2082 1139 festum

217 1170 405 1204 beatorum
428 1170 550 1216 Egidii
579 1176 615 1203 et
643 1170 734 1215 Lupi
756 1170 1022 1207 confessorum,
1051 1181 1120 1214 que
1147 1169 1214 1202 fuit
1241 1170 1319 1202 (1165
1340 1170 1463 1214 quinta
1491 1170 1599 1215 hujus
1625 1172 1761 1204 mensis
1788 1172 2024 1217 Septembris,
2046 1173 2083 1205 in

216 1237 509 1282 congregacione
535 1236 698 1282 generali
720 1236 977 1270 Universitatis
1005 1236 1224 1269 Parisiensis
1251 1237 1410 1268 omnium
1432 1237 1688 1282 magistrorum
1714 1239 1923 1283 regencium
1951 1246 1983 1272 et
2009 1251 2082 1272 non

217 1304 427 1349 regencium
451 1310 485 1336 et
513 1315 577 1348 per
598 1315 722 1336 eorum
748 1304 952 1347 juramenta
973 1309 1195 1343 vocatorum,
1224 1302 1462 1347 solempniter
1483 1303 1661 1336 celebrata
1683 1305 1776 1349 apud
1799 1306 1964 1338 Sanctum
1995 1307 2083 1338 Ber-

215 1371 366 1404 nardum
402 1371 530 1412 Paris,
563 1382 674 1415 super
702 1369 847 1402 duobus
877 1369 1053 1411 articulis,
1085 1381 1237 1414 quorum
1268 1370 1406 1414 primus
1435 1371 1501 1403 fuit
1532 1371 1574 1403 ad
1610 1371 1826 1404 audiendum
1864 1372 2080 1405 relacionem

216 1438 468 1483 deputatorum
492 1449 602 1482 super
623 1437 714 1469 facto
736 1436 914 1469 facultatis
937 1436 1165 1469 decretorum
1188 1436 1283 1469 inter
1304 1437 1516 1481 magistrum
1534 1437 1712 1470 Amelium
1735 1438 1779 1470 de
1801 1439 1936 1480 Brolio,
1959 1439 2082 1484 appel-

214 1504 346 1537 lantem
369 1516 412 1536 ex
433 1516 502 1536 una
530 1510 643 1548 parte,
671 1510 706 1536 et
734 1503 928 1548 predictam
952 1503 1154 1536 facultatem
1184 1515 1226 1535 ex
1248 1503 1315 1535 alia
1336 1503 1566 1548 appellatam,
1590 1504 1759 1537 dominus
1786 1512 1904 1537 rector
1925 1518 1967 1538 ex
1992 1506 2082 1538 deli-

215 1570 401 1604 beratione
423 1570 541 1604 tocius
568 1570 824 1603 Universitatis
846 1570 1008 1614 predicte
1030 1570 1221 1608 conclusit,
1246 1570 1342 1614 quod
1365 1570 1456 1603 dicta
1479 1570 1664 1603 ordinacio
1687 1583 1751 1603 5611
1780 1572 1963 1604 sentencia
1985 1573 2083 1605 ordi-

214 1644 294 1670 nata
322 1649 386 1682 per
408 1637 599 1682 deputatos
629 1636 672 1669 ab
701 1636 826 1669 eadem
855 1636 1100 1669 Universitate
1128 1637 1165 1669 in
1194 1637 1286 1669 dicta
1315 1637 1606 1681 congregacione
1634 1637 1820 1682 legeretur
1847 1638 1883 1670 in
1911 1638 2080 1672 absencia

214 1704 373 1750 parcium
402 1704 660 1749 predictarum.
699 1703 840 1736 Deinde
874 1703 965 1748 ipsis
1002 1703 1166 1748 partibus
1194 1703 1352 1736 exclusis
1381 1716 1419 1736 ac
1454 1703 1615 1748 predicta
1646 1704 1879 1737 ordinacione
1910 1705 2079 1750 perlecta,

212 1771 400 1804 facultates
430 1777 464 1803 et
493 1771 665 1803 naciones
695 1770 738 1803 ad
768 1776 904 1815 partem
935 1782 974 1803 se
1005 1760 1208 1811 trahentes,
1234 1770 1528 1803 deliberaverunt
1557 1771 1799 1812 concorditer,
1830 1772 1925 1816 quod
1956 1773 2079 1805 eadem

214 1837 400 1870 ordinacio
431 1849 495 1882 per
524 1837 670 1870 modum
702 1837 888 1869 sentencie
916 1836 1105 1870 diffinitive
1136 1837 1373 1881 proferretur.
1403 1837 1481 1879 Que
1509 1837 1628 1870 omnia
1656 1837 1707 1870 sic
1735 1838 1880 1871 suerunt
1906 1839 1995 1871 sacta
2017 1851 2081 1884 per

214 1904 394 1945 ordinem,
416 1916 455 1936 ac
477 1903 609 1936 deinde
632 1903 769 1936 vocatis
790 1902 954 1948 partibus
975 1903 1167 1936 antedictis
1194 1909 1227 1936 et
1256 1903 1502 1948 presentibus,
1530 1903 1699 1937 dominus
1721 1911 1839 1937 rector
1860 1905 1992 1938 sedens
2014 1918 2079 1950 pro

214 1970 398 2011 tribunali,
422 1977 455 2002 et
477 1970 623 2002 nomine
645 1969 916 2011 Universitatis,
940 1982 979 2002 ac
1001 1970 1044 2002 de
1066 1970 1232 2002 mandato
1255 1970 1432 2014 ejusdem,
1455 1970 1584 2002 dictam
1607 1971 1827 2003 sentenciam
1855 1971 1891 2003 in
1918 1972 2078 2016 predicta

212 2049 319 2070 causa
345 2036 606 2082 appellacionis
634 2036 670 2068 in
701 2036 806 2081 plena
827 2036 1070 2069 Universitate
1092 2036 1181 2081 legit
1209 2043 1243 2068 et
1272 2036 1423 2081 protulit
1450 2036 1720 2069 sentencialiter
1746 2049 1785 2070 ac
1813 2038 1849 2070 in
1875 2039 2019 2082 scriptis
2041 2039 2077 2071 in

213 2104 360 2137 modum
382 2103 443 2148 qui
465 2103 630 2147 sequitur
651 2109 686 2135 et
706 2103 743 2135 in
763 2103 913 2135 formam
935 2114 941 2135 :

303 2185 319 2201 <‹
339 2171 378 2202 In
400 2170 546 2203 nomine
564 2169 722 2210 Domini,
743 2181 858 2202 amen.
877 2170 951 2201 Nos
968 2176 1088 2202 rector
1109 2176 1144 2202 et
1161 2169 1388 2202 Universitas
1405 2170 1636 2210 Parisiensis,
1656 2170 1790 2203 sedens
1807 2183 1872 2216 pro
1889 2171 2074 2214 tribunali,

212 2237 319 2270 solito
350 2249 450 2270 more
483 2243 622 2277 nostro,
654 2236 743 2269 visis
775 2248 814 2268 ac
845 2236 1041 2281 diligenter
1070 2236 1311 2269 consideratis
1342 2236 1540 2281 propositis
1574 2243 1608 2269 et
1643 2238 1776 2281 petitis,
1806 2245 1874 2270 tam
1905 2250 1947 2271 ex
1975 2246 2075 2283 parte

211 2304 375 2348 magistri
396 2303 528 2336 Amelii
551 2303 594 2335 de
616 2303 740 2335 Brolio
762 2302 990 2347 appellantiS,
1018 2315 1120 2347 quam
1151 2315 1193 2335 ex
1221 2310 1319 2347 parte
1345 2303 1523 2335 facultatis
1545 2303 1771 2336 decretorum
1794 2305 1982 2349 appellate,
2006 2318 2074 2338 una

212 2383 292 2403 cum
314 2370 551 2415 deposicione
573 2369 718 2402 testium
740 2369 824 2401 hinc
846 2369 930 2401 inde
952 2369 1226 2414 productorum,
1244 2369 1449 2414 ceterisque
1470 2369 1639 2402 omnibus
1661 2377 1695 2402 et
1717 2371 1873 2414 singulis
1894 2383 1962 2416 que
1984 2379 2075 2405 utra-

212 2449 281 2482 que
310 2448 391 2482 pars
417 2436 532 2470 voluit
562 2435 751 2473 exhibere3
781 2447 924 2468 necnon
955 2436 1111 2476 statutis,
1141 2435 1470 2468 consuetudinibus
1501 2442 1535 2468 et
1564 2435 1813 2470 observanciis
1841 2444 1908 2470 tam
1940 2439 2075 2471 nostris

212 2515 315 2548 quam
339 2503 433 2535 dicte
454 2502 648 2544 facultatis,
670 2514 709 2535 ac
731 2502 811 2535 aliis
833 2514 902 2547 que
929 2514 996 2534 1105
1017 2514 1163 2534 movere
1186 2508 1382 2546 potuerunt
1402 2509 1437 2534 et
1461 2502 1666 2535 debuerunt
1693 2504 1851 2544 attentis,
1878 2506 2074 2538 sententia-

210 2569 293 2602 liter
314 2569 624 2614 pronunciamus:
644 2569 772 2614 primo,
796 2569 1009 2613 magistrum
1030 2568 1210 2601 Amelium
1240 2569 1440 2613 predictum
1467 2569 1511 2601 ad
1539 2580 1637 2601 suam
1667 2571 1938 2614 possessionem
1968 2571 2077 2605 talem·

211 2636 353 2681 qualem
374 2635 569 2669 verbaliter
597 2635 877 2677 restituendum,
899 2642 934 2668 61
954 2635 1148 2668 verbaliter
1169 2635 1394 2668 restituimus
1415 2635 1451 2667 in
1473 2635 1543 2668 hiis
1564 2636 1727 2680 scriptis,
1750 2637 1942 2682 ipsumque
1964 2639 2075 2683 magi-

211 2709 323 2736 strum
342 2702 522 2735 Amelium
544 2714 617 2735 11011
639 2714 720 2735 6556
738 2714 804 2735 1166
820 2702 934 2735 fuisse
950 2714 1075 2735 verum
1093 2708 1279 2746 regentem
1298 2715 1315 2734 a
1332 2702 1424 2735 sesto
1446 2702 1541 2735 beati
1562 2703 1726 2747 Dionysii
1744 2703 1869 2736 ultimo
1886 2705 2072 2748 preterito,

210 2769 403 2814 ipsumque
424 2768 551 2813 vigore
572 2768 709 2801 lecture
730 2769 951 2801 matutinalis
973 2769 1067 2801 dicte
1095 2768 1273 2801 facultatis
1300 2781 1372 2801 non
1400 2780 1482 2801 esse
1508 2781 1575 2801 1166
1603 2770 1761 2814 reputari
1789 2770 1921 2803 debere
1949 2783 2072 2804 verum

211 2841 412 2881 regentem,
440 2847 506 2867 nec
528 2835 564 2867 in
584 2835 793 2879 hujusmodi
819 2835 956 2868 lectura
978 2835 1029 2867 uti
1050 2847 1135 2879 capa
1162 2834 1284 2874 rubea,
1309 2847 1374 2868 nec
1396 2836 1506 2868 eciam
1529 2835 1608 2868 aliis
1630 2836 1883 2869 emolumentis
1905 2838 2073 2881 regencie
