2488 3386
194 344 290 380 1363]
621 357 667 378 AB
702 357 807 379 Anno
843 356 975 379 mecei,
1008 357 1138 385 USQUE
1174 358 1221 379 An
1258 359 1521 381 BENEDICTUM
1552 360 1640 381 xiii.
2011 353 2054 385 99

195 467 336 505 1272.
359 478 514 503 Processu-s·
529 485 565 502 ex
577 480 661 513 parte
677 477 856 512 inquisitoris
876 481 904 503 et
922 477 1026 503 decani
1044 477 1247 503 Catalaunens.
1266 481 1364 503 contra
1380 481 1488 512 fratres
1504 479 1658 505 Iohannem
1676 480 1863 506 L’Esclzacier
1877 485 1905 506 et
1918 482 2052 507 Iacobum

278 525 314 552 de
330 527 426 560 Bosco,
448 526 513 552 Ord.
531 525 647 560 Praed.,
666 526 716 561 qui
731 525 805 551 male
821 529 920 551 contra
937 526 1150 562 Conceptionem
1163 527 1273 552 Beatae
1291 527 1412 561 Virginis
1425 527 1647 562 praedicabant.

1275 611 1350 640 7362,
1365 611 1479 637 Decemb.
1495 612 1618 641 31-7363,
1633 612 1769 639 Februarii.

279 695 319 726 In
341 694 486 726 nomine
508 693 666 735 Domini,
687 705 804 726 amen.
827 694 918 727 Cum
941 693 1108 726 nonnulli
1133 693 1275 726 articuli
1296 694 1387 726 infra
1408 695 1533 739 scripti
1555 702 1663 739 prout
1682 696 1754 738 (sic)
1777 695 1884 728 michi
1906 696 2051 740 publico

190 760 396 805 subscripto
418 760 557 793 notario
578 760 713 793 fuerint
733 760 769 792 in
789 760 946 805 capitulo
968 759 1268 794 Cathalaunensis
1289 760 1444 793 ecclesie
1466 761 1510 793 de
1532 761 1804 794 venerabilibus
1826 768 1861 794 et
1885 762 2052 795 discretis

189 827 278 860 viris
305 827 490 872 magistris
514 826 687 859 Nicholao
709 826 753 859 de
777 826 939 860 Virtuto¹
962 833 998 859 et
1015 826 1180 860 Johanne
1204 827 1249 859 de
1270 827 1400 860 Sancto
1422 827 1615 860 Medardo²
1639 839 1739 860 sacre
1763 828 1893 873 pagine
1916 829 2054 873 profes-

190 893 336 927 soribus
369 905 408 926 ac
429 893 524 926 dicte
545 893 700 926 ecclesie
722 893 1022 926 Cathalaunensis
1050 893 1248 935 canonicis,
1273 905 1312 926 ac
1339 893 1506 938 pluribus
1528 894 1608 926 aliis
1637 895 1805 938 personis
1827 895 2053 927 secularibus

190 966 225 993 et
239 959 425 1005 religiosis
441 960 484 992 ad
502 959 570 992 hoc
586 960 794 993 convocatis
814 966 939 992 contra
959 960 1102 992 fratrem
1125 959 1325 993 Johannem
1347 960 1583 993 L’Eschacier
1600 960 1749 994 Ordinis
1765 961 1912 993 fratrum
1934 961 2053 993 Predi-

189 1033 347 1059 catorum
370 1026 670 1060 Cathalaunensis
698 1037 740 1058 ex
770 1033 869 1071 parte
889 1028 1095 1059 venerande
1125 1027 1358 1059 discretionis
1385 1033 1420 1059 et
1449 1039 1578 1071 magne
1606 1027 1798 1072 prudentie
1823 1027 1890 1059 viri
1918 1028 2054 1060 domini

190 1092 362 1127 Galhardi
384 1093 540 1134 Frozini,
562 1093 689 1125 decani
711 1093 866 1125 ecclesie
888 1093 1050 1138 predicte
1071 1093 1405 1134 Cathalaunensis³,
1434 1094 1558 1126 vicarii
1580 1094 1617 1126 in
1639 1094 1890 1138 spiritualibus
1912 1101 1945 1126 et
1967 1101 2055 1126 tem-

189 1159 376 1204 poralibus
396 1171 435 1192 ac
461 1159 700 1192 commissarii
729 1159 899 1204 specialis
929 1160 965 1191 in
995 1159 1059 1192 hac
1090 1166 1189 1204 parte
1218 1160 1411 1193 reverendi
1444 1160 1554 1205 patris
1581 1172 1620 1192 ac
1651 1160 1788 1192 domini
1821 1160 1957 1193 domini
1990 1161 2054 1193 Dei

188 1226 304 1271 gratia
325 1225 627 1259 Cathalaunensis
648 1226 845 1271 episcopi‘,
864 1238 903 1258 ac
924 1226 1045 1259 sratris
1062 1225 1226 1258 Nicholai
1243 1226 1287 1259 de
1303 1227 1466 1271 Vasseyo
1484 1226 1568 1259 dicti
1587 1226 1736 1259 Ordinis
1752 1227 1885 1268 fratris,
1903 1227 2056 1272 inquisi-

188 1292 278 1325 toris
299 1292 528 1337 subdelegati
553 1292 589 1324 in
611 1292 753 1325 civitate
775 1299 810 1325 et
829 1292 976 1337 dyocesi
998 1292 1279 1326 Cathalaunensi
1300 1292 1343 1325 ab
1365 1293 1582 1337 inquisitore
1604 1293 1780 1338 generali,
1802 1294 2055 1327 informatione

188 1358 309 1391 debita
330 1358 548 1404 precedente
570 1359 762 1403 propositi,
785 1359 937 1403 ipseque
958 1359 1068 1391 frater
1083 1358 1267 1392 Johannes
1289 1366 1512 1404 spontaneus
1533 1359 1569 1391 in
1591 1359 1687 1392 dicto
1709 1360 1865 1404 capitulo
1883 1367 1915 1393 et
1937 1373 2054 1393 corani

188 1425 295 1458 dictis
316 1425 548 1470 presentibus
569 1425 699 1458 citatus
720 1425 764 1458 ad
794 1425 861 1458 hoc
889 1432 924 1458 et
951 1425 1124 1466 existens,
1150 1426 1341 1458 consessus
1367 1426 1476 1459 fuerit
1503 1426 1620 1459 dictos
1642 1427 1814 1459 articulos
1835 1433 1867 1459 et
1890 1434 2055 1460 contenta

188 1491 224 1524 in
241 1491 295 1524 eis
312 1492 520 1536 predicasse
541 1499 649 1537 prout
664 1492 698 1525 in
717 1492 879 1525 articulis
896 1492 1032 1525 eisdem
1052 1492 1259 1525 continetur
1277 1504 1284 1525 t
1304 1493 1471 1525 noverint
1491 1493 1653 1525 universi
1670 1493 1738 1525 hoc
1755 1505 1908 1538 presens
1927 1494 2056 1526 instru-

190 1564 346 1591 mentum
384 1558 599 1603 inspecturi,
630 1558 727 1603 quod
757 1570 851 1591 anno
886 1570 904 1591 a
934 1558 1123 1591 Nativitate
1158 1559 1303 1591 Domini
1338 1560 1390 1591 M⁰
1402 1559 1507 1593 CCC⁰
1519 1561 1644 1601 LXll⁰⁷
1674 1559 1797 1592 ultima
1830 1560 1888 1592 die
1922 1561 2056 1593 mensis

188 1624 413 1666 Decembris,
432 1625 631 1658 indictione
649 1625 774 1670 prima,
794 1625 1024 1670 pontificatus
1046 1625 1267 1658 sanct1ssimi
1285 1626 1396 1670 patris
1412 1638 1451 1658 ac
1469 1626 1606 1658 domini
1624 1627 1738 1659 nostri
1757 1626 1918 1669 [Urbani]
1937 1627 2056 1660 divina

187 1692 413 1736 providentia
425 1704 515 1737 pape
532 1692 648 1736 quinti
664 1703 758 1724 anno
775 1692 905 1736 primo,
920 1704 1039 1725 coram
1055 1692 1161 1725 dictis
1183 1692 1340 1724 dominis
1357 1692 1491 1725 vicario
1509 1699 1542 1725 et
1559 1693 1822 1734 commissario,
1840 1693 2056 1738 inquisitore

187 1757 441 1803 subdelegato,
463 1758 646 1803 magistris
666 1770 705 1791 ac
727 1757 894 1803 pluribus
915 1758 996 1791 aliis
1017 1759 1198 1803 personis,
1222 1758 1425 1791 scolaribus
1447 1766 1482 1792 et
1502 1759 1700 1804 religiosis,
1724 1760 1760 1792 in
1782 1760 1877 1792 dicto
1899 1760 2055 1805 capitulo

187 1824 421 1870 presentibus
447 1831 482 1858 et
501 1837 566 1870 per
586 1825 751 1857 ordinem
779 1824 1007 1866 sedentibus,
1032 1832 1066 1858 et
1087 1825 1124 1857 in
1146 1826 1335 1870 presencia
1356 1826 1439 1866 mei,
1464 1825 1600 1870 publici
1628 1826 1825 1871 subscripti
1853 1827 1995 1867 notarii,
2023 1834 2057 1860 et

187 1891 331 1924 testium
368 1892 459 1924 infra
494 1892 711 1936 scriptorum
748 1898 897 1936 propter
922 1891 990 1924 hoc
1021 1892 1263 1936 personaliter
1298 1892 1519 1933 constitutis,
1556 1893 1720 1937 predicto
1755 1894 1864 1926 fratre
1893 1893 2055 1926 Johanne

187 1958 423 1991 L’Eschacier
443 1970 486 1990 ex
506 1970 575 1990 una
592 1965 755 2003 parte,ac
773 1965 1007 2003 procuratore
1029 1970 1093 1991 seu
1115 1966 1323 2003 promotore
1345 1959 1453 1991 officii
1474 1959 1590 2004 ipsius
1612 1959 1749 1992 domini
1765 1960 1888 1993 vicarii
1906 1967 1939 1993 et
1960 1973 2056 1993 com-

187 2025 343 2057 missarii
365 2036 408 2057 ex
433 2024 543 2057 altera
571 2031 670 2069 parte
699 2025 885 2069 predictus
906 2025 1015 2057 frater
1034 2024 1218 2058 Johannes
1239 2032 1407 2058 contenta
1435 2026 1471 2058 in
1493 2025 1599 2058 dictis
1625 2026 1786 2059 articulis
1807 2039 1925 2059 coram
1948 2027 2054 2060 dictis

188 2090 345 2123 dominis
371 2090 586 2123 sedentibus
605 2090 828 2123 verbotenus
850 2098 1073 2135 spontaneus
1095 2092 1288 2133 revocavit,
1312 2104 1350 2124 ac
1376 2092 1465 2124 dixit
1485 2092 1582 2136 quod
1603 2092 1681 2137 ipse
1708 2092 1858 2125 firmiter
1884 2093 2054 2126 credebat

187 2163 221 2190 et
242 2156 398 2197 tenebat,
415 2157 635 2189 contrarium
657 2163 909 2190 contentorum
932 2157 968 2189 in
992 2157 1098 2190 dictis
1119 2158 1281 2190 articulis
1302 2158 1416 2190 fuisse
1438 2165 1473 2191 ct
1491 2159 1568 2191 sore
1585 2171 1721 2194 verum.
1739 2160 1778 2191 Et
1802 2159 1871 2191 hiis
1894 2160 1944 2192 sic
1966 2160 2053 2193 actis

186 2223 490 2256 deliberacionem
512 2223 606 2256 inter
627 2223 744 2256 dictos
770 2223 938 2256 dominos
959 2224 1131 2257 vicarium
1157 2224 1460 2266 commissarium,
1490 2225 1743 2269 inquisitorem
1775 2225 2050 2270 subdelegatum

186 2296 221 2322 et
240 2289 331 2322 alios
353 2289 524 2322 sedentes
545 2289 706 2334 plenarie
734 2296 770 2322 et
794 2302 873 2322 curn
901 2289 1170 2323 deliberacione
1192 2291 1402 2335 precedenti
1423 2291 1625 2335 prchabita;
1654 2291 1747 2324 idem
1771 2292 1940 2324 dominus
1961 2293 2051 2325 vica-

187 2356 262 2388 rius
283 2362 317 2388 et
337 2356 609 2388 commissarius
629 2368 668 2388 ac
689 2356 885 2400 inquisitor
906 2356 1168 2401 subdelegatus
1190 2368 1254 2401 per
1275 2369 1448 2401 organum
1472 2357 1558 2390 dicti
1581 2358 1717 2390 domini
1739 2358 1865 2390 decani
1886 2359 2050 2403 inscripti

185 2422 228 2455 ad
250 2422 459 2455 instanciam
483 2422 641 2467 parcium
664 2423 836 2467 ipsarum,
862 2422 997 2456 Christi
1027 2423 1172 2455 nomine
1200 2423 1367 2468 primitus
1389 2424 1567 2461 invocato,
1595 2436 1694 2456 suam
1717 2425 1935 2457 sentenciam
1959 2425 2049 2457 diffi-

186 2488 331 2521 nitivam
356 2499 466 2533 super
487 2489 677 2533 premissis
699 2489 734 2520 in
756 2489 852 2521 dicto
874 2489 1031 2533 capitulo
1054 2489 1187 2521 sedens
1205 2489 1447 2534 protulerunt,
1466 2502 1530 2534 per
1547 2490 1706 2522 eamdem
1726 2491 1944 2523 sentenciam
1968 2504 2052 2523 con-

186 2554 423 2599 dempnantes
444 2554 577 2587 dictum
600 2555 743 2587 fratrem
765 2554 964 2588 Johannem
995 2555 1196 2600 predictum
1224 2556 1266 2588 ad
1288 2556 1490 2588 faciendum
1521 2568 1559 2588 ca
1587 2569 1656 2601 que
1683 2557 1717 2588 in
1747 2557 1895 2601 quadam
1924 2557 2049 2590 cedula

186 2621 330 2665 papirea
346 2620 468 2653 verbis
489 2620 616 2665 galicis
638 2621 770 2666 scripta
787 2621 1080 2663 continebantur,
1099 2633 1203 2666 quam
1226 2622 1319 2654 idem
1338 2622 1456 2655 dictus
1473 2623 1629 2655 vicarius
1650 2623 1685 2654 in
1708 2623 1784 2655 suis
1803 2630 1885 2655 tunc
1908 2623 2050 2656 tenebat

186 2686 352 2719 manibus
383 2693 417 2719 et
445 2699 548 2731 quam
583 2699 702 2720 coram
732 2688 859 2720 eodem
892 2688 1000 2720 fratre
1027 2688 1191 2720 Johanne
1226 2695 1310 2721 tunc
1345 2701 1409 2733 per
1438 2701 1493 2721 mc
1525 2689 1701 2721 notarium
1742 2689 1925 2734 publicum
1959 2690 2049 2722 infra

186 2753 359 2797 scriptum
382 2752 455 2798 legi
480 2754 576 2794 fecit,
605 2760 640 2786 et
660 2766 699 2786 ea
720 2753 811 2787 lecta
837 2754 931 2787 idem
954 2755 1063 2786 frater
1082 2754 1266 2787 Johannes
1283 2755 1430 2799 juravit,
1455 2755 1556 2787 tactis
1578 2767 1642 2799 per
1672 2756 1788 2800 ipsum
1812 2756 2050 2788 sacrosanctis

186 2819 398 2863 evangeliiS,
417 2826 584 2853 contenta
605 2820 642 2852 in
664 2820 769 2853 dictis
789 2820 950 2853 articulis
977 2821 1145 2853 dccetero
1167 2833 1239 2853 non
1260 2821 1446 2865 predicare
1473 2828 1508 2853 et
1533 2822 1661 2854 dictam
1684 2823 1902 2854 sentenciam
1928 2829 2048 2855 tenere

186 2897 224 2918 ac
246 2885 361 2917 eidem
384 2886 630 2930 acquiescere,
648 2887 818 2931 quodque
841 2887 917 2932 ipsa
939 2886 1116 2931 premissa
1137 2893 1303 2919 contenta
1326 2887 1361 2919 in
1384 2887 1475 2920 dicta
1493 2887 1619 2920 cedula
1641 2888 1784 2932 papirea
1806 2888 1921 2920 tribus
1939 2888 2047 2920 cccle-
