2508 3372
455 336 536 358 XXVI
1239 332 1530 355 INTRODUCTIO.

553 410 852 445 Bibliothecarum
880 409 1096 456 apostolicae
1123 410 1154 445 V
1158 408 1317 444 aticanae
1347 411 1382 443 et
1408 407 1604 443 'Nationalis
1626 407 1738 443 Paris.
1762 406 1947 442 codicibus
1973 406 2016 441 iis
2037 406 2091 441 usi
2113 417 2237 444 sumus
2262 406 2322 453 qui

455 481 565 519 multa
580 481 622 516 de
639 481 745 516 rebus
762 480 1003 516 Universitatis
1020 479 1217 523 continent,
1237 479 1307 514 sive
1332 479 1375 514 de
1396 479 1456 514 lite
1478 481 1603 514 contra
1623 478 1829 513 «Iohannem
1850 477 1893 513 de
1915 479 2126 514 Montesono
2148 476 2271 525 (etiam
2290 477 2322 512 in

455 553 545 589 Bibl.
561 555 734 588 Caesarea
745 550 1043 598 Vindobonensi),
1060 551 1131 586 sive
1148 551 1191 586 de
1209 550 1428 593 Schismate;
1449 561 1538 597 quos
1552 550 1626 584 suis
1642 561 1822 596 quemque
1837 548 1927 584 locis
1943 551 2131 587 annotatos
2147 548 2321 584 invenies.

552 625 602 658 Ex
618 623 770 658 Archivo
786 621 1024 657 Avenionensi
1043 621 1158 665 (fonds
1175 621 1238 657 des
1253 621 1442 665 Celestins)
1455 620 1591 667 aliquot
1607 620 1823 655 documenta
1838 620 2039 655 hausimus.

554 697 591 730 In
629 694 847 730 Bibliotheca
883 692 1131 740 Rotomagcnsi
1169 692 1336 728 Codicem
1371 691 1655 727 Gemeticensem
1689 691 1902 735 invenimus,
1933 702 2041 738 quem
2071 693 2325 738 usurpaverant

455 769 610 803 Martene
631 769 665 801 et
684 765 874 813 d'Achery,
899 764 997 811 signo
1015 765 1054 800 O.
1075 767 1119 799 20
1136 767 1297 799 notatum
1313 765 1423 810 (nunc
1445 763 1489 798 nis
1510 763 1748 808 1355-1357).
1771 762 1939 810 Ejusdem
1955 761 2045 800 alius
2062 761 2327 809 manuscriptus

456 839 497 874 Ο.
517 838 561 873 23
583 840 694 884 (nunc
715 836 799 883 951)
821 835 971 871 celebris
993 835 1160 882 epistolae
1183 834 1425 870 Universitatis
1447 846 1505 870 an.
1526 835 1618 869 1394
1640 833 1792 881 scriptae
1812 833 2014 871 versionem
2039 833 2205 881 gallicam
2222 833 2326 881 jussu

456 909 549 956 regis
575 908 767 955 perfectam
790 906 1046 954 suppeditavit;
1065 917 1171 953 quam
1188 906 1263 952 jam
1280 917 1298 940 e
1316 905 1402 941 Cod.
1423 906 1501 942 Vat.
1525 905 1586 940 lat.
1605 907 1695 941 4791
1714 908 1747 940 01
1763 916 1781 940 0
1797 916 1866 940 1115.
1886 905 1921 940 S.
1939 903 2139 943 Genovesae
2161 905 2204 940 H.
2224 903 2247 939 f.
2268 903 2329 939 in-

458 979 519 1015 fol.
539 981 583 1015 38
603 984 709 1021 (nunc
727 978 811 1023 673)
833 975 1091 1012 habebamus⁴.

557 1049 734 1085 Nonnulla
758 1047 860 1084 nobis
882 1048 989 1083 Arch.
1018 1051 1091 1082 nat.
1118 1046 1226 1082 Paris.
1252 1048 1268 1081 J
1298 1048 1471 1090 515-518‚
1499 1051 1533 1082 et
1553 1050 1740 1094 praeterea
1763 1048 1820 1081 LL
1848 1047 2040 1083 106⁸-1082
2065 1058 2147 1082 cum
2174 1045 2331 1082 conclu-

458 1120 615 1158 sionibus
640 1119 791 1167 Capituli
816 1118 1020 1154 Parisiensis
1043 1118 1184 1154 obtulit.

472 1181 473 1184 ¹
553 1192 701 1226 Multum
719 1190 846 1238 adjuvit
868 1190 904 1224 iu
924 1189 1015 1225 notis
1037 1189 1226 1235 Cataloyus
1243 1189 1497 1224 lz'centiatormn
1521 1190 1557 1224 in
1580 1189 1727 1237 theolog).
1747 1189 1916 1237 facultate
1936 1189 2055 1225 Paris.
2069 1189 2111 1224 ab
2125 1201 2217 1225 anno
2237 1190 2329 1225 1373

458 1274 566 1310 quem
593 1266 729 1297 servant
754 1261 844 1296 Bibl.
873 1264 943 1295 nat.
971 1260 1080 1295 Paris.
1109 1260 1170 1295 lat.
1201 1262 1310 1296 5657ἢ
1336 1264 1370 1295 01
1395 1259 1547 1296 128502.
1571 1260 1784 1307 Apographa
1804 1272 1846 1298 ea
1866 1260 2026 1307 quidem,
2051 1260 2152 1308 cujus
2178 1256 2332 1296 alterum

458 1334 573 1380 priore
594 1333 707 1380 pejus,
729 1332 791 1367 sed
817 1343 859 1367 ex
884 1331 1037 1378 antiquis
1059 1330 1207 1378 regestis
1230 1331 1335 1375 facta,
1357 1334 1470 1366 tutum
1493 1330 1730 1366 nihilominus
1751 1343 1829 1368 esse
1851 1331 1987 1367 fontem
2008 1331 2228 1375 censuimus,
2250 1342 2332 1367 curn

458 1404 545 1440 alios
568 1404 599 1439 ei
625 1402 922 1450 comparavimus;
950 1406 983 1438 et
1000 1402 1146 1438 nomina
1170 1414 1273 1449 saepe
1295 1402 1484 1450 deturpata
1506 1414 1630 1438 eruere
1653 1414 1724 1438 non
1744 1402 1989 1451 potuissemus
2014 1402 2082 1437 nisi
2104 1402 2249 1438 aliunde
2271 1402 2333 1438 lux

460 1475 624 1511 venisset.
644 1474 777 1510 Titulos
793 1485 1027 1521 personarum
1050 1485 1195 1521 quoque
1218 1485 1291 1509 11011
1309 1485 1387 1509 raro
1408 1474 1583 1509 mendum
1608 1473 1748 1517 invasit,
1772 1473 1821 1509 sic
1847 1473 1962 1521 (Ord.)
1980 1473 2095 1508 Minor
2115 1475 2201 1509 Jean
2227 1473 2330 1517 Petit,

460 1549 607 1588 August.
631 1545 799 1591 Aegidius
827 1546 870 1581 de
894 1547 1171 1592 Asperomonte,
1186 1546 1220 1581 S.
1236 1544 1388 1581 Victoris
1407 1545 1587 1581 ⁴Iohannes
1609 1545 1711 1582 Coles
1739 1549 1980 1592 nuncupatur.
2005 1545 2129 1591 ltaque
2152 1543 2333 1592 posterius

460 1617 560 1653 illum
577 1617 785 1664 Catalogum
802 1616 935 1663 publici
952 1615 1042 1663 juris
1063 1616 1236 1652 faciemus
1254 1628 1335 1652 cum
1351 1616 1481 1652 seriem
1501 1616 1689 1653 nominum
1708 1620 1743 1652 et
1763 1616 1945 1652 titulorum
1963 1628 2005 1651 ex
2027 1615 2153 1652 alienis
2173 1615 2332 1651 fontibus

460 1689 644 1724 restituere
661 1687 859 1735 contigerit.

557 1761 739 1794 Praeterea
755 1758 842 1794 alios
866 1758 1007 1794 codices
1025 1762 1059 1793 et
1073 1758 1311 1794 iustrumenta
1326 1770 1345 1794 0
1360 1760 1503 1796 Musaeo
1520 1758 1738 1802 Britannico,
1759 1758 1850 1795 Bibl.
1867 1758 2029 1794 Arsenali
2043 1758 2096 1794 vel
2113 1757 2334 1794 Mazarinaea

462 1831 587 1874 Paris,
608 1831 870 1873 Ca1ne1·acens.,
902 1829 993 1865 Bibl.
1021 1829 1292 1865 Vindobonensi
1311 1830 1455 1865 Caesar.
1478 1833 1513 1865 et
1535 1829 1625 1865 Bibl.
1643 1829 1798 1866 Vindob.
1825 1829 1909 1865 Ord.
1936 1830 2078 1873 Praed.,
2103 1828 2334 1865 Autissiodo-

461 1901 569 1945 rensi,
590 1901 799 1945 Ersurtensi,
819 1900 1049 1944 Bononiensi,
1069 1900 1223 1936 Archivo
1249 1901 1368 1936 Status
1391 1901 1573 1945 Senensis,
1593 1900 1854 1948 manuscriptos
1877 1901 1923 1936 ad
1939 1900 2022 1936 Ord.
2043 1899 2334 1936 praedicatorum

461 1972 678 2019 pertinentes
699 1972 838 2018 aliaque
860 1972 1049 2019 diligenter
1074 1971 1109 2006 in
1133 1971 1227 2007 notis
1245 1971 1443 2007 citavimus.

558 2045 601 2078 Ut
617 2043 651 2078 id
668 2047 773 2090 caput
788 2043 1058 2086 concludamus,
1077 2043 1249 2079 lectorem
1272 2055 1463 2079 monemus
1488 2055 1554 2079 nos
1576 2055 1649 2079 non
1673 2042 1881 2079 adhibuisse
1901 2042 2070 2079 Codicem
2087 2042 2180 2079 Bibl.
2205 2042 2333 2078 Massi—

462 2114 585 2149 liensis
597 2116 636 2149 E.
655 2114 688 2149 b.
707 2116 790 2158 379,
807 2114 866 2150 ubi
880 2126 899 2149 a
911 2114 970 2150 fol.
990 2117 1009 2149 2
1026 2114 1206 2149 invenitur
1219 2115 1479 2150 Formularium
1491 2115 1686 2150 litterarum
1693 2115 1891 2162 provinciae
1906 2115 2114 2151 Provinciae
2127 2114 2210 2150 Ord.
2228 2113 2331 2157 Min„

461 2185 556 2220 inter
571 2185 639 2220 alia
654 2197 734 2221 cum
756 2186 894 2221 Formis
908 2185 1109 2221 litterarum
1125 2197 1190 2233 pro
1212 2186 1408 2222 lectoribus
1423 2190 1457 2222 et
1479 2186 1699 2222 scholaribus
1721 2185 1827 2221 studii
1855 2185 1986 2230 Paris.‚
2005 2185 2214 2228 Tholosani,
2231 2186 2334 2220 Mon-

461 2256 703 2303 tispessulani.
722 2258 790 2292 Eae
807 2257 851 2292 ad
865 2268 922 2292 an.
944 2258 1035 2293 1398
1053 2268 1130 2304 sqq.
1147 2257 1339 2305 pertinent,
1359 2269 1566 2305 quanquam
1579 2258 1655 2305 jam
1673 2257 1770 2304 prius
1786 2256 1822 2292 in
1837 2256 1968 2305 vigore,
1983 2260 2018 2292 et
2030 2256 2120 2291 nihil
2137 2255 2331 2304 singulare,

463 2327 631 2362 mandata
646 2327 720 2362 sola
735 2331 972 2363 servaverunt.

560 2466 693 2499 Tantae
708 2464 811 2500 molis
825 2475 914 2511 opus
932 2476 1001 2500 non
1019 2464 1095 2500 51110
1111 2469 1284 2512 perpetua
1297 2477 1423 2501 eorum
1443 2466 1503 2513 qui
1518 2466 1683 2501 Archivis
1704 2466 1759 2501 vel
1780 2465 2010 2503 Bibliothecis
2034 2468 2204 2512 praesunt
2223 2464 2335 2500 bene-

464 2535 617 2570 volentia
632 2535 803 2582 perficere
820 2534 932 2570 licuit.
953 2535 1128 2571 Omnibus
1144 2536 1186 2571 iis
1198 2537 1327 2584 gratias
1349 2536 1486 2584 agimus
1500 2536 1561 2584 qui
1578 2537 1707 2573 nostris
1724 2536 1909 2573 laboribus
1931 2536 2089 2572 faventes
2107 2535 2210 2583 quasi
2230 2535 2336 2583 privi-

463 2605 554 2653 legia
569 2606 605 2640 in
620 2606 929 2641 communicandis
945 2610 996 2641 tot
1009 2607 1235 2642 documentis
1248 2612 1514 2644 concesserunt.
1534 2609 1734 2644 Paeniteret
1750 2611 1868 2644 tamen
1883 2608 1964 2643 illos
1980 2610 2099 2643 tacere
2117 2606 2245 2654 quibus
2261 2618 2335 2642 non

465 2676 614 2712 minima
626 2688 706 2723 pars
724 2677 841 2712 meriti
858 2676 1017 2720 debetur,
1036 2677 1128 2713 inter
1144 2690 1233 2725 quos
1256 2681 1327 2715 Leo
1350 2679 1524 2726 Legrand,
1545 2679 1638 2715 Elias
1656 2681 1796 2726 Berger,
1813 2678 1956 2715 Archivi
1972 2682 2045 2714 nat.
2064 2678 2193 2720 Paris.;
2224 2679 2331 2725 Leop.

562 2796 584 2819 1.
602 2795 664 2819 Vid.
677 2795 744 2819 infra
756 2799 785 2818 11⁰
799 2795 867 2819 1686.

558 2840 582 2864 2.
600 2839 661 2864 Cod.
682 2839 751 2863 Bibl.
767 2842 820 2863 nat.
841 2839 926 2863 Paris.
945 2840 1019 2864 15440
1033 2848 1081 2864 non
1099 2840 1276 2871 adhibuimus,
1292 2850 1350 2866 cum
1365 2842 1399 2866 sit
1414 2850 1479 2868 saec.
1495 2849 1577 2873 xv111,
1593 2842 1746 2875 desumptus
1762 2850 1793 2866 ex
1806 2842 1872 2872 aliis,
1888 2844 1914 2867 et
1934 2842 2009 2874 plura
2023 2849 2101 2874 quam
2116 2841 2160 2866 alii
2179 2841 2230 2866 duo
2244 2841 2335 2874 depra-

469 2886 527 2909 vata
543 2884 647 2908 nomina
662 2883 795 2916 praebeat.
