2488 3386
410 309 474 340 412
989 316 1302 339 CHARTULAIUUM
1338 315 1526 336 UNIVERS.
1563 315 1691 336 PAnis.
2020 304 2022 306 ’
2171 300 2271 337 [1385

1012 416 1044 440 Et
1056 414 1147 446 primo
1162 413 1285 446 sequitur
1297 412 1430 445 expositio
1445 411 1509 437 dicti
1522 412 1667 445 generalis.

499 499 518 532 ]”.
542 499 718 525 Venerabilis
737 500 819 532 pater
839 499 975 532 magister
994 499 1138 524 JOHANNES
1158 506 1193 523 m:
1215 498 1335 526 ssisnin,
1357 497 1497 529 generalis
1517 496 1585 522 Ord.
1607 496 1746 522 Ileremit.
1765 497 1791 522 S.
1809 496 1883 529 Aug.
1905 497 2021 530 juratus
2041 495 2076 521 ad
2099 495 2271 521 instanciam

411 548 524 573 domini
539 548 701 573 cancellarii
715 548 782 574 8001.
798 548 884 573 Paris.
899 548 929 573 in
943 555 1026 573 causa
1039 555 1088 573 sua
1107 549 1247 580 tanquam
1264 546 1341 572 testis
1356 546 1479 571 breviter
1491 546 1648 575 affuturus,
1663 547 1691 571 et
1705 546 1901 579 interrogatus
1916 552 2003 579 super
2014 545 2144 578 predicto
2156 544 2272 570 Intendit

411 598 439 622 et
460 597 557 630 primo
571 597 703 626 articulo,
718 605 804 630 super
817 597 922 630 primo,
934 596 1132 622 intencionem
1148 595 1286 621 saciente²
1302 595 1337 620 (18
1353 595 1429 620 sama
1444 594 1534 627 ipsius
1548 595 1720 624 cancellarii,
1734 595 1807 620 dixit
1820 595 1900 628 quod
1913 595 1973 627 ipse
1988 602 2048 620 non
2064 593 2144 619 novit
2158 593 2272 619 dictum

410 645 567 671 dominum
583 645 786 671 cancellarium
802 648 961 679 antequam
977 647 1047 671 esset
1062 644 1247 670 cancellarius
1261 644 1328 669 eccl.
1352 643 1436 668 Paris.
1462 643 1515 669 Sed
1539 643 1601 676 ipso
1621 644 1726 669 sciente
1748 644 1917 670 cancellario
1932 643 2004 669 vidit
2025 643 2122 676 ipsum
2145 642 2175 667 in
2195 644 2272 668 statu

411 694 541 727 magistri
556 696 584 720 et
599 694 758 720 cancellarii
775 695 894 720 valentis
907 696 934 720 et
954 694 1122 719 sufficientis
1139 701 1170 719 ac
1186 693 1309 721 honesti,
1326 693 1397 718 sicui
1424 692 1476 717 sibi
1498 693 1643 725 apparuit,
1666 693 1785 726 quando
1807 693 1883 719 venit
1904 693 1940 718 ad
1963 693 2061 718 villam
2085 691 2271 717 varisiensem

410 751 463 776 pro
478 744 557 769 factis
567 743 679 769 domini
696 743 785 769 nostri
800 751 883 776 pape,
896 751 955 776 quo
968 745 1099 776 tempore
1110 742 1236 768 contulit
1251 749 1348 767 50011111
1364 741 1399 767 (10
1415 742 1489 767 sacto
1502 741 1655 770 scismatis:
1668 742 1747 768 unde
1759 742 1855 767 visum
1870 742 1926 767 suit
1941 741 1993 767 sibi
2008 741 2088 774 quod
2102 742 2163 766 erat
2178 740 2273 766 valens

411 793 510 822 homo,
525 794 552 819 et
567 792 663 818 adhuc
676 792 798 818 videtur.
818 793 856 818 De
870 793 945 817 sama
961 800 1027 817 vero
1040 799 1089 817 sua
1106 799 1195 824 quam
1215 791 1301 816 habet
1318 790 1448 819 I‘arisius.
1463 790 1535 816 dixit
1550 799 1578 817 se
1592 791 1628 817 de
1643 799 1708 817 vera
1723 791 1841 817 scientia
1856 799 1917 816 non
1932 798 2013 824 posse
2032 791 2186 823 deponere.
2204 789 2273 823 quia

410 841 497 866 multi
510 841 612 867 dieunt
627 841 739 866 malum
751 841 785 866 de
796 849 838 870 eo,
851 843 878 866 et
892 841 979 866 multi
992 841 1119 868 bonum:
1137 841 1183 866 sed
1200 842 1347 872 quantum
1364 842 1403 865 est
1419 840 1454 865 de
1470 840 1570 873 seipso.
1586 840 1644 873 ipse
1660 848 1817 874 nunquam
1829 840 1900 865 vidit
1915 848 1967 866 080
1982 839 2091 865 audivit
2104 839 2140 865 de
2155 838 2273 872 proprio

410 890 511 915 auditu
528 890 558 915 in
573 890 650 915 dicto
665 889 834 915 cancellario
847 890 890 915 vel
905 890 940 915 ab
954 897 987 915 eo
1002 889 1122 922 aliquid,
1138 897 1188 922 per
1202 889 1282 921 quod
1298 889 1366 914 sciat
1381 889 1411 913 in
1427 896 1460 914 eo
1475 889 1595 922 aliquod
1609 889 1732 914 malum.
1749 890 1781 914 In
1795 889 1936 914 Avinione
1948 896 2014 914 vero
2030 889 2184 921 reputatur
2196 895 2272 914 com-

409 939 539 964 muniter
553 938 613 972 ipse
628 939 814 964 cancellarius
830 938 923 963 bonus
938 939 966 964 et
988 938 1083 963 valens
1099 938 1197 963 homo.
1216 938 1414 970 Interrogatus
1430 939 1533 963 utrum
1549 938 1692 964 audiverit
1716 938 1838 963 Parisius
1859 945 1875 963 a
1899 937 2033 971 pluribus
2056 937 2137 970 loqui
2156 937 2193 963 de
2211 936 2273 970 ipso

409 987 578 1013 cancellario
593 988 658 1021 plus
676 987 706 1012 in
723 987 830 1012 bonam
846 988 958 1020 partem
978 995 1069 1020 quam
1089 987 1119 1011 in
1142 987 1260 1015 malam,
1280 987 1323 1012 vel
1347 988 1464 1012 econtra
1488 995 1493 1012 ε
1519 987 1679 1020 respondit,
1703 987 1784 1020 quod
1807 988 1896 1020 prout
1920 988 2040 1020 apparet
2059 986 2111 1012 sibi
2133 987 2161 1012 et
2183 987 2273 1019 prout

408 1036 519 1062 audivit
533 1036 598 1065 dici,
613 1036 727 1061 videtur
742 1036 795 1061 51111
810 1036 891 1069 (111οᾱ
906 1036 936 1061 111
956 1036 1145 1061 Universitate
1169 1036 1265 1069 11111185
1284 1035 1388 1061 dicunt
1411 1036 1525 1061 malum
1549 1036 1585 1062 de
1606 1043 1649 1066 00,
1666 1036 1848 1069 inquantum
1864 1036 2005 1062 dicuntur
2026 1037 2145 1068 tangere
2166 1035 2273 1061 abusus

407 1085 494 1111 officii
509 1085 563 1113 sui.
578 1092 668 1117 quam
683 1085 806 1110 bonum.

494 1134 566 1159 Item
582 1134 776 1166 interrogatus
791 1141 877 1166 snper
889 1133 922 1166 ijo
936 1133 1061 1162 Intendit,
1078 1133 1150 1159 dixit
1165 1133 1246 1166 qnod
1262 1134 1342 1159 novit
1356 1141 1408 1167 per
1420 1134 1631 1167 experienciam
1647 1134 1728 1168 quod
1741 1134 1925 1163 cancellariis,
1940 1133 1992 1167 qui
2008 1141 2061 1167 pro
2074 1134 2206 1166 tempore
2220 1140 2273 1159 suo

407 1183 537 1211 suerunt.
551 1183 624 1208 dum
640 1183 701 1208 erat
720 1182 900 1208 bachalarins
916 1183 1046 1210 l’arisius.
1064 1182 1259 1208 mittebantur
1274 1191 1327 1216 pro
1342 1183 1454 1216 signeto
1469 1183 1629 1216 aliquando
1644 1183 1861 1217 quinquaginta
1877 1183 1967 1209 franci
1985 1183 2015 1208 in
2033 1182 2104 1208 vasis
2118 1182 2270 1215 argenteis,

406 1231 584 1264 quandoque
599 1231 728 1264 triginta,
745 1232 774 1257 et
795 1231 953 1264 aliquando
975 1231 1168 1264 septuaginta.
1192 1232 1390 1265 Interrogatus
1409 1232 1460 1265 qni
1486 1233 1606 1258 suerunt
1630 1232 1671 1258 illi
1696 1232 1748 1266 qui
1770 1224 1926 1260 dederunt.
1943 1232 2016 1257 dixit
2034 1231 2116 1265 quod
2135 1231 2273 1265 magister

406 1280 561 1306 IIonosrius
571 1280 606 1306 (18
617 1280 724 1306 Ordine
740 1280 827 1313 ipsius
838 1280 984 1313 loquentis
996 1280 1076 1306 dedit
1088 1281 1178 1306 dictos
1189 1281 1405 1314 quinquaginta
1418 1283 1446 1307 et
1457 1282 1544 1310 ultra,
1558 1283 1618 1307 tam
1630 1281 1661 1307 in
1675 1282 1787 1314 signeto
1800 1289 1891 1315 quam
1904 1283 1981 1310 ante,
1994 1281 2134 1314 magistro
2144 1279 2273 1306 Johanni

405 1329 439 1355 de
455 1329 563 1358 Calore.
585 1329 775 1362 predecessori
790 1329 960 1355 immediato
975 1329 1043 1355 dicti
1059 1330 1235 1358 cancellarii:
1252 1332 1280 1355 et
1296 1330 1432 1363 magister
1452 1330 1619 1356 Franciscus
1633 1331 1669 1356 de
1685 1331 1811 1360 Perusio,
1829 1330 1897 1356 Ord.
1912 1330 1995 1360 Min.,
2013 1330 2094 1356 dedit
2112 1329 2204 1355 dictos
2218 1337 2273 1355 xxx

405 1378 525 1404 domino
538 1378 680 1403 Grimerio
693 1377 860 1412 [Bonisacii].
877 1378 1067 1411 predecessori
1083 1379 1151 1404 dicti
1169 1379 1299 1411 magistri
1315 1379 1457 1405 Johannis
1471 1379 1507 1405 de
1522 1379 1636 1407 Calore:
1651 1380 1743 1405 dictos
1758 1387 1825 1405 vero
1841 1380 1888 1405 lxx
1903 1379 1983 1405 dedit
1997 1379 2137 1404 dominus
2151 1378 2274 1404 ,Iacobus

404 1426 440 1452 de
454 1427 567 1456 Elbaco,
582 1427 759 1453 Cisterciens.
778 1427 858 1456 Ord.,
875 1427 952 1452 dicto
967 1427 1002 1453 de
1017 1427 1126 1456 Calore,
1144 1429 1172 1453 et
1187 1428 1246 1460 ipse
1262 1428 1313 1461 qui
1329 1428 1462 1461 loquitur
1480 1428 1535 1453 snit
1550 1430 1689 1454 tractator
1703 1429 1739 1454 de
1754 1428 1946 1461 expeditione.
1965 1429 2038 1454 Item
2056 1427 2128 1453 dixit
2144 1435 2172 1453 se
2186 1427 2272 1453 audi-

403 1475 473 1502 visse
487 1476 564 1501 dieto
579 1483 631 1501 suo
646 1477 786 1509 tempore,
802 1476 881 1509 quod
904 1476 1040 1509 magister
1056 1477 1201 1502 Leoninus
1216 1477 1251 1502 de
1274 1477 1398 1506 Padua³‚
1414 1477 1483 1503 Ord.
1500 1477 1578 1503 illius
1597 1478 1650 1510 qui
1673 1478 1816 1511 quuitur,
1837 1477 1917 1503 dedit
1942 1477 2122 1506 cancellario.
2145 1476 2197 1510 qui
2220 1484 2274 1510 pro

404 1526 476 1550 tunc
490 1524 666 1558 erat'(quem
682 1525 771 1550 credit
787 1525 871 1551 fuisse
886 1525 971 1550 illum
987 1525 1022 1551 de
1038 1525 1173 1560 Bardis‘).
1188 1528 1309 1552 centum
1324 1526 1420 1552 leones
1435 1526 1499 1551 auri
1514 1526 1544 1551 10
1561 1534 1619 1552 una
1633 1526 1720 1552 bursa
1736 1526 1766 1552 in
1780 1526 1892 1560 signeto
1907 1528 1936 1552 et
1951 1533 2004 1560 pro
2017 1526 2145 1559 signeto;
2163 1525 2274 1551 audivit

404 1575 503 1599 tamen
517 1574 596 1607 quod
616 1574 675 1606 ipse
694 1574 880 1599 cancellarius
897 1582 931 1599 ex
949 1574 1078 1600 amicicia
1093 1575 1205 1600 remisit
1227 1575 1279 1600 sibi
1302 1577 1410 1605 totum,
1435 1577 1592 1608 postquam
1614 1577 1770 1609 receperat.
1794 1576 1993 1608 Interrogatus
2014 1576 2119 1600 utrum
2141 1574 2210 1600 sciat
2230 1574 2273 1600 vel

405 1622 512 1652 credat,
528 1622 609 1655 quod
624 1622 748 1655 predicta
766 1623 875 1648 suerint
889 1623 955 1648 data
974 1624 1002 1649 et
1015 1625 1128 1656 recepta
1144 1625 1287 1657 tanquam
1302 1624 1398 1650 debita
1417 1624 1494 1650 dicto
1512 1624 1681 1650 cancellario
1692 1624 1758 1657 jure
1773 1624 1905 1650 beneficii
1923 1624 1976 1653 sui,
1995 1624 2039 1649 vel
2053 1631 2105 1656 per
2121 1623 2247 1649 abusum
2265 1631 2272 1649 :

404 1670 562 1703 respondit,
576 1671 611 1696 de
626 1671 744 1696 sciencia
760 1679 787 1697 se
799 1671 919 1701 nescire:
934 1673 1033 1698 tamen
1049 1672 1140 1698 credit
1153 1672 1233 1706 quod
1248 1673 1287 1698 ita
1303 1673 1390 1699 tuerit
1405 1673 1557 1705 usitatum.
1573 1673 1680 1698 Utrum
1694 1681 1760 1699 vero
1776 1673 1812 1699 sit
1825 1673 1931 1699 abusus
1943 1673 1988 1698 vel
2003 1679 2074 1702 non,
2089 1672 2180 1698 credit
2192 1671 2273 1706 quod

403 1719 502 1753 pocius
517 1720 552 1745 sit
566 1720 672 1745 abusus
686 1728 776 1753 quam
792 1720 886 1746 bonus
901 1729 978 1750 usus.
995 1723 1024 1747 et
1037 1721 1074 1747 sic
1087 1722 1178 1747 credit
1194 1729 1253 1747 non
1268 1722 1365 1748 deberi
1377 1723 1444 1755 jure
1460 1722 1592 1748 beneficii
1608 1722 1739 1755 predicti.

493 1769 565 1794 Item
581 1776 667 1802 super
682 1769 724 1802 iij⁰
740 1771 768 1795 et
783 1769 898 1799 11111100,
915 1770 987 1795 dixit
1008 1778 1036 1796 58
1059 1770 1200 1796 audivisse
1219 1771 1255 1796 ab
1276 1779 1325 1797 ore
1349 1771 1470 1804 predicti
1490 1771 1615 1797 condam
1635 1771 1797 1797 cancellarii
1817 1771 1853 1797 de
1868 1771 1978 1800 Calore,
1995 1770 2116 1804 quando
2131 1770 2274 1796 tractabat.

404 1817 619 1851 expedicionem
635 1818 703 1843 dicti
718 1818 848 1850 magistri
864 1819 960 1844 Jacobi
981 1819 1017 1845 de
1038 1819 1152 1849 Elbaco,
1169 1820 1249 1853 quod
1273 1820 1332 1853 ipse
1356 1822 1469 1854 poterat
1492 1820 1643 1846 licenciare
1658 1820 1765 1846 virtute
1784 1820 1938 1853 cujusdam
1961 1819 2041 1845 bulle
2062 1819 2218 1853 apostolice
2242 1819 2272 1845 in

405 1867 550 1899 theologia
564 1867 672 1900 absque
687 1875 729 1896 eo,
746 1867 826 1900 qnod
839 1868 1015 1901 dependeret
1030 1876 1045 1894 a
1064 1869 1207 1901 magistris
1226 1869 1257 1894 in
1273 1869 1428 1902 theologia,
1443 1877 1496 1896 080
1513 1877 1649 1903 unquam
1662 1869 1734 1895 vidit
1749 1877 1801 1895 nec
1816 1869 1937 1899 audivit,
1954 1869 2035 1902 quod
2050 1868 2183 1901 magistri
2205 1868 2274 1895 assi-

404 1917 528 1948 gnarent
541 1916 601 1941 loca
614 1916 873 1945 licenciandorum,
887 1917 980 1942 immo
996 1918 1072 1943 solus
1085 1918 1282 1947 cancellarius,
1299 1918 1354 1944 nisi
1368 1926 1420 1951 per
1433 1919 1557 1944 modum
1574 1919 1742 1951 rogaminis.
1761 1919 1846 1944 Plura
1861 1918 1935 1944 dixit
1949 1926 1977 1944 se
1993 1918 2110 1944 nescire.

491 1965 689 1998 Interrogatus
708 1965 729 1990 si
750 1973 842 1998 prece,
859 1966 963 1999 precio.
980 1968 1045 1996 etc.‚
1063 1966 1134 1992 dixit
1154 1967 1234 2000 quod
1255 1967 1371 1993 nonnisi
1391 1976 1444 2001 pro
1465 1968 1523 1994 sola
1542 1968 1661 1994 veritate
1676 1968 1807 1994 dicenda.
1829 1968 2026 2000 Interrogatus
2049 1967 2070 1993 si
2092 1966 2198 1993 attinet
2219 1966 2273 1992 sibi

406 2014 593 2040 cancellarius
607 2014 638 2039 in
653 2014 752 2047 aliquo
767 2015 859 2047 gradu
875 2016 1134 2049 consanguinitatis
1146 2017 1190 2042 vel
1205 2017 1365 2047 affinitatis,
1383 2017 1456 2043 dixit
1475 2017 1556 2050 quod
1572 2024 1642 2043 non.
1659 2018 1858 2050 Interrogatus
1873 2024 1964 2051 quam
1979 2018 2093 2050 partem
2108 2016 2193 2043 vellet
2207 2016 2274 2050 plus

403 2062 544 2093 obtinere,
560 2062 632 2089 dixit
647 2063 727 2097 quod
742 2065 854 2097 partem
869 2064 1012 2098 potiorem
1028 2065 1057 2090 in
1070 2066 1137 2099 jure
1149 2067 1177 2092 et
1193 2073 1253 2091 non
1269 2065 1363 2092 11111155.

493 2201 528 2227 Et
580 2201 585 2207 ·
930 2169 995 2193 Item
1010 2169 1133 2202 sequitur
1147 2169 1283 2195 attestatio
1298 2169 1414 2195 aliorum
1432 2170 1538 2196 testium
1550 2169 1745 2202 predictorum.

543 2209 639 2234 prlmo
654 2210 660 2227 :

492 2249 523 2284 ij.
545 2250 593 2276 Vir
607 2250 756 2284 religiosus
768 2253 797 2277 et
812 2252 950 2278 honestus
963 2253 1050 2279 frater
1065 2254 1187 2280 Boxrrus
1204 2255 1343 2284 L1r13LL1‘i,
1359 2255 1427 2280 Ord.
1445 2255 1539 2285 Pred.‚
1557 2255 1658 2281 doctor
1670 2262 1747 2281 sacre
1763 2254 1908 2287 theologie
1922 2253 1958 2280 de
1973 2253 2104 2287 partibus
2119 2253 2271 2283 Advernie,

405 2299 586 2332 provincialis
598 2299 727 2332 ejusdem
738 2300 806 2326 Ord.
819 2301 967 2334 provincie
977 2302 1104 2332 Francic,
1117 2303 1288 2336 productus,
1302 2306 1434 2337 receptus
1445 2306 1473 2330 et
1484 2304 1601 2337 juratus
1614 2312 1646 2330 ac
1656 2304 1744 2330 etiam
1755 2303 1938 2330 examinatus
1951 2310 2037 2336 super
2047 2303 2129 2336 xxiij⁰
2139 2302 2271 2331 articulo,

404 2347 465 2380 ipso
480 2348 532 2373 sibi
548 2348 627 2381 prius
642 2349 715 2374 lecto
730 2351 758 2375 et
779 2357 830 2382 per
845 2357 914 2376 eum
934 2352 968 2376 ut
989 2351 1102 2377 dicebat
1120 2352 1277 2382 1010118010,
1294 2353 1367 2379 dixit
1383 2355 1412 2379 et
1426 2354 1570 2387 deposuit,
1587 2361 1690 2379 verum
1706 2361 1764 2379 esse
1779 2352 1859 2386 quod
1874 2360 2032 2386 nunquam
2047 2359 2101 2378 nec
2115 2351 2185 2384 legit
2198 2351 2271 2377 arti-

405 2396 484 2422 culos
496 2396 701 2427 Universitatis,
718 2398 753 2424 de
768 2399 875 2432 quibus
890 2400 923 2425 fit
936 2401 1047 2426 mentio
1062 2401 1092 2426 in
1110 2401 1187 2427 dicto
1202 2402 1333 2430 articulo,
1352 2410 1404 2428 080
1418 2403 1470 2428 scit
1484 2403 1556 2436 quid
1571 2403 1740 2429 continetur
1754 2402 1786 2428 in
1800 2402 1918 2431 eisdem,
1933 2403 1962 2427 et
1981 2403 2132 2435 propterea
2152 2401 2273 2427 nesciret

405 2445 549 2477 deponere
561 2453 647 2478 super
657 2446 734 2472 dicto
746 2447 869 2473 articulo
881 2448 916 2474 de
931 2449 1047 2475 seientia
1060 2450 1103 2475 vel
1116 2451 1296 2480 credulitate.
1309 2451 1440 2478 videlicet
1453 2454 1556 2477 utrum
1570 2452 1628 2478 sint
1642 2451 1798 2477 mendose⁷
1809 2450 1932 2477 consecti
1945 2458 1978 2477 ex
1991 2450 2125 2484 appetitu
2135 2449 2271 2478 vindicte.

404 2494 433 2519 et
447 2494 514 2519 alias
529 2495 563 2519 ut
577 2495 744 2520 continetur
758 2496 788 2521 in
804 2496 880 2522 dicto
895 2498 1027 2523 articulo.
1049 2499 1157 2524 Verum
1179 2501 1221 2525 est
1242 2502 1342 2526 tamen
1362 2501 1442 2534 quod
1467 2501 1527 2534 ipse
1546 2501 1620 2527 bene
1639 2501 1739 2530 credit,
1756 2500 1836 2534 quod
1856 2499 2052 2526 eontrovercia
2070 2498 2142 2533 (sic),
2158 2506 2217 2532 que
2231 2499 2273 2524 est

403 2542 480 2568 inter
492 2543 712 2569 Universitatem
726 2546 755 2570 et
769 2545 882 2570 dictum
897 2547 1112 2575 cancellarium.
1127 2550 1228 2574 ortum
1245 2550 1348 2575 habuit
1363 2558 1396 2576 ex
1410 2550 1581 2576 turbacione
1596 2550 1715 2576 rectoris
1730 2551 1802 2575 tunc
1816 2549 1963 2575 existentis
1978 2549 2097 2582 propter
2112 2548 2176 2577 hoc,
2191 2547 2272 2581 quod

404 2591 589 2617 cancellarius
613 2593 746 2625 precessit
767 2602 836 2619 enm
857 2594 888 2619 in
910 2595 1034 2621 sedendo
1050 2596 1080 2621 in
1096 2598 1225 2629 quodam
1242 2599 1365 2631 prandio
1380 2601 1408 2625 et
1427 2599 1584 2625 collacione
1606 2599 1750 2633 sequenti,
1774 2606 1828 2632 pro
1849 2606 1882 2624 eo
1904 2597 1985 2631 quod
2007 2599 2091 2623 antea
2115 2604 2272 2630 nunquam

403 2639 552 2666 audiverat
566 2640 601 2666 de
616 2641 735 2667 materia
751 2642 807 2667 litis
823 2643 884 2668 fieri
900 2644 1094 2670 mencionem.
1111 2646 1184 2671 Item
1200 2647 1290 2673 credit
1305 2648 1385 2680 quod
1405 2649 1528 2681 quidam
1548 2649 1584 2674 de
1601 2648 1792 2674 Universitate
1809 2649 1838 2674 et
1856 2647 1990 2680 appetitu
2005 2646 2131 2672 vindicte
2145 2647 2174 2671 et
2188 2653 2271 2672 causa

403 2688 614 2721 indignacionis
626 2692 727 2716 contra
740 2691 853 2716 dictum
867 2693 1072 2718 cancellarium
1089 2695 1303 2722 succitaverunt
1316 2697 1375 2730 (sic)
1388 2697 1440 2722 sibi
1456 2698 1538 2723 litem
1553 2699 1728 2730 presentem,
1743 2697 1779 2723 de
1791 2704 1850 2730 qua
1863 2696 1954 2722 credit
1968 2696 2059 2722 nichil
2074 2695 2270 2723 intervenisse.

403 2737 457 2763 nisi
472 2740 590 2771 propter
603 2738 710 2764 (11011110
730 2740 942 2766 turbacionem.
960 2742 1090 2768 Reddens
1105 2751 1221 2769 causam
1238 2752 1288 2770 sue
1308 2746 1495 2775 credulitatis.
1511 2747 1580 2779 quia
1602 2747 1690 2773 semel
1712 2754 1781 2772 cum
1803 2754 1837 2772 ex
1858 2747 1940 2779 parte
1962 2745 2107 2771 facultatis
2126 2743 2272 2777 theologie

402 2788 577 2819 proponeret
591 2787 622 2812 in
637 2787 825 2814 Universitate
840 2789 937 2822 aliqua
952 2791 1059 2816 moIIva
1075 2792 1110 2817 ad
1126 2793 1347 2819 terminandum
1363 2795 1471 2820 dictam
1492 2795 1573 2821 litem
1589 2797 1617 2821 et
1632 2796 1668 2821 ad
1687 2802 1788 2829 pacem
1804 2795 1967 2821 faciendam
1986 2794 2063 2819 inter
2077 2794 2182 2826 partes,
2199 2792 2269 2826 qui-

401 2834 470 2860 dam
485 2843 518 2861 ex
533 2835 722 2862 Universitate
737 2837 776 2862 ita
791 2838 915 2870 graviter
931 2840 1131 2871 portaverunt.
1146 2842 1226 2874 quod
1241 2842 1411 2869 laxaverunt
1426 2851 1453 2869 se
1468 2844 1504 2869 ad
1524 2852 1623 2876 graves
1637 2845 1759 2877 injurias
1771 2842 1915 2870 verbales⁸
1930 2844 2032 2869 contra
2046 2842 2160 2868 dictum
2175 2841 2268 2874 depo·

401 2885 531 2914 nentem,
547 2886 576 2910 et
591 2885 647 2910 suit
666 2886 696 2911 in
712 2886 840 2918 periculo
856 2888 936 2919 quod
951 2888 1150 2915 verberaretur
1165 2893 1285 2924 propter
1300 2892 1370 2919 hoc:
1390 2894 1416 2918 et
1439 2893 1507 2925 quia
1527 2893 1638 2919 audivit
1661 2893 1770 2926 pluries
1792 2894 1819 2919 et
1843 2900 1858 2918 a
1879 2892 2012 2926 pluribus
2027 2891 2062 2917 de
2077 2890 2185 2924 quibus
2208 2897 2268 2916 non
