2488 3386
487 334 551 365 218
1055 339 1369 362 CHARTULARtUM
1407 337 1593 359 UNIVERS.
1645 336 1772 357 PAnis.
2247 323 2345 359 [1375

490 429 564 449 rum
589 417 622 449 in
657 417 813 461 predicta
844 416 1009 448 facultate
1038 413 1223 459 approbati
1252 413 1306 445 vel
1337 411 1634 456 approbatorum,
1668 410 1920 454 promittentes
1948 409 2206 442 nichilominus
2234 410 2342 442 iidem

483 483 765 523 consentientes,
794 489 828 515 et
853 482 1003 527 quilibet
1032 492 1170 520 eorum,
1192 479 1299 511 michi
1331 478 1469 510 notario
1501 477 1733 520 infrascripto
1764 476 1940 520 premissa
1972 475 2091 508 onmia
2119 482 2154 508 et
2184 476 2342 521 singula,

489 557 591 594 prout
625 550 793 594 superius
823 556 907 582 sunt
936 559 1119 593 expressa,
1147 553 1283 586 tenere,
1307 545 1515 585 observare,
1539 544 1671 588 caque³
1702 543 1843 587 integre
1874 549 1908 574 et
1938 541 2094 574 fideliter
2123 542 2341 587 adimplere:

487 616 651 648 volentes
678 623 711 648 et
740 615 1023 655 consentientes,
1053 620 1087 646 ut
1118 612 1325 657 supradicto
1354 611 1527 654 magistro
1557 609 1707 649 Thome‚
1736 609 1897 653 predicte
1926 608 2104 641 facultatis
2133 609 2269 642 decano
2299 610 2342 642 ad

488 682 552 715 hec
579 683 736 727 presenti
758 689 791 714 ct
821 681 967 726 petenti,
996 692 1106 725 super
1133 679 1321 724 premissis
1349 677 1519 710 omnibus
1549 683 1584 709 et
1614 675 1771 720 singulis
1801 675 2016 708 conticerem
2048 675 2340 709 instrumentum.

488 750 572 782 Acta
598 750 742 781 suerunt
769 748 833 780 hec
855 747 1013 780 Parisius
1039 746 1075 778 in
1096 746 1202 778 domo
1229 744 1374 789 collegii
1401 743 1615 776 scolarium⁵
1639 741 1822 786 theologie
1844 741 1888 774 de
1920 742 2116 783 Haricuria,
2139 754 2246 783 anno,
2270 742 2340 784 die,

489 828 623 856 mense,
645 816 737 855 loco,
756 815 964 853 indictione,
985 813 1191 858 pontificatu
1216 811 1400 856 predictis,
1420 809 1652 855 presentibus
1668 808 1711 841 ad
1732 808 1797 841 hec
1814 808 2086 841 venerabilibus
2102 809 2190 842 viris
2206 809 2342 842 Thoma

486 883 529 914 <le
552 884 734 926 Voyenna,
758 881 912 913 ilenrico
934 880 977 912 <lc
998 879 1141 915 Tenisss,
1166 879 1200 910 in
1230 877 1404 910 medicina
1432 876 1628 921 magistris,
1652 874 1806 908 testibus
1834 875 1877 907 ad
1906 875 2081 920 premissa
2103 876 2238 909 vocatis
2259 887 2341 921 spe-

484 949 621 981 cialiter
641 955 674 981 et
696 948 843 992 rogatis.

575 1016 613 1047 1⁴31
635 1026 703 1059 ego
722 1013 904 1046 Johannes
924 1012 1093 1056 'l'ourgis,
1119 1010 1351 1043 Ebroicensis
1373 1009 1544 1050 diocesis,
1571 1009 1782 1042 auctoritate
1810 1008 2007 1053 apostolica
2035 1010 2196 1042 notat-Ius
2223 1009 2340 1054 publi-

482 1094 557 1118 cus,
581 1087 642 1114 etc.

571 1187 645 1209 „tn-ch.
661 1189 712 1209 nat.
730 1186 812 1209 Paris.
834 1186 891 1208 MM.
907 1186 960 1213 266,
978 1194 1003 1216 p.
1024 1186 1075 1208 167.
1101 1199 1122 1201 —
1140 1183 1276 1211 Juurdain,
1295 1188 1322 1206 n⁰
1338 1184 1391 1206 757.
1407 1197 1438 1200 —
1454 1184 1532 1205 Error
1547 1186 1587 1206 est
1606 1183 1631 1205 in
1652 1182 1778 1214 temporis
1795 1186 1866 1205 notu.
1883 1192 1891 1204 a
1911 1184 1958 1206 An.
1979 1190 2002 1205 vi
2020 1192 2031 1204 »
2048 1182 2143 1213 pontis.
2158 1182 2279 1213 Gregorii
2295 1183 2336 1211 ΧΙ,

479 1235 506 1254 ιιι
521 1231 645 1253 scribitur
661 1231 685 1253 in
704 1239 762 1259 ms„
779 1233 819 1252 est
832 1238 873 1252 an.
891 1230 966 1257 ⁴137&
984 1229 1029 1253 sed
1045 1232 1105 1252 tunc
1121 1232 1177 1252 erat
1195 1228 1283 1251 indict.
1301 1228 1352 1251 xiv.
1369 1227 1551 1250 Verisimilitcr
1567 1227 1591 1250 in
1611 1227 1772 1258 assignando
1788 1235 1855 1250 anuo
1869 1227 1989 1258 Gregorii
2007 1228 2037 1250 XI
2055 1227 2079 1250 in
2094 1230 2183 1250 nostro
2199 1236 2248 1251 ms.
2264 1235 2338 1251 erra-

478 1279 533 1303 tu1¹;
549 1275 627 1298 scribi
644 1275 755 1298 debebat
769 1284 781 1295 ι(
799 1283 830 1297 an
858 1282 872 1296 v
889 1284 909 1296 n.

570 1370 592 1392 1.
610 1369 656 1391 Ms.
674 1376 679 1390 z
701 1377 710 1390 α
725 1375 750 1391 η
768 1376 788 1392 υ,
807 1380 834 1384 -
851 1369 872 1391 2.
891 1367 996 1397 Legitur
1012 1366 1079 1389 inter
1095 1374 1174 1389 uncos
1192 1374 1202 1388 «
1222 1366 1255 1388 du
1272 1365 1397 1388 Moustier
1409 1374 1430 1388 υ.
1450 1378 1475 1382 -
1490 1366 1513 1388 3.
1529 1365 1576 1388 Ms.
1596 1373 1600 1388 :
1619 1374 1628 1388 a
1645 1365 1789 1396 quemlibet
1805 1374 1815 1388 υ
1832 1373 1880 1396 pro
1897 1375 1907 1388 «
1925 1365 2061 1396 quodlibet
2077 1374 2098 1388 ».
2116 1378 2144 1382 —
2161 1365 2185 1389 4.
2204 1375 2216 1386 α
2230 1372 2312 1396 eaque
2324 1374 2338 1386 ι)

474 1414 501 1436 in
518 1422 566 1436 ins.
580 1416 639 1436 ante
655 1422 665 1435 «
682 1415 769 1435 tenere
786 1420 806 1434 ι).
822 1425 850 1429 -
866 1413 887 1434 5.
902 1412 949 1434 Ms.
965 1419 969 1434 ’.
989 1420 999 1433 «
1013 1410 1122 1434 scolaris
1140 1419 1160 1433 ν.
1179 1424 1204 1427 -
1221 1411 1244 1433 (ἱ
1257 1410 1322 1433 Ms.:
1341 1419 1352 1432 «
1367 1410 1443 1433 Tems
1455 1418 1476 1433 ».
1493 1410 1563 1433 Idem
1576 1413 1616 1433 est
1631 1418 1660 1433 uc
1674 1410 1718 1441 qui
1733 1410 1802 1433 infra
1818 1414 1846 1432 n⁰
1862 1410 1921 1433 1417
1935 1409 2052 1434 affertur.
2070 1409 2127 1433 Vid.
2143 1409 2207 1432 ibid.

479 1628 618 1664 1397.
645 1636 793 1671 Gregorius
811 1637 851 1661 XI
866 1635 984 1661 Thomae
1000 1635 1121 1668 IIaudri,
1138 1637 1256 1668 ult-‚jura
1272 1635 1381 1660 doctori
1396 1635 1556 1669 Aureliam,
1573 1636 1713 1671 per-mittit
1729 1636 1853 1661 Parisiis
1869 1635 2011 1662 decretum
2026 1635 2127 1670 legere.

1675 1730 1752 1759 1375,
1768 1730 1855 1756 Martii
1869 1731 1906 1760 14,
1922 1730 2052 1757 Ammone-

564 1823 703 1855 Dilccto
725 1822 798 1855 filio
819 1822 955 1854 Thomc
979 1822 1124 1863 lIaudri,
1149 1822 1312 1866 parroch.
1335 1822 1422 1855 eccl.
1447 1823 1481 1855 S.
1504 1822 1627 1856 Jacobi
1650 1823 1694 1855 de
1717 1823 1950 1856 Carnificeria
1972 1823 2183 1864 Parisiens„
2201 1823 2335 1856 utrius-

476 1902 544 1934 que
561 1890 655 1934 juris
673 1890 823 1929 doctori,
844 1889 1007 1929 salutem,
1026 1894 1088 1922 etc.
1108 1889 1319 1921 Litterarum
1339 1890 1545 1922 scientia...
1565 1890 1656 1923 Sane
1680 1890 1804 1934 petitio
1822 1902 1887 1935 pro
1905 1897 2004 1935 parte
2022 1897 2079 1923 tua
2096 1889 2203 1923 nobis
2219 1902 2335 1936 nuper

476 1956 630 1989 exhibita
652 1955 859 1988 continebat
886 1955 982 1999 quod
1012 1955 1094 1987 licet
1124 1962 1159 1988 tu
1184 1957 1256 2000 jam
1279 1956 1403 2000 elapso
1426 1956 1604 1989 decennio
1626 1956 1834 1990 Aurelianis
1860 1957 1895 1990 in
1922 1963 2076 2002 utroque
2100 1958 2184 2002 jure
2209 1957 2334 1990 docto-

475 2029 571 2055 ratus
600 2022 755 2066 insignia
785 2022 978 2066 recepcriS,
1006 2021 1263 2054 nichilominus
1286 2029 1404 2055 tamen
1431 2022 1660 2056 obstantibus
1686 2023 1796 2056 certis
1824 2024 1982 2064 statutis,
2004 2022 2334 2056 consuetudInibus

474 2089 530 2122 vel
552 2088 792 2121 observantiis
814 2088 923 2120 studii
946 2088 1162 2121 parisiensis
1185 2089 1303 2133 quoad
1326 2089 1498 2122 lecturam
1522 2090 1679 2131 Decreti,
1702 2090 1746 2122 ad
1767 2102 1871 2135 quam
1895 2091 2080 2123 maximam
2106 2090 2332 2123 affectionem

475 2156 587 2200 geris,
605 2162 817 2199 ceterosque
838 2161 937 2187 actus
959 2155 1162 2188 doctorales
1180 2167 1243 2200 per
1259 2156 1411 2189 dilectos
1433 2156 1528 2189 filios
1549 2156 1745 2202 collegium
1767 2157 1945 2190 facultatis
1966 2157 2195 2190 decretorum
2216 2157 2333 2202 ipsius

475 2222 667 2254 Parisiens.
687 2222 809 2261 studii,
828 2222 864 2253 in
882 2234 952 2266 quo
970 2222 1176 2254 Decretales
1195 2235 1257 2267 per
1274 2223 1563 2268 quinquennium
1585 2223 1709 2269 legisti
1730 2224 1774 2256 de
1796 2236 1912 2265 mane,
1931 2236 1996 2256 nec
2013 2230 2053 2256 ut
2072 2223 2199 2256 doctor
2214 2229 2333 2268 neque

476 2296 510 2321 ut
534 2288 737 2321 licentiatus
758 2288 957 2320 haberis...
976 2290 1048 2321 Nos
1069 2289 1244 2333 itaque...
1264 2296 1302 2322 ut
1322 2290 1358 2322 in
1377 2290 1588 2335 hujusmodi
1605 2291 1718 2323 Paris.
1737 2291 1858 2324 studio
1877 2297 2043 2335 tanquam
2061 2290 2188 2323 doctor
2204 2291 2332 2324 Decre-

475 2362 545 2387 tum
569 2355 692 2399 legcre
713 2367 751 2387 ac
772 2355 889 2387 omnia
910 2355 976 2387 alia
997 2362 1032 2387 et
1051 2356 1194 2400 singula
1216 2356 1412 2389 doctoralia
1435 2357 1586 2402 perinde
1607 2357 1722 2390 libere
1747 2369 1917 2390 exercere
1938 2357 2058 2391 valeas
2079 2369 2118 2390 ac
2139 2357 2171 2390 si
2196 2357 2332 2390 ibidem

474 2422 509 2453 in
529 2421 693 2453 facultate
714 2421 790 2465 ipsa
811 2421 1018 2454 doctoratus
1039 2422 1254 2463 extitisses¹,
1279 2424 1449 2468 quodque
1470 2424 1514 2456 ad
1536 2431 1660 2469 pastus
1680 2425 1754 2467 (sic)
1775 2424 1831 2457 vel
1852 2424 1956 2457 aliam
1979 2435 2230 2469 quamcunque
2251 2435 2331 2469 pre-

474 2488 661 2520 stationem
685 2488 799 2519 eidem
823 2487 992 2529 facultati,
1015 2488 1240 2530 doctoribus,
1268 2489 1422 2522 bedellis
1445 2490 1500 2523 vel
1521 2491 1601 2523 aliis
1628 2491 1827 2523 faciendam
1859 2491 2006 2523 minime
2029 2490 2198 2531 tenearis,
2221 2496 2331 2523 statu-

475 2555 574 2586 tis....
603 2566 672 2598 que
697 2554 783 2586 alias
811 2555 846 2586 in
877 2566 942 2587 suo
970 2554 1099 2587 robore
1127 2568 1338 2600 permanere
1359 2557 1540 2598 volumus,
1568 2564 1600 2590 et
1629 2558 1710 2590 aliis
1737 2558 1930 2590 contrariis
1959 2569 2031 2590 non
2058 2556 2328 2590 obstantibus...

473 2621 681 2653 auctoritate
709 2620 903 2665 apostolica
935 2628 1058 2654 tenore
1088 2623 1308 2666 presentium
1337 2624 1571 2656 concedimus
1598 2624 1642 2657 de
1673 2625 1786 2668 gratia
1814 2624 2019 2668 speciali.,..
2053 2625 2128 2656 Dat.
2151 2624 2330 2657 Avinione

475 2687 496 2731 ij
520 2687 567 2719 id.
592 2687 722 2727 Martii,
739 2699 832 2719 anno
854 2688 991 2731 quinto.

566 2794 626 2824 Reg.
644 2794 700 2816 Vat.
717 2794 796 2816 Avrn.
812 2793 930 2823 Gregorii
950 2794 990 2822 XI,
1006 2794 1056 2817 vot,
1074 2795 1162 2823 xxm,
1178 2796 1221 2818 sol.
1238 2798 1291 2819 302.

565 2887 585 2909 ¹l.
603 2886 675 2913 Quod
695 2889 720 2908 ct.
737 2886 829 2914 evcnit,
845 2886 973 2916 hujusque
990 2887 1049 2909 facti
1066 2888 1160 2910 ‚nuntio
1177 2889 1203 2910 tit
1220 2888 1243 2910 in
1259 2890 1423 2912 Purlmnentu
1441 2891 1522 2913 I‘aris.
1540 2899 1580 2913 nu.
1596 2891 1665 2915 1386.
1682 2891 1807 2914 Novemb.
1827 2891 1863 2913 29.
1884 2890 1940 2914 Vid.
1955 2890 2031 2913 infra,

592 2932 630 2953 28.
