2488 3386
464 319 528 352 570
1033 323 1350 346 CHARTULARIUM
1384 323 1575 345 umvsns.
1611 323 1740 346 Panis.
2225 310 2324 347 [1379

464 401 547 434 bilis
569 407 603 433 et
625 401 804 433 discretus
826 398 998 443 magister
1019 397 1202 430 Johannes
1229 397 1273 429 de
1301 396 1541 437 Bellomonte,
1569 396 1728 430 decanus
1745 396 1944 441 facultatis
1968 395 2150 437 medicine,
2178 397 2323 430 nomine

463 468 577 512 ipsius
599 473 633 499 et
660 478 724 511 pro
745 466 821 510 ipsa
844 464 1141 497 deliberationem
1171 463 1306 503 retulit,
1331 463 1427 507 quod
1456 463 1617 496 unanimi
1642 475 1825 496 consensu
1850 470 1884 496 et
1908 463 2053 495 nemine
2080 463 2321 508 discrepante,

462 534 558 567 omni
578 533 712 573 favore,
738 532 821 564 odio
844 531 901 564 vel
930 530 1056 563 timore
1079 529 1293 574 postpositis
1315 536 1347 562 et
1370 541 1600 574 quocumque
1622 530 1827 563 inordinato
1849 530 1991 570 affectu,
2015 529 2052 562 in
2073 541 2197 562 eorum
2221 530 2322 575 puris

459 599 692 633 conscientiis
732 605 765 631 et
798 597 1015 642 juramentis
1050 596 1204 636 astricti,
1247 602 1353 640 prout
1391 596 1479 629 alias
1519 596 1809 629 deliberaverant
1842 595 2018 629 adherere
2057 596 2148 641 parti
2183 596 2320 629 domini

459 665 657 700 Clementis
691 676 780 710 pape
806 664 908 697 VIImi
942 670 1119 707 tamquam
1153 674 1239 694 vero
1275 663 1436 695 Romano
1472 662 1633 707 pontifici
1667 669 1699 695 et
1731 662 1864 695 vicario
1893 662 2044 703 Christi,
2076 668 2111 695 et
2144 663 2319 707 prefatum

459 734 495 765 B.
519 732 603 765 olim
626 733 774 764 Barens.
798 730 1110 775 archiepiscopum
1142 729 1178 761 in
1211 729 1299 761 sede
1326 729 1524 774 apostolica
1554 729 1734 762 intrusum
1763 736 1797 762 et
1825 736 2078 774 occupatorem
2100 729 2194 762 dicte
2219 729 2319 763 sedis

457 798 680 844 reputabant,
699 805 734 830 et
754 797 870 830 eidem
894 796 1041 829 domino
1063 795 1243 829 Clementi
1264 795 1441 828 adherere
1461 795 1632 829 volebant
1653 802 1686 829 et
1708 795 1900 829 debebant.
1923 797 2011 829 Item
2028 796 2083 829 vir
2098 795 2318 830 venerabilis

455 873 489 899 et
510 866 690 898 discretus
710 864 883 909 magister
904 862 1102 896 Gervasius
1124 861 1351 907 Boysouche,
1377 862 1536 895 decanus
1552 862 1750 907 facultatis
1773 862 2008 903 decretorum,
2034 862 2180 896 nomine
2201 863 2318 908 ipsius

453 932 632 966 facultatis
659 938 692 964 et
722 942 786 976 pro
809 930 885 975 ipsa
907 929 1207 962 deliberationem
1238 940 1303 962 sue
1333 928 1513 962 facultatis
1542 928 1677 962 ibidem
1707 929 1867 962 reddidit
1892 929 2000 962 modo
2029 936 2065 962 et
2092 930 2205 962 forma
2232 941 2319 963 con-

454 999 561 1031 tentis
582 999 619 1031 in
640 997 900 1030 deliberatione
926 995 1105 1028 facultatis
1131 995 1310 1028 medicine
1338 995 1374 1027 in
1396 994 1566 1028 omnibus
1589 1002 1625 1028 et
1652 1007 1716 1040 per
1736 996 1867 1036 omnia,
1890 1002 1924 1029 et
1945 995 2099 1040 qualiter
2119 996 2207 1029 alias
2228 995 2319 1029 deli-

453 1065 613 1097 beratum
636 1064 700 1096 fuit
728 1064 764 1095 in
794 1062 860 1095 alia
886 1062 1172 1107 congregatione
1202 1062 1291 1094 facta
1322 1062 1419 1106 quod
1449 1062 1520 1107 ipsi
1547 1061 1719 1095 volebant
1747 1069 1782 1095 et.
1810 1062 1992 1095 debebant
2019 1062 2196 1095 adherere
2226 1062 2318 1108 parti

452 1131 604 1176 predicti
635 1129 771 1162 domini
802 1129 1001 1162 Clementis
1032 1140 1122 1173 pape
1158 1128 1303 1173 septimi
1341 1135 1517 1173 tamquam
1549 1140 1636 1162 vero
1664 1141 1754 1174 pape
1785 1135 1820 1162 et
1850 1141 1990 1162 summo
2021 1128 2195 1174 pontifici.
2227 1130 2316 1162 Item

452 1198 631 1230 discretus
648 1196 702 1229 vir
723 1195 895 1240 magister
914 1194 1099 1228 Johannes
1119 1194 1164 1227 de
1185 1194 1329 1236 Calore,
1352 1194 1389 1227 in
1410 1206 1511 1228 sacra
1532 1195 1661 1240 pagina
1683 1195 1884 1240 professor,
1902 1195 2140 1228 cancellarius
2161 1195 2316 1229 ecclesie

451 1263 679 1303 Parisiensis,
702 1262 895 1308 presidens
905 1261 1104 1306 facultalis
1128 1261 1317 1306 theologie,
1345 1268 1379 1294 et
1405 1261 1551 1294 nomine
1574 1262 1667 1294 dicte
1689 1261 1869 1295 facultatis
1894 1268 1929 1295 et
1950 1274 2014 1307 pro
2036 1261 2114 1307 ipsa
2136 1261 2316 1296 delibera-

452 1331 584 1363 tionem
607 1329 742 1365 retulit,
770 1328 1013 1374 premittendo
1035 1327 1133 1373 quod
1160 1339 1224 1373 pro
1251 1328 1458 1373 expedienti
1488 1328 1591 1362 istam
1619 1328 1919 1362 deliberationem
1949 1328 2099 1362 facultas
2130 1335 2316 1374 receperat

452 1396 559 1429 modo
581 1402 616 1428 et
641 1396 753 1428 forma
779 1395 959 1427 contentis
987 1394 1023 1426 in
1050 1394 1200 1439 quadam
1223 1394 1350 1427 cedula
1379 1394 1536 1440 papirea,
1564 1407 1669 1440 quam
1700 1395 1795 1427 idem
1821 1394 2060 1428 cancellarius
2085 1395 2122 1427 in
2147 1394 2314 1429 manibus

449 1463 525 1496 suis
547 1462 691 1495 tenebat
717 1465 774 1503 [et]
805 1473 869 1506 pro
898 1460 993 1494 finali
1027 1467 1061 1493 et
1089 1460 1211 1493 ultima
1239 1461 1476 1494 conclusione
1503 1473 1568 1494 seu
1596 1461 1858 1494 deliberatione
1881 1461 1975 1494 dicte
1999 1461 2178 1495 facultatis
2200 1461 2312 1504 dedit,

449 1536 484 1562 et
511 1541 615 1574 quam
643 1528 732 1574 legit
758 1535 793 1561 et
822 1527 977 1573 perlegit
1004 1527 1048 1560 de
1070 1527 1181 1560 verbo
1203 1527 1247 1560 ad
1269 1527 1432 1562 verbum.
1456 1528 1570 1572 Cujus
1591 1528 1737 1573 quidem
1765 1527 1894 1561 cedule
1922 1535 2027 1561 tenor
2046 1528 2210 1561 noscitur
2230 1539 2312 1562 esse

449 1596 528 1629 talis
552 1607 559 1628 ε

537 1686 589 1711 Pro
605 1685 788 1718 responsione
802 1684 947 1717 premittit
964 1684 1039 1710 dicta
1053 1684 1172 1710 facultas
1192 1685 1355 1711 secundum
1370 1685 1514 1719 majorem
1528 1686 1642 1718 partem
1657 1685 1866 1718 magistrorum
1880 1687 1952 1711 tunc
1967 1684 2090 1711 Parisius
2104 1685 2135 1710 in
2150 1692 2311 1719 congrega—

447 1735 525 1761 tione
541 1742 626 1767 super
646 1735 699 1760 hoc
715 1734 786 1760 facta
806 1733 996 1767 presentium,
1015 1735 1044 1759 et
1062 1733 1231 1767 aliquorum
1246 1734 1372 1760 aliorum
1392 1734 1602 1767 magistrorum
1618 1734 1655 1760 ad
1674 1736 1788 1768 partem
1807 1742 1859 1767 per
1874 1734 2028 1768 deputatos
2042 1734 2208 1767 [facultatis]
2225 1733 2311 1760 audi-

446 1785 545 1810 torum
560 1783 614 1809 sub
629 1783 827 1809 benevolentia
838 1782 907 1808 dicti
923 1782 1150 1808 reverendissimi
1165 1782 1294 1816 patris2⁰‚
1311 1783 1391 1817 quod
1410 1784 1506 1813 corde,
1523 1791 1572 1810 ore
1588 1785 1617 1810 et
1636 1791 1722 1817 opere
1741 1791 1854 1817 semper
1873 1783 1938 1813 suit.
1955 1784 1997 1809 est
2015 1784 2044 1809 et
2062 1790 2120 1809 esse
2138 1783 2266 1809 intendit
2279 1782 2312 1809 in

444 1834 595 1866 posterum
610 1832 668 1858 Deo
683 1832 770 1857 danto
788 1832 818 1857 in
836 1831 954 1857 veritate
970 1831 1037 1857 fidei
1052 1832 1192 1858 catholice
1211 1833 1239 1858 et
1254 1832 1285 1858 in
1303 1832 1468 1859 obedientia
1485 1834 1662 1859 sacrosancte
1676 1833 1806 1859 Romane
1823 1832 1937 1859 ecclesie
1954 1832 2121 1858 firmissime
2140 1832 2265 1858 stabilita
2283 1833 2313 1858 et

443 1881 657 1907 inmutabiliter
670 1881 806 1909 radicata,
822 1881 850 1906 et
865 1880 945 1914 quod
960 1880 1087 1906 intendit
1103 1888 1217 1914 semper
1235 1889 1345 1907 servare
1358 1882 1528 1915 juramenta
1543 1889 1604 1911 sua,
1619 1889 1677 1915 que
1694 1882 1877 1908 concernunt
1888 1881 1966 1915 jura.
1982 1881 2142 1914 privilegia,
2160 1882 2268 1907 statuta
2283 1881 2313 1907 et

443 1931 588 1956 libertates
602 1930 800 1956 Universitatis
815 1929 977 1955 Parisiensis
994 1931 1022 1955 et
1037 1930 1126 1963 ipsius
1143 1930 1304 1963 theologice
1319 1931 1472 1956 facultatis.
1489 1931 1570 1957 Tunc
1586 1938 1638 1957 nos
1652 1931 1795 1964 magistri,
1812 1932 1900 1964 prout
1915 1938 2002 1964 supra
2016 1930 2169 1963 designati,
2188 1937 2310 1964 respon-

444 1979 546 2005 demus
567 1979 647 2012 quod
667 1978 837 2012 (suppositis
861 1980 889 2004 et
911 1979 1028 2004 attentis
1047 1979 1280 2005 attestationibus
1299 1981 1327 2005 et
1349 1979 1557 2006 assercionibus
1579 1981 1639 2005 tam
1662 1980 1858 2006 verhotlienus
1879 1987 1970 2013 quam
1992 1979 2207 2013 scriptothenus
2228 1978 2312 2005 nobis
2356 1994 2361 1997 ‹

444 2028 523 2054 factis
538 2036 588 2061 per
603 2027 715 2053 dictum
729 2027 1001 2053 reverendissimum
1017 2029 1131 2061 patrem
1146 2028 1304 2054 dominum
1320 2028 1498 2055 cardinalem
1513 2030 1542 2055 et
1556 2037 1608 2062 per
1622 2029 1695 2054 duos
1712 2029 1782 2054 alios
1799 2028 2052 2055 reverendissimos
2066 2029 2161 2062 patres
2175 2027 2312 2054 dominos

443 2077 600 2103 cardinales
606 2076 628 2094 2⁷
643 2076 765 2102 Parisius
778 2077 932 2109 presentes,
948 2078 976 2102 et
989 2084 1040 2110 per
1053 2077 1161 2103 litteras
1175 2077 1367 2103 dominorum
1382 2077 1575 2103 cardinalium
1589 2078 1764 2111 conscriptas
1774 2079 1802 2104 et
1811 2085 1864 2111 per
1873 2077 2020 2103 auditores
2031 2084 2144 2103 camere
2157 2076 2311 2110 apostolice

442 2127 470 2152 et
498 2125 699 2159 penitentiarie
726 2125 848 2151 Parisius
877 2127 1032 2158 presentes,
1057 2127 1085 2151 et
1111 2126 1209 2159 plures
1231 2126 1302 2152 alios
1320 2126 1483 2160 fidedignos
1505 2134 1591 2160 super
1612 2126 1752 2153 electione
1770 2126 1840 2153 dicti
1860 2126 1975 2152 domini
1994 2126 2151 2152 Clementis
2172 2125 2251 2152 ἺῘῙΙ1Ἰὶ
2273 2125 2310 2152 ad

441 2182 594 2200 summum
610 2174 810 2207 pontificium)
826 2173 920 2200 eidem
936 2174 1058 2200 domino
1074 2176 1173 2200 nostro
1187 2175 1310 2201 domino
1326 2175 1470 2202 Clementi
1485 2175 1670 2202 adheremus.

530 2263 605 2304 Qua
626 2262 752 2295 cedula
775 2262 826 2295 sic
848 2262 938 2295 lecta
960 2269 995 2295 et
1023 2262 1181 2307 perlecta
1210 2263 1246 2295 in
1274 2263 1457 2308 presentia
1483 2263 1642 2295 omnium
1673 2269 1708 2296 et
1736 2262 1964 2307 singulorum
1993 2261 2127 2295 ibidem
2150 2262 2308 2294 existen-

443 2328 529 2360 tium
551 2329 709 2373 prefatus
732 2336 850 2362 rector
869 2341 934 2374 per
954 2336 1027 2362 tres
1050 2329 1207 2362 decanos
1228 2329 1436 2362 facultatum
1458 2330 1701 2374 predictarum
1724 2329 1924 2374 requisitus
1944 2329 2023 2370 fuit,
2046 2328 2143 2374 quod
2170 2328 2250 2373 ipse
2271 2328 2308 2361 in

443 2394 523 2426 istis
539 2394 646 2427 vellet
667 2395 886 2428 concludere
907 2407 971 2440 per
988 2395 1133 2428 modum
1153 2396 1409 2429 Universitatis
1431 2403 1466 2429 et
1485 2408 1550 2441 pro
1571 2395 1746 2429 concluso
1767 2395 1900 2428 habere
1923 2402 1957 2428 et
1979 2402 2157 2440 reputare,
2175 2401 2308 2428 attenta

443 2460 634 2492 concordia
665 2462 882 2505 supradicta,
915 2468 949 2494 et
979 2462 1089 2506 quod,
1121 2469 1311 2507 postquam
1348 2463 1384 2495 in
1419 2463 1521 2495 factis
1552 2462 1809 2496 Universitatis
1844 2468 1918 2495 tres
1951 2461 2139 2494 facultates
2169 2468 2204 2494 et
2237 2461 2307 2494 due

445 2526 610 2559 nationes
637 2534 738 2559 erant
763 2528 977 2570 concordes,
1005 2529 1120 2573 ipse²⁸
1147 2528 1302 2562 debebat
1331 2528 1465 2562 habere
1492 2541 1557 2574 pro
1583 2528 1770 2562 concluso.
1803 2530 1846 2561 Et
1873 2528 1951 2573 ipse
1978 2528 2068 2560 dixit
2096 2527 2194 2572 quod
2222 2539 2308 2560 con-

443 2592 559 2625 clusio
581 2604 643 2625 sua
666 2593 776 2625 nichil
798 2601 1021 2638 operaretur,
1044 2602 1232 2639 postquam
1257 2596 1308 2628 sic
1331 2602 1406 2628 erat
1431 2595 1669 2628 deliberatum
1693 2607 1757 2640 per
1778 2601 1852 2627 tres
1872 2594 2059 2627 facultates
2081 2600 2116 2627 et
2140 2594 2306 2627 nationes

443 2659 634 2703 predictas,
662 2671 728 2691 nec
755 2659 839 2692 dicti
869 2660 993 2692 decani
1023 2667 1058 2693 et
1087 2661 1251 2706 magistri
1282 2661 1433 2695 multum
1461 2661 1504 2694 de
1536 2661 1604 2694 alia
1632 2661 1868 2694 conclusione
1896 2661 2113 2702 curarent²⁹,
2147 2672 2228 2693 cum
2258 2660 2305 2693 sit

445 2725 555 2757 moris
585 2731 621 2758 et
649 2726 912 2758 consuetudine
943 2726 1171 2760 observatum
1203 2740 1242 2761 ac
1273 2728 1377 2761 etiam
1407 2728 1549 2761 statutis
1582 2728 1831 2773 expressum³⁰
1859 2727 1896 2760 in
1921 2727 2176 2768 Universitate,
2208 2726 2305 2771 quod

446 2803 589 2836 semper
609 2791 653 2824 ad
680 2791 774 2824 illam
798 2799 947 2836 partem,
971 2793 1013 2825 ad
1035 2806 1137 2838 quam
1161 2801 1234 2827 tres
1255 2795 1443 2828 facultates
1464 2794 1699 2836 concludunt,
1722 2806 1786 2839 per
1805 2806 1932 2827 omnes
1953 2794 2100 2827 nomine
2122 2793 2305 2827 Universi-

448 2858 528 2891 tatis
550 2870 613 2902 pro
634 2858 807 2890 concluso
838 2858 1022 2892 habeatur.
1045 2860 1114 2902 Qui
1143 2861 1289 2905 quidem
1320 2868 1438 2894 rector
1468 2861 1504 2894 in
1535 2861 1725 2906 premissis
1753 2860 1839 2894 alias
1869 2873 1943 2894 non
1972 2860 2209 2901 concludens,
2239 2859 2306 2892 sed

571 2916 609 2938 72.
