2488 3386
458 327 501 359 74
1035 335 1351 358 annTULAan
1385 335 1575 359 umvsas.
1611 336 1739 358 rmus.
2224 324 2320 360 [1361

457 421 548 454 quos
570 421 643 441 non
663 409 772 442 suerit
791 409 909 454 aliqua
930 421 1036 442 causa
1058 420 1175 441 coram
1194 407 1382 453 judicibus
1404 408 1558 451 incoata,
1583 411 1821 442 revocentur⁵
1845 416 1880 442 et
1900 409 2038 442 nullius
2059 410 2133 443 sint
2152 409 2321 443 decetero

456 475 612 508 essicaeie
641 475 699 509 vel
727 475 917 516 momenti,
952 482 987 508 et
1018 486 1214 520 processus
1248 474 1308 507 alii
1341 474 1542 507 secundum
1573 487 1665 520 quos
1697 482 1753 509 est
1782 488 1888 509 causa
1921 476 2074 518 incoata,
2106 476 2258 509 durent⁸
2287 482 2323 510 et
2361 470 2363 472 ¹

454 541 609 574 habeant
639 541 783 574 roboris
814 541 1015 574 firmitatem
1042 552 1158 585 usque
1188 540 1232 573 ad
1261 540 1369 573 finem
1400 553 1590 574 causarum
1620 542 1855 575 incoatarum.
1882 563 1926 567 -
1950 543 2052 583 Item,
2076 542 2173 587 quod
2203 542 2320 576 tribus

447 607 636 652 judicibus
658 608 743 640 dicti
766 607 947 652 privilegii
969 607 1015 640 sit
1042 619 1111 640 una
1142 607 1250 639 sedes
1271 607 1489 648 communis,
1516 607 1553 640 in
1574 620 1643 653 qua
1665 608 1736 653 ipsi
1762 615 1836 642 tres
1866 609 2018 642 sedeant
2044 608 2165 650 simul,
2188 615 2224 642 et
2247 621 2320 642 non

452 685 546 706 unus
568 674 646 707 sine
667 674 749 715 alio,
774 674 831 707 vel
858 674 1018 718 deputati
1040 685 1104 706 seu
1126 673 1320 718 deputatus
1340 673 1384 705 ab
1410 673 1561 715 eisdem,
1580 686 1700 707 coram
1722 674 1855 720 quihus
1881 675 2100 720 conjunctim
2123 675 2321 708 terminen-

450 741 528 773 tur-'¹
552 752 659 772 cause
681 740 822 784 incepte
846 746 881 772 et
910 739 1099 772 incoande.
1124 740 1239 784 Super
1260 739 1393 784 quibus
1414 739 1584 773 omnibus
1606 747 1641 773 et
1665 741 1823 787 singulis
1851 741 1902 774 sic
1925 741 2114 786 responsis
2138 748 2173 774 et
2198 741 2317 783 dictis,

449 806 564 839 voluit
593 812 628 839 et
660 806 762 850 petiit
793 806 966 851 magister
993 805 1191 850 Dyonisius
1220 805 1393 847 Flatonis,
1425 812 1544 839 rector
1574 806 1668 840 dicte
1699 808 1955 841 Universitatis
1986 808 2217 849 Parisiensis,
2249 807 2319 841 sibi

451 872 596 905 nomine
619 872 712 904 dicte
734 872 988 905 Universitatis
1009 884 1073 916 per
1094 884 1174 912 nos,
1204 872 1365 905 notarios
1387 872 1555 917 publicos
1582 873 1847 919 infrascriptos,
1876 874 1956 907 fieri
1977 873 2163 919 publicum
2183 874 2320 907 instru-

450 945 623 979 mentum,
640 939 818 971 astantes⁸
836 945 871 971 et
891 945 1080 983 presentes
1104 938 1238 971 ibidem
1260 938 1297 970 in
1318 938 1445 971 horum
1471 939 1718 973 testimonium
1736 940 1950 974 invocando.
1973 941 2061 974 Acta
2085 941 2233 974 suerunt
2251 940 2319 974 hec

449 1016 556 1045 anno,
583 1016 720 1044 mense,
752 1005 821 1043 die,
851 1004 1064 1045 indictione,
1091 1004 1301 1049 pontificatu
1325 1011 1360 1037 et
1388 1004 1469 1038 loco
1497 1006 1684 1050 predictis,
1716 1006 1950 1051 presentibus
1979 1007 2023 1040 ad
2051 1006 2120 1040 hoc
2148 1007 2317 1041 discretis

447 1071 535 1103 viris
557 1071 713 1103 dominis
737 1077 771 1103 et
798 1071 982 1115 magistris
1006 1070 1151 1103 Odardo
1180 1070 1313 1111 Billeti,
1340 1071 1474 1104 Jacobo
1493 1072 1657 1114 Juvenis,
1685 1072 1850 1106 Johanne
1876 1073 1920 1106 de
1945 1073 2091 1115 Aciaco,
2116 1073 2251 1107 Jacobo
2271 1070 2317 1107 de

447 1136 680 1174 Paveillione,
700 1143 734 1169 et
753 1136 877 1169 multis
898 1136 978 1169 aliis
998 1136 1167 1178 testibus,
1190 1137 1234 1170 ad
1260 1137 1438 1182 premissa
1457 1138 1594 1171 vocatis
1617 1134 1825 1184 specialiter
1841 1145 1876 1172 et
1898 1139 2047 1185 rogatis.

537 1204 580 1235 Et
611 1214 679 1247 ego
712 1203 844 1247 Symon
875 1203 993 1235 dictus
1023 1203 1208 1245 Quinimo,
1237 1203 1393 1237 clericus
1422 1204 1609 1238 Tullensis
1639 1205 1819 1250 dyocesis,
1853 1205 2022 1251 publicus
2054 1205 2252 1251 apostolica
2281 1212 2316 1239 et

445 1268 622 1313 imperiali
643 1269 855 1301 auctoritate
876 1269 1052 1310 notarius,
1075 1269 1249 1314 curieque
1271 1270 1489 1304 Parisiensis
1505 1272 1662 1316 juratus,
1684 1277 1748 1305 etc.

534 1336 577 1367 Et
603 1346 671 1380 ego
694 1336 822 1368 Petrus
842 1335 1005 1380 Tuepain
1027 1335 1071 1368 de
1094 1335 1262 1378 Gressio,
1286 1336 1443 1370 clericus
1471 1337 1696 1371 Senonensis
1720 1338 1892 1379 diocesis,
1914 1338 2083 1384 publicus
2103 1338 2315 1372 auctoritate

443 1401 640 1446 apostolica
662 1408 697 1434 et
715 1401 892 1446 imperiali
914 1402 1089 1442 notarius,
1112 1407 1175 1435 etc.

536 1498 671 1529 Originale
687 1499 711 1522 in
726 1499 802 1522 Arch.
817 1499 938 1523 Univers.
955 1499 1050 1528 Paris.y
1064 1500 1132 1523 thee.
1147 1500 1191 1528 111,
1208 1501 1238 1523 Α.
1255 1500 1294 1524 12.
1310 1508 1333 1523 a.
1349 1514 1378 1517 —-
1389 1501 1526 1530 Jourdnin,
1543 1505 1572 1524 no
1586 1502 1641 1525 680.

535 1582 556 1604 1.
576 1581 650 1613 Orig.
666 1590 670 1604 z
689 1592 701 1603 α
717 1582 833 1605 canticas
850 1593 871 1605 ».
895 1597 925 1600 —
948 1584 971 1606 2.
996 1584 1160 1607 Rerum-dum
1184 1585 1215 1608 de
1235 1585 1316 1614 Mezo,
1337 1585 1370 1608 ab
1386 1593 1427 1609 an.
1444 1586 1515 1615 1360,
1531 1586 1659 1610 Novemb.
1673 1587 1702 1610 24
1715 1588 1777 1617 (non
1792 1588 1868 1619 Aug„
1887 1590 1917 1611 ut
1931 1588 1957 1611 in
1974 1588 2046 1612 Gall.
2062 1588 2178 1618 christu),
2191 1588 2314 1614 abbatem

442 1623 514 1656 (Reg.
530 1627 610 1649 Aven.
628 1627 715 1650 Innoc.
733 1627 776 1655 Vl,
793 1628 844 1651 vol.
869 1627 959 1656 XXIII,
979 1629 1022 1651 sol.
1049 1629 1130 1658 1o2b),
1153 1632 1215 1660 post
1232 1629 1438 1661 resignationem
1457 1630 1586 1654 Johannis
1604 1631 1635 1654 de
1653 1631 1793 1663 Bruyeres.
1811 1633 1877 1663 Aug.
1894 1633 1932 1656 25.
1948 1646 1980 1650 —
1993 1634 2016 1656 3.
2033 1632 2090 1656 Vid.
2111 1632 2212 1656 bullam
2231 1633 2312 1658 Clem.

441 1669 494 1697 VL,
510 1677 551 1693 nn.
570 1670 638 1698 1343,
660 1670 686 1693 in
704 1671 841 1700 Chartul„
858 1672 891 1700 II,
908 1676 936 1694 n⁰
951 1672 1020 1695 1068.
1034 1687 1062 1690 —
1079 1674 1102 1696 4.
1120 1673 1193 1704 Orig.
1208 1681 1212 1696 :
1231 1682 1242 1696 «
1259 1674 1429 1698 nominantur
1444 1683 1465 1697 n.
1479 1688 1508 1692 —-
1522 1677 1544 1699 5.
1560 1675 1634 1706 Orig.
1654 1683 1658 1698 z
1677 1684 1688 1698 (ι
1700 1679 1858 1699 revocantur
1871 1685 1892 1699 n.
1912 1690 1939 1694 υ
1957 1678 1980 1700 6.
1998 1676 2072 1708 orig.
2086 1685 2091 1700 τ
2104 1687 2118 1699 «
2129 1677 2226 1701 durant
2241 1685 2262 1701 υ.
2282 1690 2314 1696 —-

441 1714 463 1736 7.
479 1713 552 1745 Orig.
566 1722 571 1737 2
588 1723 599 1737 «
611 1714 737 1738 coniutim
751 1715 928 1739 terminantur
942 1726 963 1739 ».
978 1731 1007 1734 -—
1023 1718 1045 1740 8.
1062 1717 1135 1748 Orig.
1154 1725 1159 1740 ·.
1178 1727 1189 1740 «
1203 1721 1318 1742 ostentes
1335 1727 1357 1742 2³.

448 1919 589 1956 1255.
613 1929 716 1954 Rector
735 1930 934 1956 Universitatis
949 1932 1103 1967 Dionysius
1119 1932 1471 1969 Flatonis;juramentum
1484 1935 1648 1971 praepositi
1662 1935 1756 1961 Paris.

1533 2027 1602 2056 1361,
1617 2027 1706 2052 Martii
1718 2027 1767 2056 19,-
1779 2027 1850 2052 ‹lum't'
1863 2026 1900 2056 13,
1915 2026 2028 2053 Parisiis.

531 2102 636 2135 Anno
663 2104 807 2135 Domini
835 2106 952 2145 1361',
984 2107 1024 2138 19
1050 2107 1180 2148 Martii,
1203 2108 1270 2141 fuit
1298 2109 1436 2142 electus
1464 2110 1501 2142 in
1528 2116 1706 2143 rectorem
1732 2110 1905 2154 magister
1932 2109 2130 2154 Dyonisius
2151 2108 2311 2143 Flatonis

443 2167 487 2200 de
507 2169 674 2209 Varedis,
698 2169 897 2203 Meldensis
918 2171 1098 2216 dyocesis,
1122 2173 1159 2206 in
1178 2175 1283 2219 cujus
1304 2176 1459 2209 rectoria
1479 2175 1565 2209 licet
1585 2176 1687 2221 plura
1703 2183 1778 2209 acta
1798 2176 1945 2217 fuerint,
1968 2182 2087 2208 tamen
2107 2175 2153 2208 ob
2174 2187 2311 2208 memo-

444 2234 531 2266 riam
553 2235 753 2267 suturorum
775 2236 842 2269 hoc
863 2237 992 2270 factum
1015 2239 1051 2270 in
1073 2240 1237 2283 ejusdem
1260 2228 1414 2275 rectoria
1435 2249 1491 2275 est
1511 2242 1568 2275 hic
1594 2242 1771 2276 insertum
1795 2254 1802 2275 :
1824 2242 2007 2283 videlicet,
2029 2242 2126 2286 quod
2147 2241 2311 2287 quamvis

445 2300 652 2344 prepositus
678 2313 793 2334 novus
815 2303 1031 2336 parisiensis
1052 2312 1199 2338 vocatus
1227 2307 1358 2340 fuisset
1379 2307 1517 2352 pluries
1538 2308 1582 2341 ad
1602 2308 1924 2353 congregationem
1954 2307 2183 2353 generalem²
2204 2319 2311 2340 causa

441 2365 637 2409 juramenti
667 2367 765 2399 soliti
792 2369 958 2410 faciendi,
982 2371 1125 2403 tandem
1152 2372 1308 2406 finaliter
1328 2386 1422 2407 anno
1444 2386 1515 2419 quo
1537 2386 1647 2419 supra
1667 2381 1701 2407 et
1730 2375 1790 2419 xiij
1813 2374 1951 2407 mensis
1971 2374 2070 2407 Junii
2090 2373 2209 2407 dictus
2229 2385 2311 2419 pre-

446 2431 587 2475 positus
602 2433 737 2476 juravit
757 2435 998 2478 punctualiter
1018 2437 1202 2482 sigillatim
1225 2446 1259 2472 et
1279 2440 1513 2474 dearticulate
1534 2452 1661 2474 omnes
1682 2441 1854 2474 articulos
1875 2447 1911 2474 et
1930 2440 2108 2486 quidquid
2128 2440 2165 2472 in
2184 2445 2310 2474 nostro

446 2497 638 2542 privilegio
664 2500 785 2544 regio³
807 2502 1025 2543 continetur,
1055 2505 1218 2547 quamvis
1248 2505 1386 2550 pluries
1414 2513 1633 2549 recusasset,
1665 2507 1899 2552 presentibus
1928 2507 1973 2539 ad
2001 2506 2070 2539 hoe
2095 2506 2132 2538 in
2153 2505 2309 2551 capitulo

447 2561 609 2596 Fratrum
640 2565 908 2599 Predicatorum
937 2574 1019 2612 post
1048 2580 1266 2612 sermonem,
1294 2572 1413 2616 quoad
1439 2572 1632 2618 theologos
1653 2585 1748 2618 mag.
1771 2572 1953 2614 ROLberto]
1977 2572 2021 2605 de
2041 2571 2307 2617 Corb[eya]⁴....

539 2659 605 2683 Mus.
621 2660 739 2684 Britann.
756 2670 804 2685 ms.
821 2663 880 2686 add.
896 2664 979 2692 17304,
997 2665 1041 2688 fol.
1057 2665 1127 2689 142b.
1146 2681 1173 2684 —
1189 2667 1312 2697 Bulaeus,
1329 2669 1370 2698 lv,
1387 2670 1440 2693 364.

538 2742 559 2764 1.
579 2742 683 2766 Minime
699 2745 841 2768 secundum
853 2746 940 2770 stilum
956 2747 1129 2778 Gallicanum,
1145 2751 1190 2774 sed
1204 2760 1255 2775 sec.
1268 2761 1346 2776 usum
1359 2762 1532 2783 communem,
1547 2763 1606 2777 cum
1621 2754 1762 2786 Dionysius
1775 2762 1817 2778 an.
1831 2753 1901 2782 1361,
1917 2752 2102 2782 Martii-Junii,
2118 2755 2204 2776 rector
2217 2751 2312 2776 fuisset

443 2785 506 2815 (vid.
523 2793 604 2817 supra
617 2788 650 2810 ad
663 2788 744 2819 April.
762 2790 794 2818 6),
810 2793 835 2813 et
851 2799 862 2812 «
878 2799 960 2814 novus
978 2800 988 2814 1:r
1004 2794 1182 2824 praepositus,
1200 2796 1257 2820 scil.
1277 2797 1409 2821 Johannes
1426 2799 1542 2827 Bernier,
1563 2807 1578 2822 a
1593 2799 1622 2822 18
1637 2799 1699 2822 Maii
1714 2807 1755 2822 an.
1773 2799 1831 2821 1361
1850 2799 1942 2829 (usque
1959 2797 2025 2826 1367,
2039 2797 2111 2828 Sept.
2126 2797 2149 2826 3)
2163 2796 2247 2820 officio
2261 2803 2310 2820 um

443 2830 547 2853 functus
564 2831 606 2854 sit.
618 2846 647 2849 —
660 2833 683 2855 2.
697 2833 744 2856 Ms.
759 2834 832 2856 addit
847 2843 858 2857 <t
872 2839 1029 2859 convocatus
1044 2846 1064 2859 ›J.
1077 2852 1107 2855 —
1119 2839 1140 2861 3.
1155 2839 1272 2871 Philippi
1288 2842 1400 2873 Augusti
1415 2842 1442 2865 in
1455 2843 1561 2872 Chart„
1577 2843 1596 2871 Ι,
1613 2847 1642 2866 n⁰
1654 2844 1675 2866 1.
1692 2843 1730 2866 Ad
1745 2843 1808 2866 haec
1818 2842 1873 2866 vid.
1889 2842 1958 2865 infra
1970 2841 2004 2865 ad
2019 2849 2061 2865 an.
2078 2841 2148 2871 1367,
2161 2840 2253 2865 Octob.
2269 2840 2308 2864 10.

443 2885 472 2890 --
486 2874 509 2897 4.
524 2874 581 2898 Vid.
599 2875 630 2899 de
645 2876 703 2907 ipso
721 2877 857 2907 Chartul.,
873 2879 905 2908 ΙΙ,
922 2879 1054 2910 Iudicem,
1069 2885 1094 2905 et
1108 2882 1135 2905 in
1150 2883 1199 2906 hoc
1214 2885 1266 2908 vol.
1285 2886 1403 2909 Aliorum
1418 2887 1525 2910 testium
1541 2887 1647 2911 nomina
1660 2887 1763 2911 desunt.

572 2919 610 2943 10.
