2488 3386
178 317 272 353 1379]
593 330 639 351 AB
674 330 780 351 ANNO
815 329 946 351 MCCCL
976 329 1106 357 USQUE
1143 331 1190 351 An
1226 331 1489 353 BENEDIGTUM
1525 332 1615 353 Χιιι.
1970 324 2034 356 245

264 405 351 436 Item
372 415 452 436 cum
474 403 510 435 in
532 403 625 436 dicta
646 403 888 436 Universitate
996 403 1066 435 sint
1098 403 1199 447 plura
1225 403 1379 449 collegia
1408 405 1678 449 religiosorum,
1703 418 1766 449 pro
1790 407 1913 450 majori
1936 414 2033 451 parte

174 470 318 503 fundata
349 482 413 515 per
439 469 719 502 constitutiones
745 476 855 502 sanct.
887 481 936 501 re.
967 470 1154 502 Benedicti
1187 482 1275 514 pape
1306 472 1408 511 Xll⁷,
1434 478 1466 503 et
1500 471 1662 515 religiosi
1692 472 1727 503 in
1756 472 1845 516 ipsis
1867 473 2033 517 collegiis

175 537 343 570 destinati
380 543 528 582 propter
560 536 736 569 librorum
772 536 963 568 deffectum
1002 536 1177 580 proficere
1215 544 1397 581 nequeant
1439 544 1475 569 ut
1516 538 1673 577 deceret,
1710 539 1879 582 quatinus
1917 540 2031 571 cidem

175 603 247 636 filie
268 610 388 636 vestre
410 603 612 636 concedere
633 603 846 647 dignemini,
871 609 908 635 ut
934 602 970 634 in
992 602 1149 647 singulis
1171 604 1401 635 monasteriis
1430 603 1511 635 libri
1534 603 1730 648 theologie,
1754 605 1849 648 juris
1870 607 2032 638 canonici

175 677 210 703 et
229 670 360 710 civilis,
383 669 640 715 religiosorum
669 669 805 702 eisdem
836 669 1066 702 monasteriis
1094 669 1248 701 mediate
1270 669 1327 701 vel
1355 670 1559 702 immediate
1587 670 1833 714 subjectorum
1856 672 2035 704 deceden-

175 737 260 770 tium
283 736 417 769 ibidem
439 737 482 769 ad
509 736 665 781 collegia
696 735 764 768 sub
791 736 882 780 ipsis
910 736 1140 768 monasteriis
1167 736 1312 768 fundata
1345 737 1569 780 perveniant,
1591 737 1636 768 ita
1664 737 1760 781 quod
1791 749 1856 769 nec
1885 738 2032 770 distrahi

174 815 239 836 nec
261 803 473 836 commutari
493 803 646 842 valeant,
669 803 740 835 nisi
771 815 835 847 per
860 802 1166 835 deliberacionem
1196 802 1358 847 predicte
1386 802 1458 835 filie
1485 810 1660 835 vestre...
1682 824 1725 826 —
1746 804 1968 836 Concessum
1991 806 2034 837 de

173 870 277 902 libris
298 870 352 902 eis
373 870 465 902 datis
482 869 539 903 vel
561 882 683 902 eorum
707 869 886 902 industria
907 869 1107 914 acquisitis.

262 937 349 969 Item
376 948 456 969 cum
483 937 643 981 predicta
671 936 742 969 filia
764 943 882 969 vestra
915 936 1017 981 plura
1045 943 1077 968 et
1110 936 1252 968 diversa
1282 936 1470 981 privilegia
1501 936 1673 978 obtineat,
1702 937 1785 969 olim
1815 950 1832 970 a
1865 938 2035 982 predictis

174 1003 500 1048 predecessoribus
521 1003 653 1036 vestris
675 1010 710 1036 et
730 1003 946 1048 quibusdam
969 1003 1167 1048 apostolice
1195 1003 1294 1036 sedis
1323 1003 1453 1047 legatis
1481 1003 1633 1044 indulta,
1655 1015 1766 1048 super
1787 1004 1919 1048 quibus
1946 1017 2035 1037 nun-

174 1070 257 1103 dum
279 1070 344 1103 fuit
366 1071 410 1103 de
432 1077 624 1103 executore
651 1070 850 1115 provisum,
878 1070 1014 1115 placeat
1035 1070 1152 1102 eidem
1175 1070 1354 1102 sanctitati
1378 1076 1498 1102 vestre
1527 1070 1611 1102 dare
1643 1077 1676 1102 et
1706 1071 1878 1115 deputare
1906 1084 2034 1104 execu-

173 1143 287 1169 torem
323 1149 387 1169 seu
424 1144 637 1170 executores
672 1137 831 1169 omnium
868 1143 903 1169 et
937 1136 1164 1181 singulorum
1202 1136 1491 1181 privilegiorum,
1527 1137 1563 1168 in
1595 1144 1713 1169 vestra
1743 1138 2035 1170 vicecancellaria

173 1203 448 1236 declarando...
465 1225 509 1228 -
529 1204 754 1237 Concessum
776 1204 812 1236 in
833 1204 959 1236 forma.

262 1272 349 1303 Item
372 1271 466 1303 sicut
485 1271 531 1303 fe.
554 1282 604 1303 re.
628 1271 776 1315 pretacti
798 1270 997 1303 sanctitatis
1018 1277 1137 1303 vestre
1160 1270 1443 1315 predecessores
1465 1270 1614 1302 eandem
1643 1270 1748 1303 liliam
1772 1278 1924 1303 vestram
1956 1283 2037 1316 pro-

172 1344 251 1382 pter
268 1338 510 1382 ingentiorem
532 1338 649 1382 ipsius
671 1337 918 1370 excellentiam
943 1337 1147 1382 potioribus
1168 1337 1376 1370 attollentes
1398 1337 1583 1382 insigniis,
1610 1344 1643 1370 ut
1673 1338 1819 1382 primam
1843 1345 1876 1370 et
1906 1339 2038 1382 primo—

171 1404 329 1449 genitam
351 1404 554 1437 studiorum
577 1405 709 1437 ceteris
731 1404 862 1437 studiis
884 1404 1118 1449 generalibus
1146 1404 1384 1449 pretulerunt,
1413 1411 1445 1436 et
1475 1404 1649 1436 hactenus
1679 1405 1904 1449 prerogativa
1931 1405 2037 1437 deco-

171 1477 341 1503 raverunt
370 1471 563 1515 gratiarum
599 1483 604 1503 :
638 1471 689 1503 sic
720 1471 909 1516 dignetur⁸
944 1472 1056 1504 ell'usa
1084 1471 1296 1503 felicissime
1331 1470 1566 1503 beatitudinis
1594 1478 1713 1503 vestre
1748 1471 1959 1510 liberalitas,
1995 1484 2035 1504 ex

171 1537 317 1570 celestis
347 1538 477 1582 irrigui
510 1538 609 1570 fonte
641 1538 894 1582 progrediens,
927 1538 1040 1582 ipsam
1068 1538 1159 1570 sicut
1188 1537 1377 1582 hucusque
1408 1549 1552 1581 semper
1582 1537 1737 1570 obtinuit
1768 1538 1885 1581 quoad
1920 1538 2034 1570 datam

171 1605 303 1637 ceteris
327 1605 485 1649 preferre
515 1604 851 1646 Universitatibiis⁹,
876 1611 911 1637 ut
933 1617 951 1637 a
972 1611 1091 1637 vestre
1115 1605 1331 1649 dignissime
1358 1604 1540 1636 felicitatis
1566 1604 1728 1649 auspicio
1757 1611 1965 1637 consuetam
1997 1617 2035 1637 se

171 1671 325 1716 gaudeat
348 1671 504 1704 retinere
526 1671 787 1716 prerogativam
811 1678 846 1704 et
866 1671 1038 1716 ampliora
1060 1672 1254 1715 gratiarum
1279 1671 1450 1716 percipiat
1473 1671 1707 1703 incrementa.

261 1739 348 1771 Item
371 1738 551 1783 supplicat
571 1738 687 1770 eidem
710 1739 889 1771 sanctitati
906 1745 1025 1771 vestre
1048 1738 1208 1783 predicta
1230 1738 1358 1771 devota
1380 1738 1451 1770 filia
1468 1745 1586 1771 vestra
1612 1738 1847 1779 Universitas,
1867 1738 2034 1782 quatinus

171 1805 207 1838 in
234 1817 423 1850 personam
451 1805 663 1838 devotorum
693 1812 874 1838 oratorum
898 1812 1100 1838 vestrorum
1129 1805 1382 1850 magistrorum
1412 1812 1443 1837 et
1471 1805 1663 1837 scolarium
1694 1805 1840 1849 collegii
1869 1806 2034 1838 Camera-

171 1872 305 1913 censis,
331 1872 478 1917 collegii
506 1872 746 1913 Turonensis,
773 1871 919 1917 collegii
951 1873 995 1905 de
1029 1873 1175 1905 Becoud
1207 1884 1246 1904 ac
1277 1872 1423 1917 collegii
1452 1872 1496 1904 de
1528 1872 1715 1916 Boysiaco,
1747 1872 1875 1904 miSsas
1906 1879 1937 1904 et
1968 1872 2033 1904 alia

172 1939 292 1972 divina
313 1939 427 1971 officia
447 1951 526 1971 cuin
548 1946 630 1972 nota
652 1946 686 1972 et
707 1939 810 1972 etiam
834 1939 913 1972 sine
936 1946 1017 1972 nota
1039 1939 1208 1984 quotiens
1234 1951 1358 1971 corum
1382 1939 1566 1972 devotioni
1588 1939 1800 1978 occurrerit,
1819 1939 1855 1970 in
1877 1940 2033 1971 oratorio

172 2017 236 2038 seu
256 2006 392 2051 capella
414 2013 473 2039 aut
494 2006 529 2038 in
551 2006 630 2038 loco
654 2006 788 2039 mundo
806 2013 839 2039 et
857 2006 1010 2039 honesto
1029 2006 1158 2038 domus
1176 2006 1370 2050 cujuslibet
1390 2006 1551 2051 ipsorum
1569 2005 1807 2050 collegiorum
1826 2005 2033 2037 celebrandi

172 2085 236 2117 per
263 2073 471 2106 sacerdotes
496 2073 660 2117 ydoneos
686 2073 870 2106 seculares
899 2073 955 2106 vel
984 2073 1192 2117 religiosos,
1220 2073 1397 2105 celebrari
1422 2073 1577 2105 faciendi
1606 2079 1638 2104 et
1666 2072 1916 2104 eucharistiam
1944 2073 2033 2104 reci-

171 2139 350 2185 piendi....
365 2140 389 2156 ¹⁰
412 2146 586 2184 perpetuo
608 2140 787 2172 licentiam
811 2140 1000 2185 impertiri.
1017 2163 1061 2168 —
1077 2141 1315 2173 Concessum.

261 2208 349 2239 Item
370 2219 449 2239 cum
472 2207 725 2239 sanctissimus
747 2207 916 2239 dominus
938 2208 1173 2240 Innocentius
1196 2220 1283 2252 papa
1306 2213 1454 2251 quartus
1481 2207 1679 2239 sanctitatis
1701 2213 1818 2239 vestre
1847 2206 2033 2251 predeces-

172 2285 246 2315 sor,
267 2273 362 2318 juris
390 2273 537 2306 lucerna
559 2280 593 2306 et
623 2274 846 2306 studentium
875 2274 1300 2319 propagatormirificus,
1325 2274 1441 2305 eidem
1474 2273 1545 2305 filie
1572 2280 1690 2306 vestre
1719 2280 1814 2305 certa
1847 2272 2033 2317 privilegia

172 2340 331 2385 gratiose
348 2340 586 2381 concesserit,
605 2347 639 2373 et
655 2341 749 2373 inter
766 2348 883 2373 cetera
901 2341 1093 2374 indulserit
1115 2342 1193 2373 ....¹¹
1217 2353 1255 2373 ac
1278 2340 1424 2373 cuilibet
1448 2341 1607 2384 ipsorum
1632 2340 1735 2372 trium
1760 2339 2031 2384 privilegiorum

173 2418 245 2440 rev.
274 2407 310 2439 in
332 2406 478 2440 Christo
501 2413 634 2451 patrem
658 2407 754 2439 dom.
780 2407 991 2452 episcopum
1015 2407 1275 2440 Silvanectens.
1302 2407 1539 2451 deputaverit,
1564 2419 1605 2438 ex
1633 2418 1699 2450 qua
1728 2406 1920 2450 sepissime
1948 2417 2032 2437 eon-

172 2474 306 2518 tigerit,
337 2474 443 2506 sicuti
474 2480 508 2506 et
538 2486 645 2515 nunc,
676 2474 772 2518 quod
794 2481 940 2507 vacante
971 2475 1063 2507 dicta
1094 2475 1180 2507 sede
1210 2474 1443 2519 episcopali¹‘2
1477 2473 1627 2518 predicti
1654 2473 1841 2505 studentes
1869 2479 2032 2504 carentes

172 2547 427 2574 conservatore
452 2541 642 2573 antedictis
663 2548 844 2585 nequeant
865 2542 1024 2586 gaudere
1046 2541 1263 2586 privilegiis,
1286 2541 1454 2585 quatinus
1482 2552 1549 2572 una
1571 2552 1650 2571 cum
1674 2540 1768 2571 dicto
1790 2539 1936 2571 domino
1959 2539 2032 2583 epi-

173 2619 282 2652 scopo
300 2608 392 2640 duos
409 2607 499 2640 alios
516 2615 792 2640 conservatores
814 2620 878 2640 seu
896 2608 1056 2653 collegas
1078 2608 1114 2640 in
1132 2608 1331 2640 sanctitatis
1348 2614 1467 2639 vestre
1486 2606 1778 2639 vicecancellaria
1796 2605 2031 2637 declarandos

172 2686 251 2706 cum
291 2674 351 2706 illa
381 2674 540 2707 clausula
571 2675 736 2719 quatinus
760 2686 819 2708 vos
847 2675 900 2708 vel
930 2675 1011 2715 cluo,
1042 2681 1123 2715 ete,
1155 2675 1359 2719 dignetur¹³
1392 2673 1554 2717 ejusdem
1588 2672 1795 2704 beatissime
1833 2672 2030 2703 sanctitatis

171 2747 290 2773 vestre
312 2740 519 2785 benignitas
541 2741 576 2773 in
599 2753 818 2785 unoquoque
837 2741 1013 2774 dictorum
1037 2742 1141 2774 trium
1166 2741 1437 2785 privilegiorum
1462 2739 1666 2784 specialiter
1683 2739 1867 2783 deputare.
1884 2759 1925 2760 j
1942 2738 2031 2770 Con-

173 2818 329 2840 cessum.

262 2875 348 2906 Item
371 2886 451 2906 cum
473 2874 730 2906 monasterium
754 2875 933 2918 prioratus
956 2875 989 2907 S.
1015 2874 1147 2907 Juliani
1170 2873 1341 2918 Pauperis
1364 2873 1489 2912 Paris„
1516 2872 1601 2904 Ord.
1630 2871 1751 2911 Clun.,
1774 2871 1809 2902 in
1836 2882 1905 2914 quo
1933 2882 2031 2914 sepe-
