2488 3386
195 352 290 389 1363]
611 365 657 387 AB
691 364 796 386 ANNo
830 364 961 387 mecm,
994 364 1125 392 usQUE
1160 364 1207 386 AD
1242 365 1506 386 nsussnicrnm
1541 366 1630 387 xm.
1996 357 2051 388 101

192 439 258 472 sed
278 451 295 472 a
316 438 441 484 probis
462 445 497 471 et
517 438 587 471 fide
609 437 731 483 dignis
751 437 957 470 habuerunt
977 444 1011 470 et
1038 437 1171 470 habent
1191 444 1307 469 ortum
1330 437 1579 470 deferentibus
1601 451 1779 483 auresque
1808 447 1948 472 nostras
1976 440 2053 484 pul-

192 504 368 546 santibus,
387 517 459 538 non
481 504 593 537 semel
614 510 749 537 tantum
770 504 835 536 sed
857 515 943 548 sepe
966 510 999 536 et
1021 503 1158 548 sepius,
1181 503 1227 535 ita
1248 503 1345 547 quod
1367 503 1501 536 clamor
1523 504 1646 537 invicit
1667 512 1701 537 et
1723 505 1922 538 diffamacio
1943 507 2054 538 mani-

192 572 308 612 festat,
331 570 561 616 populusque
583 570 686 606 testis
708 572 773 613 est)
795 570 839 602 ad
860 581 941 610 nos,
959 569 1193 603 Gailhardum
1216 569 1368 609 Frezini,
1392 570 1616 614 prepositum
1639 571 1885 603 Bivarienscm
1907 573 2055 604 canoni-

191 649 345 682 cumque
362 636 700 677 Cathalaunensem,
719 643 755 669 et
772 636 945 669 vicarium
967 636 1004 668 in
1021 635 1272 680 spiritualibus
1293 636 1483 668 reverendi
1506 636 1542 667 in
1559 635 1704 669 Christo
1726 637 1837 681 patris
1858 650 1896 669 ac
1919 637 2054 669 domini

191 703 329 736 domini
350 702 613 736 Arehambaudi
637 702 702 735 Dei
724 709 758 735 et
782 702 980 747 apostolice
1002 702 1101 734 sedis
1125 701 1239 746 gratia
1260 701 1560 734 Cathalaunensis
1582 703 1757 747 episcopi,
1781 704 1932 747 ejusque
1955 716 2056 736 reve-

192 769 294 802 rendi
325 769 436 814 patris
463 769 750 802 commissarium
782 768 1006 813 spiritualem
1035 768 1071 800 in
1101 767 1165 800 hac
1196 774 1308 812 parte,
1337 767 1482 800 devenit
1509 768 1605 812 quod
1636 775 1685 807 tu,
1713 769 1822 801 frater
1848 769 1979 801 Jacobe
2011 770 2056 802 dc

191 835 347 874 Boscho,
370 836 407 868 in
434 834 764 880 predicacionibus,
792 834 925 879 quibus
956 841 1024 867 tam
1052 834 1088 866 in
1118 834 1176 866 die
1205 834 1287 866 festi
1318 834 1590 866 Purificacionis
1620 834 1723 867 beate
1754 835 1865 867 Mario
1891 836 2055 880 Yirgiuis

191 901 317 935 ultimo
338 901 513 946 preteriti,
536 901 573 933 in
594 901 747 933 ecclesia
768 901 945 933 dictorum
967 901 1115 933 fratrum
1136 900 1405 932 Predicatorum
1428 900 1770 933 Cathalaunensium
1794 913 1896 945 quam
1920 909 2000 934 ante
2022 909 2056 934 et

191 975 273 1013 post
293 968 373 1001 aliis
394 967 561 1012 pluribus
582 967 712 1000 diebus
733 973 768 1000 et
788 967 879 999 locis
902 967 1108 1011 predicasti,
1133 979 1172 999 ac
1194 978 1258 1011 pro
1285 966 1387 998 firmo
1414 973 1449 998 ct
1475 966 1575 999 firma
1604 966 1687 999 fidei
1709 967 1884 1000 catholice
1906 968 2055 1000 veritate

191 1035 353 1074 tenuisti,
374 1034 619 1067 beatissimam
639 1034 827 1078 Virginem
851 1034 998 1066 Mariam
1021 1033 1135 1066 fuisse
1156 1039 1365 1077 conceptam
1388 1033 1423 1064 in
1447 1040 1593 1077 peccato
1616 1033 1798 1078 originali,
1822 1041 1987 1078 tanquam
2012 1035 2056 1067 de

190 1101 261 1134 fide
282 1100 372 1134 male
393 1101 562 1134 senciens
583 1100 755 1133 addidisti
776 1100 873 1145 quod
901 1100 1051 1133 credere
1077 1100 1297 1132 contrarium
1326 1106 1401 1132 erat
1430 1106 1613 1144 peccatum
1646 1107 1680 1132 et
1707 1112 1827 1133 errare
1858 1101 1894 1132 in
1925 1100 1995 1133 fide
2023 1108 2058 1134 et

190 1174 314 1201 contra
335 1167 442 1200 fidem
465 1173 500 1200 et
519 1179 655 1200 sacram
679 1167 911 1212 Scripturam,
935 1166 1106 1211 quodque
1134 1166 1195 1211 qui
1216 1166 1260 1198 de
1289 1166 1527 1211 conceptione
1549 1166 1642 1198 dicte
1668 1167 1820 1199 Domine
1847 1167 2055 1200 beatissime

189 1234 354 1279 Virginis
374 1234 504 1266 festum
526 1233 716 1274 faciebant,
739 1233 906 1266 errabant
923 1232 1203 1282 vpeccabantque
1233 1232 1445 1282 mortaliter,
1472 1239 1506 1265 et
1534 1233 1631 1277 quod
1662 1233 1705 1265 de
1734 1233 1792 1266 tali
1818 1235 2056 1279 conceptione

190 1307 225 1333 et
245 1312 288 1333 ex
309 1300 369 1333 tali
390 1300 549 1340 materia,
568 1312 672 1344 quam
690 1299 797 1332 vilem
819 1299 1022 1340 asserebas,
1042 1311 1114 1331 non
1135 1305 1210 1332 erat
1229 1300 1360 1331 festum
1383 1299 1419 1331 in
1441 1299 1594 1331 ccclesia
1611 1299 1881 1341 celebrandum,
1900 1301 2055 1333 dicendo

190 1367 295 1400 etiam
317 1373 352 1399 et
377 1367 597 1411 predicando
619 1367 748 1399 dictam
770 1366 1013 1398 beatissimam
1034 1366 1223 1410 Virginem
1246 1366 1290 1398 de
1312 1365 1373 1398 vili
1396 1366 1541 1398 materia
1562 1373 1785 1410 conceptam,
1808 1367 2001 1411 dixistique
2024 1375 2058 1400 et

191 1433 384 1478 predicasti
415 1439 448 1466 te
475 1433 625 1465 credere
654 1444 824 1477 peccasse
853 1438 887 1464 ct
917 1444 1066 1477 peccare
1095 1431 1305 1471 mortaliter,
1330 1432 1400 1464 nisi
1431 1432 1606 1476 premissa
1628 1433 1856 1477 predicasscs
1878 1440 1910 1465 et
1937 1434 2056 1478 predi-

190 1511 305 1541 cares,
322 1511 367 1532 ne
385 1499 503 1532 fidelis
520 1511 558 1532 ac
575 1499 774 1532 catholicus
791 1511 880 1544 grex
897 1498 1069 1531 dominici
1086 1498 1171 1543 lupo
1190 1498 1351 1543 rapiente
1367 1498 1547 1543 leoneque
1565 1499 1731 1543 rugiente
1748 1512 1786 1531 ac
1803 1511 1890 1531 cane
1907 1500 2057 1532 latrante

190 1566 397 1604 devoretur,
426 1565 618 1606 inficiatur,
641 1566 799 1610 rapiatur
820 1572 855 1598 et
881 1565 1196 1606 circumveniatur,
1220 1565 1285 1597 sed
1313 1577 1330 1597 a
1359 1565 1532 1609 predictis
1558 1565 1744 1603 liberetur,
1768 1572 1803 1598 et
1830 1566 1926 1610 quod
1954 1566 1984 1598 si
2011 1566 2057 1598 ob

190 1633 257 1665 hoc
278 1632 442 1665 comburi
464 1639 499 1665 et
519 1632 609 1664 mori
631 1632 861 1664 deberes⁵....

283 1730 397 1754 Minuta
412 1738 532 1761 pergam.
548 1730 573 1753 in
587 1730 664 1754 Arch.
680 1733 735 1753 nat.
747 1730 840 1757 Puris.,
858 1731 891 1753 M.
907 1730 962 1759 67¹¹,
979 1735 1008 1752 11⁰
1020 1731 1059 1753 47.
1076 1730 1226 1753 Pertinebat
1241 1730 1274 1752 ad
1290 1730 1366 1753 Arch.
1380 1730 1456 1753 Univ.
1471 1730 1510 1759 (B.
1527 1731 1539 1752 7
1556 1731 1588 1758 a).
1601 1743 1627 1746 —
1640 1730 1796 1760 Quanquam
1809 1730 1840 1752 dc
1857 1730 1933 1753 rebus
1948 1730 2057 1753 Univer-

189 1774 275 1798 sitatis
290 1775 406 1806 propriis
422 1783 472 1798 non
489 1775 585 1806 agitur,
602 1775 628 1797 id
650 1775 834 1797 documentum
856 1774 1032 1805 judicavimus
1055 1774 1192 1802 edendum,
1210 1782 1269 1796 cum
1294 1774 1328 1796 sit
1350 1774 1375 1796 in
1401 1774 1492 1796 intima
1515 1774 1641 1796 relatione
1661 1782 1719 1796 rum
1735 1774 1868 1796 erroribus
1884 1774 2010 1796 Johannis
2026 1775 2057 1796 dc

189 1819 339 1842 Montesone
352 1823 376 1842 et
391 1819 542 1850 sequacium
558 1819 674 1850 ejusdem
690 1818 806 1847 Ordinis,
821 1819 853 1841 ab
870 1819 1046 1842 Universitate
1061 1818 1201 1846 damnatis,
1219 1819 1250 1841 de
1267 1818 1362 1849 quihus
1378 1818 1455 1847 intra,
1470 1819 1503 1841 ad
1519 1827 1561 1841 an.
1578 1819 1638 1841 1387
1655 1821 1679 1840 ct
1695 1827 1761 1849 sqq„
1779 1819 1830 1841 late
1846 1818 2015 1841 disseremus.

283 1904 306 1927 1.
320 1904 355 1926 De
367 1903 425 1934 ipso
440 1903 494 1926 vid.
512 1903 649 1932 Chartul.,
669 1903 700 1930 ΙΙ,
722 1912 749 1934 p.
771 1904 825 1929 637,
843 1906 896 1926 not.
913 1904 952 1926 16.
972 1903 1030 1926 Fuit
1046 1911 1116 1934 mag.
1135 1902 1228 1931 Paris.,
1244 1902 1381 1934 ipsiusque
1406 1906 1484 1933 atque
1509 1911 1577 1933 mag.
1594 1902 1694 1929 ιΙῑισοῦῑ,
1714 1902 1777 1925 Οι“(1.
1798 1903 1904 1926 Ercmit.
1929 1904 1955 1926 S.
1978 1904 2056 1934 Aug„

189 1947 391 1971 commentarius
411 1947 438 1970 in
453 1947 667 1970 Ecclesiasticum
685 1947 798 1970 habetur
815 1947 841 1970 in
863 1947 931 1970 Bibl.
954 1947 1093 1975 Mazarffle,
1116 1955 1164 1970 ms.
1181 1948 1210 1969 80
1227 1947 1320 1976 (Catul.
1338 1947 1465 1975 Molinicr,
1483 1951 1511 1969 11⁰
1528 1948 1592 1976 233).
1610 1960 1637 1964 —
1651 1948 1674 1970 2.
1694 1947 1728 1969 De
1750 1947 1807 1977 ipso
1827 1947 1904 1970 etiam
1929 1947 2006 1970 infru.
2027 1961 2054 1964 —

188 1993 210 2015 3.
225 1992 302 2015 Deest
320 1991 345 2014 in
363 1991 435 2016 Gall.
454 1992 563 2020 Christ„
581 1992 622 2020 lx,
638 1993 693 2015 903.
710 2005 736 2009 —
752 1994 775 2015 4.
795 1991 982 2014 Archambaldi
1001 1991 1032 2014 de
1053 1991 1184 2020 Lautrico,
1201 2000 1243 2015 an.
1263 1992 1332 2020 1348,
1349 1992 1475 2014 Novemb.
1492 1992 1530 2019 14,
1550 2000 1608 2013 cum
1625 1994 1693 2014 essct
1709 1999 1765 2014 cau.
1781 1991 1875 2019 Paris.,
1891 1991 1971 2022 episc.
1985 1992 2054 2014 Vnu-

188 2044 259 2060 rens.
275 2037 348 2067 (Reg.
363 2036 462 2059 comm.
479 2036 559 2059 Clem.
572 2036 615 2067 Vl,
632 2040 660 2058 n⁰
673 2036 726 2065 188,
741 2036 758 2059 Γ.
774 2037 823 2065 69),
838 2044 880 2059 an.
897 2035 966 2065 1357,
977 2036 1086 2059 Januar.
1103 2036 1139 2065 11,
1155 2036 1277 2058 translati
1291 2036 1323 2058 ad
1340 2036 1477 2059 Catalaun.
1492 2036 1554 2058 veel.
1570 2037 1642 2066 (Βοὲς.
1655 2037 1734 2059 Aven.
1750 2036 1837 2059 Innoc.
1854 2036 1895 2064 w,
1910 2036 1959 2058 vol.
1977 2036 2053 2059 XVII.

190 2082 207 2104 s.
224 2080 305 2110 2071’).
320 2094 351 2098 —
368 2082 391 2104 5.
408 2080 516 2111 Reliqua
531 2080 633 2105 desunt.

193 2207 333 2243 1273.
361 2215 473 2241 Urbano
495 2216 519 2242 V
534 2215 681 2251 supplicat
702 2217 873 2242 universitas
898 2217 1020 2242 civitatis
1044 2217 1176 2242 Avenion.
1205 2220 1346 2249 quatenus
1366 2218 1485 2249 fratrem
1510 2215 1645 2240 Jacobum
1670 2215 1815 2248 Damiani,
1844 2215 1908 2240 ord.
1934 2216 2050 2240 Erenut.

278 2266 304 2290 S.
322 2266 405 2299 Aug„
429 2264 630 2290 baccalareum
645 2265 674 2290 in
694 2274 781 2290 sacra
802 2265 945 2299 theologia
959 2266 1023 2300 jam
1046 2267 1211 2299 formatum,
1230 2265 1279 2300 qui
1300 2265 1425 2290 Parisiis
1441 2268 1565 2300 quatuor
1586 2264 1674 2289 libros
1691 2264 1901 2289 Sententiarum
1925 2266 2053 2299 perfecte

275 2313 423 2339 ordinatos
447 2313 517 2347 legit
540 2322 574 2338 ac
587 2313 767 2348 postmodnm
790 2313 895 2339 ibidem
910 2314 1048 2348 magister
1064 2313 1239 2339 studentium
1262 2323 1388 2346 maneus,
1411 2322 1486 2338 more
1508 2313 1593 2338 solito
1612 2313 1727 2338 scholas
1751 2312 1873 2337 visitavit
1889 2321 1922 2337 ao
1946 2316 2052 2338 celer-os

275 2371 343 2387 suos
359 2371 458 2388 cursus
479 2362 557 2396 fecit,
576 2362 714 2387 mandare
729 2362 862 2396 dignetur
886 2362 1057 2388 cancellario
1087 2362 1284 2388 Universitatis
1300 2362 1475 2387 Purisieusis
1496 2365 1526 2386 ut
1547 2361 1726 2397 praedictum
1749 2364 1785 2395 sr.
1803 2361 1946 2394 Jacobum,
1970 2370 2051 2395 quem

276 2410 371 2436 adhuc
382 2419 436 2446 per
451 2411 601 2436 triennium
618 2415 786 2446 exspectare
806 2415 915 2447 oportet
935 2415 1089 2446 antequam
1105 2411 1232 2445 rigorose
1248 2411 1276 2436 in
1291 2411 1369 2436 dicta
1385 2410 1527 2444 facultate
1543 2410 1637 2436 valeat
1653 2410 1848 2444 magisterium
1864 2409 1997 2445 adipisci,
2012 2409 2052 2434 ad

276 2459 471 2493 magisterium
488 2459 516 2484 in
528 2459 682 2495 praedicta
704 2459 848 2494 facultate
867 2459 1004 2485 admittat
1024 2463 1051 2485 et
1070 2459 1208 2495 eoepediat
1229 2463 1297 2485 ante
1311 2461 1416 2493 festum
1433 2459 1600 2484 Nativitatis
1619 2459 1733 2484 Domini
1750 2459 1880 2494 proaelme
1898 2462 2048 2484 venturum.

276 2523 310 2527 —
325 2508 394 2534 Fiat.
413 2509 443 2534 B.
458 2523 492 2526 —
507 2509 616 2534 Datum
633 2508 773 2534 Avinione
788 2509 911 2542 septimo
926 2509 965 2534 id.
980 2509 1084 2538 Martii,
1099 2516 1176 2534 anno
1189 2508 1295 2542 primo.

1508 2557 1582 2585 1363,
1599 2556 1688 2581 Martii
1705 2557 1730 2581 9.

280 2645 343 2676 ch.
356 2645 413 2668 Vnt.
432 2645 524 2676 suppl.
542 2645 642 2668 Urbani
659 2645 686 2673 V,
703 2653 745 2668 an.
763 2646 785 2673 1,
800 2654 826 2676 p.
841 2646 863 2674 3,
881 2646 925 2669 sol.
942 2646 980 2668 53.
996 2659 1026 2662 —
1042 2646 1070 2668 In
1086 2646 1148 2676 Reg.
1163 2646 1222 2668 Vnt.
1238 2646 1317 2668 Aven.
1334 2645 1398 2667 Urb.
1411 2645 1439 2672 V,
1455 2645 1505 2667 vol.
1523 2644 1552 2675 V,
1571 2644 1614 2666 fol.
1631 2644 1701 2670 1881),
1719 2646 1802 2666 exstat
1816 2643 1864 2665 suh
1880 2643 1968 2665 cadi-m
1984 2645 2046 2664 tvm-

187 2688 259 2719 poris
275 2692 335 2712 nota
352 2689 503 2712 mundatum
519 2689 693 2720 apostolicum
707 2690 739 2712 ad
754 2689 921 2719 (Grimcrium
938 2689 1076 2719 Bonisucii)
1088 2689 1274 2712 cancellarium
1291 2689 1373 2712 Paris.
1391 2697 1402 2711 «
1417 2688 1470 2711 Viri
1487 2696 1560 2711 sacre
1574 2688 1692 2710 lectionis
1710 2696 1731 2710 υ.
