2488 3386
475 337 537 368 202
1043 343 1361 366 CHARTULARIUM
1396 341 1586 364 UN1VERS.
1622 340 1751 362 PARls.
2094 355 2097 357 μ
2233 325 2332 362 [1372

475 419 670 452 statutis...
694 419 779 451 dicti
801 418 966 451 studii...
990 429 1061 449 non
1083 416 1367 456 obstantibus...,
1391 415 1454 448 tibi
1480 414 1691 447 auctoritate
1717 413 1939 458 presentium
1969 412 2012 444 de
2040 411 2189 456 speciali
2218 412 2331 457 gratia

474 485 719 530 indulgemus.
743 486 819 517 Dat.
843 485 1021 517 Avinione
1042 496 1063 516 v
1084 483 1151 516 kal.
1175 483 1373 522 Februarii,
1396 494 1488 515 anno
1511 480 1685 514 secundo.

566 582 628 612 Reg.
640 582 696 604 vat.
714 582 791 604 Aven.
807 581 926 611 Gregorii
943 581 983 608 ΧΙ,
996 581 1047 603 vol.
1065 581 1115 608 XV,
1134 580 1176 602 sol.
1195 580 1247 602 185.
1260 594 1287 596 —
1301 580 1356 602 Non
1372 579 1492 602 obstante
1506 578 1629 601 mandato
1642 577 1787 609 apostolico
1801 576 1920 599 nonnulli
1936 576 2055 599 doctores
2070 576 2234 607 praedictum
2249 577 2335 600 Ferri-

472 634 529 648 cum
547 634 556 648 (ι
574 626 719 649 Cassunelli
734 634 744 647 υ
760 625 960 656 impediverunt,
975 628 1000 647 et
1014 624 1156 655 Gregorius
1172 624 1262 647 eodem
1278 631 1355 652 anno,
1368 623 1487 646 Deeemb.
1505 623 1543 652 17,
1560 622 1716 645 cancellario
1730 621 1814 645 Paris.
1829 621 1924 644 iterum
1942 619 2050 651 scripsit
2066 621 2137 651 (Reg.
2154 621 2211 644 Vat.
2225 621 2333 650 Secret.‚

472 674 500 692 n⁰
517 671 569 697 268,
589 670 632 693 sol.
647 671 700 698 229)
728 680 740 690 «
758 670 861 692 Dudum
878 678 926 700 pro
940 672 1047 700 parte».

565 754 586 776 1.
605 754 652 777 An.
677 754 746 781 1369,
765 753 890 776 Novemb.
907 754 944 782 25,
961 753 986 775 in
1002 760 1094 775 canon.
1115 752 1198 775 Paris.
1217 755 1337 782 receptus
1358 754 1404 774 est.
1429 751 1506 774 Arch.
1526 754 1580 774 nat.
1597 750 1681 774 Paris.
1697 750 1745 773 LL.
1769 750 1822 777 107,
1839 757 1865 780 p.
1885 749 1939 772 380.
1956 749 2002 772 An.
2020 749 2089 778 1375,
2107 750 2170 780 Aug.
2188 750 2226 777 27,
2248 751 2332 773 factus

471 801 518 827 ost,
536 806 594 820 cum
612 801 681 820 esset
696 797 836 820 archidiac.
854 797 973 820 Ambian.
990 800 1014 819 et
1030 805 1099 827 mag.
1112 796 1202 823 theol„
1219 796 1359 826 episcopus
1376 796 1520 819 Lodovens.
1540 796 1611 826 (Reg.
1633 796 1710 818 Aven.
1728 794 1807 825 Greg.
1824 794 1865 820 XI,
1886 793 1938 817 vol.
1962 793 2035 822 XXV,
2055 794 2099 817 fol.
2122 794 2186 823 ¹⁴54);
2203 802 2244 816 an.
2262 794 2331 821 1382,

472 842 562 865 octob.
574 843 610 870 ¹17,
623 842 703 872 episc.
722 842 862 864 Autissiod.
879 842 951 872 (Reg.
968 842 1046 863 Aven.
1064 841 1143 863 Clem.
1161 841 1214 867 Vll,
1230 840 1273 862 sol.
1288 840 1341 869 60);
1354 848 1395 862 an.
1411 840 1479 867 1390,
1494 840 1602 862 Januait
1622 840 1660 867 29,
1674 838 1830 869 archiepisc⁴
1843 839 1961 861 Remens.
1976 837 2060 866 (ibid.,
2073 838 2125 862 vol.
2137 838 2212 867 LVlI,
2226 838 2270 861 fol.
2283 839 2332 868 73).

472 887 507 909 De
522 894 551 909 eo
566 886 665 917 pluries
679 886 757 909 infra.
773 900 802 902 —
818 887 839 909 2.
855 885 913 908 Fuit
928 885 1004 908 etiam
1021 885 1046 907 in
1062 888 1110 908 art.
1128 884 1285 912 licentiatus,
1304 892 1315 906 ((
1331 892 1360 906 ac
1379 884 1495 907 Par-isius
1510 884 1536 906 in
1552 883 1663 906 decretis
1679 886 1738 906 actu
1754 882 1830 913 regit,
1849 882 2048 913 Sententiasque
2066 882 2131 913 legit
2145 882 2208 906 ibid.
2224 890 2246 910 »,
2265 882 2332 906 scri-

470 930 542 953 bitur
554 931 587 953 ad
602 938 644 953 an.
662 930 731 957 1371,
746 931 804 953 Jan.
821 930 858 957 27,
876 937 934 952 cum
958 931 1040 951 sactus
1061 932 1100 951 est
1123 936 1179 953 can,
1203 928 1329 951 Morinen.
1351 929 1423 959 (Reg.
1446 930 1525 951 Aven,
1552 928 1631 958 Greg.
1655 928 1697 956 XI,
1719 927 1770 950 vol.
1792 927 1821 954 V,
1845 927 1888 950 sol.
1914 926 1995 956 63712).
2016 927 2053 950 Ex
2073 935 2124 958 quo
2140 927 2258 958 sequitur
2273 935 2332 950 eum

471 982 513 997 an.
530 975 666 997 1371-1372
684 974 815 996 licentiam
831 974 856 996 in
872 973 951 996 theol.
968 973 1106 1003 recepisse.

475 1130 614 1166 1376.
642 1138 759 1163 Carolus
785 1139 811 1170 V,
837 1146 887 1163 rex
910 1139 1089 1170 Francorum,
1115 1137 1246 1173 prohibet
1270 1146 1304 1162 ne
1326 1141 1454 1173 receptor
1475 1138 1658 1163 Ambianens.
1684 1139 1865 1171 frumentum,
1891 1137 1967 1172 quod
1991 1138 2047 1163 veri
2067 1137 2214 1164 scholares
2235 1138 2330 1164 Paris.

557 1188 697 1222 recipiunt
715 1196 751 1212 ez
766 1195 859 1212 eorum
882 1186 1026 1220 beneficiis
1043 1186 1083 1211 vel
1096 1187 1279 1221 patrimonio,
1302 1186 1341 1211 ad
1361 1195 1441 1211 asum
1456 1187 1687 1219 sustentationis,
1704 1187 1872 1212 retineatur.
1892 1185 1996 1213 Donne
2010 1195 2047 1213 en
2069 1189 2167 1213 nostre
2189 1187 2282 1213 hostel
2296 1187 2333 1213 de

560 1236 640 1262 Saint
653 1236 702 1261 Pol
714 1235 729 1261 ἐι
746 1236 821 1261 Paris
836 1236 861 1261 le
876 1235 965 1268 xxvijo
975 1235 1044 1268 jour
1058 1235 1094 1260 de
1114 1235 1226 1261 Fevrier
1245 1235 1302 1260 l'an
1324 1235 1359 1261 de
1377 1243 1459 1268 grace
1481 1236 1534 1261 mil
1555 1236 1671 1262 CCCLX
1690 1237 1719 1261 et
1737 1243 1819 1265 onze,
1833 1237 1862 1261 et
1878 1236 1914 1262 de
1927 1237 2024 1262 nostre
2039 1244 2128 1269 regne
2140 1236 2166 1262 le
2179 1234 2330 1262 huitieme.

558 1295 571 1308 «
585 1285 707 1310 Comme
722 1291 796 1310 nous
811 1294 835 1308 w.

1641 1320 1716 1350 1372,
1732 1320 1864 1346 Februarii
1874 1321 1918 1349 27,
1935 1320 2047 1346 Parisiis.

560 1403 694 1434 Originale
709 1403 735 1426 in
748 1403 825 1426 Arch.
837 1403 957 1426 Univers.
974 1403 1067 1430 Paris„
1081 1403 1148 1426 thoe.
1166 1403 1198 1434 ll,
1214 1404 1242 1427 Α.
1257 1405 1279 1426 5.
1292 1412 1322 1426 v:
1331 1417 1359 1420 —
1373 1403 1486 1427 Recueil
1498 1405 1543 1428 des
1557 1404 1702 1434 privilbqes
1718 1405 1751 1428 de
1763 1404 1944 1428 l'Universitd
1955 1405 1988 1427 de
2002 1404 2096 1434 Paris,
2109 1412 2136 1435 p.
2149 1405 2186 1427 84.
2203 1404 2330 1428 ordonn·

468 1450 513 1473 des
529 1449 587 1472 rois
603 1449 634 1471 de
649 1448 763 1476 France,
780 1447 809 1476 V,
823 1448 877 1470 1155.
899 1461 924 1464 —
941 1447 998 1470 Vid.
1016 1455 1097 1478 supra
1113 1451 1141 1469 n0
1157 1448 1226 1470 1367.

474 1619 613 1654 1377.
637 1628 738 1653 Rector
753 1626 858 1652 electus
874 1627 1038 1653 Matthaeus
1054 1627 1089 1653 de
1104 1629 1236 1655 Hei-sino.
1250 1630 1290 1654 De
1303 1630 1386 1662 sestis
1402 1630 1450 1655 SS.
1466 1629 1611 1655 Ambrosii
1626 1634 1653 1656 et
1669 1630 1842 1665 Hieronymi.

1389 1715 1458 1742 1377.
1473 1715 1620 1741 Decembris
1636 1716 1758 1745 16-1372,
1775 1715 1862 1741 nar-tii
1873 1714 1916 1743 24.
1932 1714 2044 1743 Parisiis,

557 1796 662 1827 Anno
689 1795 832 1827 Domini
866 1796 961 1835 1371,
988 1797 1043 1839 xvj
1074 1796 1131 1828 die
1157 1797 1293 1829 mensis
1324 1798 1550 1839 Decembris⁷
1573 1798 1712 1831 electus
1741 1798 1808 1831 fuit
1837 1797 2069 1831 concorditer
2089 1797 2126 1829 in
2152 1803 2330 1829 rectorem
2359 1839 2364 1844 η

470 1862 724 1895 Universitatis
752 1862 968 1894 parisiensis
996 1863 1168 1906 magister
1196 1863 1360 1897 Matheus
1389 1865 1433 1897 de
1465 1865 1638 1898 Hersino¹
1670 1865 1771 1898 nullo
1796 1865 2004 1897 intrantium
2035 1864 2264 1897 reclamante.
2291 1863 2331 1895 In

470 1941 538 1972 qua
558 1928 710 1960 rectoria
731 1927 856 1960 habuit
875 1928 1019 1961 labores
1040 1929 1216 1973 plurimos
1238 1937 1272 1962 et
1292 1942 1482 1975 expensas.

557 1995 623 2027 Illo
644 2006 738 2027 anno
758 1995 904 2027 suerunt
925 1995 1079 2027 ordinati
1097 2007 1284 2029 sermones
1306 1998 1343 2030 in
1360 1998 1603 2032 Universitate
1625 1999 1669 2032 de
1691 1999 1825 2032 sanctis
1841 1998 2036 2031 Ambrosio
2054 2004 2090 2030 et
2103 1996 2350 2038 Jheronimo,‘

469 2061 566 2105 quod
594 2061 762 2093 decetero
784 2060 911 2093 fierent
940 2062 976 2093 in
1004 2062 1110 2094 domo
1139 2063 1332 2105 Minorum7
1361 2065 1431 2098 nisi
1461 2066 1552 2098 festa
1578 2065 1786 2098 acciderent
1812 2065 1943 2098 diebus
1968 2064 2174 2105 dominicis,
2196 2062 2330 2108 quibus

469 2127 597 2160 diebus
617 2127 749 2159 fierent
769 2127 805 2158 in
826 2127 932 2160 domo
956 2129 1237 2162 Predicatorum.

561 2238 627 2260 Mus.
644 2237 761 2260 Britann.
781 2246 829 2260 ms.
844 2238 903 2261 add.
921 2239 1005 2268 17:304,
1024 2240 1067 2262 sol.
1087 2240 1130 2262 142
1138 2240 1156 2262 h.

562 2321 585 2343 1.
602 2320 660 2343 Fuit
676 2324 729 2344 nat.
742 2321 852 2348 Picard.‚
870 2323 900 2344 de
916 2331 966 2353 quo
979 2323 1032 2354 jam
1049 2332 1130 2355 supra
1145 2333 1170 2355 p.
1187 2326 1224 2348 85.

473 2490 613 2526 1378.
639 2500 787 2534 Gregorius
803 2501 845 2525 XI
857 2501 896 2525 ad
909 2502 1032 2536 prior-em
1050 2505 1212 2537 generalem
1232 2506 1296 2532 Ord.
1316 2508 1431 2533 Eremit.
1452 2510 1478 2533 S.
1492 2509 1623 2542 August„
1644 2512 1674 2534 ut
1689 2509 1766 2533 circa
1780 2507 1934 2541 magistros
1951 2505 2034 2532 theol.
2056 2505 2121 2531 Ord.
2139 2504 2238 2531 modus
2254 2503 2329 2530 idem

555 2551 681 2573 servetur
695 2557 729 2573 ac
743 2549 821 2584 apud
835 2550 1063 2585 praedicatores,
1080 2553 1204 2579 Minores
1221 2558 1247 2579 et
1266 2555 1444 2582 Camelitas.

1710 2594 1790 2622 1372,
1807 2592 1868 2618 Maii
1881 2593 1899 2621 1,
1915 2591 2045 2617 Ammona.

557 2665 695 2698 Dilecto
728 2666 801 2698 filio
837 2668 948 2711 priori
984 2671 1163 2713 generali¹
1201 2674 1349 2706 fratrum
1385 2675 1534 2709 Ordinis
1571 2677 1833 2709 Heremitarum
1864 2674 1978 2708 sancti
2007 2672 2205 2718 Augustini
2234 2671 2330 2705 salu—

468 2739 551 2773 tem,
568 2738 630 2765 etc.
653 2732 708 2764 Ad
729 2744 780 2773 ea,
798 2739 861 2766 etc.
886 2735 974 2767 Hinc
996 2743 1049 2768 est
1071 2739 1168 2781 quod
1190 2752 1256 2772 nos
1277 2742 1386 2774 certis
1408 2754 1450 2774 ex
1466 2743 1586 2776 causis
1607 2749 1772 2775 nostrum
1793 2742 1838 2775 ad
1858 2741 1895 2774 id
1916 2739 2148 2773 moventibus
2168 2738 2326 2771 animum

466 2798 631 2831 volentes
652 2799 748 2842 quod
769 2799 805 2831 in
823 2800 909 2832 Ord.
932 2801 1029 2834 fratr.
1054 2805 1223 2838 Heremit.
1249 2808 1282 2839 S.
1306 2809 1414 2853 Aug..
1437 2810 1540 2854 cujus
1561 2810 1660 2854 prior
1682 2808 1865 2854 generalis
1882 2807 2022 2848 existis,
2044 2813 2112 2839 tam
2135 2805 2230 2838 circa
2250 2816 2329 2849 pro—

467 2876 643 2897 vusnonem
665 2865 780 2897 victus
801 2872 836 2897 et
855 2867 1007 2900 vestitus
1029 2881 1066 2901 ac
1089 2877 1216 2904 statum
1239 2874 1386 2907 sralrum
1408 2876 1494 2908 dicti
1520 2877 1571 2909 tui
1593 2876 1678 2909 Ord.
1703 2876 1740 2908 in
1765 2875 1948 2919 theologia
1974 2873 2244 2918 magistrorum,
2267 2871 2330 2915 qui

591 2923 628 2945 26.
