2488 3386
183 344 279 380 1365]
596 357 641 378 ΑΒ
677 357 781 378 ΑΝΝΟ
816 357 947 379 mecei.
981 358 1111 385 USQUF.
1147 358 1194 378 Αιι
1232 358 1492 379 0000010100
1530 359 1619 379 Χιιι.
1979 349 2038 381 131

268 431 396 458 Johanni
411 431 446 458 de
461 431 567 460 Monte.
584 431 780 457 Cameracens.
798 431 871 457 dioc.

269 481 406 506 Emundo
420 480 497 506 dicto
510 481 602 510 Boest.
617 480 683 506 cler.
701 480 847 506 Leodiens.
866 481 962 506 dioc...

268 529 403 555 Nicholao
417 529 542 557 Melterc.
559 529 625 554 cler.
641 529 837 555 Cameracens.
855 529 928 555 dioc.
947 529 992 561 [de
1008 537 1070 554 can.
1088 529 1154 555 cccl.
1174 529 1199 554 S.
1216 529 1333 555 Servatii
1348 530 1467 562 Traject.
1486 529 1632 554 Lcodicus.
1651 529 1747 562 dioc.].

268 578 373 604 Jacobo
389 577 530 611 Flamigii.
546 578 612 603 cler.
631 578 816 603 Ambiancns.
833 578 906 603 dioc.
924 578 969 610 [de
984 586 1047 603 can.
1063 578 1091 603 in
1108 578 1175 603 0001.
1191 578 1387 610 Rothomagq.

269 627 396 652 Johanni
410 626 535 655 Vesiarii,
552 626 620 652 alias
634 626 669 651 de
684 626 851 653 Dorlendio.
866 627 932 652 cler.
950 626 1136 652 Ambianens.
1154 626 1250 651 dioc...

268 675 395 701 Johanni
412 675 507 708 Segni.
523 675 616 708 presb.
635 675 774 700 Attrcbat.
792 675 837 707 [de
852 683 914 701 ean.
934 676 959 700 S.
976 675 1111 708 Quintini
1126 675 1156 700 in
1172 675 1238 700 eccl.
1258 675 1283 700 S.
1299 675 1477 708 Aldcgundis
1493 675 1677 700 Melbodiens.
1696 675 1842 700 Gamerae.
1861 675 1955 707 dioc.].

269 725 379 750 Tliomc
394 724 551 750 Gainbardi
564 724 599 749 de
614 724 772 753 Attrebato,
790 724 916 750 subdiac.
934 724 979 759 [(10
995 732 1057 750 can.
1077 724 1102 750 S.
1122 724 1195 749 Petri
1210 724 1350 750 Duacens.
1368 724 1443 749 dicte
1458 724 1554 756 dioc.].

269 773 399 799 Michaeli
414 773 449 799 de
464 772 562 802 Waus,
579 773 672 806 presb.
690 773 726 798 dc
741 773 923 798 Attrebato...

270 822 375 848 Jacobo
390 822 425 847 de
440 822 631 851 Hoesthurch,
648 822 714 847 cler.
731 822 901 848 Tornaeens
917 822 990 847 dioc.
1011 822 1056 856 [(10
1071 830 1133 848 ran.
1152 822 1178 847 S.
1197 822 1353 847 Andomari
1370 822 1399 847 in
1417 822 1442 847 S.
1461 821 1648 853 Andomaro}

270 871 397 896 Johanni
409 870 445 896 de
458 870 722 903 Waghenwerkers.
740 871 806 896 cler.
824 871 978 897 Morinens.
996 871 1069 897 dioc.
1089 870 1135 905 [de
1150 879 1212 896 can.
1231 871 1257 896 S.
1274 871 1347 896 Petri
1363 870 1562 895 'l'lloraltllcns
1581 870 1699 895 Tornae.
1715 869 1812 901 dioc.].

272 919 355 945 Petro
370 919 528 949 Cabilhars,
542 919 611 944 alias
625 919 660 945 de
675 919 801 951 Quercu,
819 919 967 945 Leodiens.
985 920 1082 945 dioc...

272 968 418 994 Willelmo
433 968 523 997 Kesel,
539 968 709 994 Tornacens.
727 968 800 994 dioc.

271 1017 385 1042 Matheo
400 1016 541 1046 Curificis.
556 1017 622 1042 cler.
639 1017 836 1043 Cameracens.
854 1017 926 1043 dioc.
943 1017 989 1050 [de
1004 1025 1066 1043 can.
1084 1018 1150 1043 eccl.
1169 1018 1319 1049 Noviom.].

271 1065 397 1091 Johanni
412 1065 490 1091 dicto
505 1065 681 1095 Brassatoris.
698 1066 869 1098 Trajectens.
885 1066 958 1091 dioc.
978 1066 1022 1100 {de
1035 1074 1097 1091 can.
1116 1066 1182 1091 cccl.
1200 1066 1341 1099 Trajcct.].

271 1115 344 1141 Item
359 1114 523 1140 Christiano
539 1115 618 1142 Lam.
636 1114 789 1140 Morinens.
807 1115 879 1140 dioc.

272 1163 399 1188 Johanni
414 1163 450 1189 de
462 1163 581 1193 Artesio,
598 1164 664 1189 cler.
682 1163 860 1189 Noviomcns.
878 1164 951 1189 dioc.

273 1211 396 1237 Heberto
410 1211 446 1237 de
461 1212 612 1244 Jugniaeo,
626 1212 693 1237 cler.
712 1212 896 1238 Landnnens.
915 1212 987 1238 dioc.

273 1260 426 1293 Radulpho
438 1260 515 1286 dicto
531 1261 597 1290 Mol,
614 1261 680 1286 cler.
698 1261 894 1286 flamm-accus.
910 1261 983 1287 dioc.
1000 1261 1046 1294 [(10
1061 1269 1123 1286 can.
1141 1261 1207 1287 eccl.
1227 1261 1252 1286 S.
1272 1261 1407 1286 1100101ἀί
1424 1261 1619 1287 11001111111005.
1637 1262 1711 1287 (11010
1727 1262 1799 1287 dioc.
1810 1264 1822 1294 Ι.

274 1309 417 1335 Almarico
430 1309 564 1343 Rapaple,
581 1309 759 1335 Atrebatcns.
777 1310 850 1335 dioc.
868 1310 960 1343 presb.
980 1309 1025 1345 [(10
1040 1318 1102 1336 can.
1119 1310 1145 1336 S.
1163 1310 1259 1335 Amati
1276 1310 1414 1335 Dnaccns.
1433 1310 1610 1335 Atrcbatcns.
1629 1310 1725 1344 dioc.].
1942 1311 1996 1345 [47]

912 1412 1016 1432 NAC10
1044 1411 1321 1432 NORMANNORUM

276 1490 485 1535 Apostolice
513 1491 691 1523 sanctitati
721 1497 841 1524 vestre
876 1503 945 1536 que
976 1491 1171 1536 posita⁸....
1210 1490 1389 1535 supplicat
1426 1491 1573 1524 humilis
1605 1498 1638 1524 et
1669 1491 1795 1524 devota
1829 1491 1900 1523 filia
1930 1498 2048 1524 vestra

186 1556 413 1591 Universitas
434 1557 643 1597 Parisiens.‚
667 1564 844 1602 quatenus
875 1558 992 1590 eidem
1024 1558 1202 1590 sanctitati
1229 1557 1364 1602 placeat
1394 1558 1577 1602 magistris
1604 1558 1639 1590 in
1666 1558 1803 1591 artibus
1827 1558 1870 1590 de
1899 1558 2049 1590 nacione

186 1624 474 1656 Normannorum
505 1624 658 1657 inferius
686 1624 871 1669 inscriptis
900 1625 1057 1669 graciam
1086 1624 1279 1669 specialem
1311 1624 1485 1657 facientes
1515 1625 1558 1656 de
1587 1624 1776 1657 benefieiis
1803 1625 2047 1657 ecclesiast....

186 1690 293 1723 dictis
321 1690 505 1735 magistris
535 1691 779 1724 concedentes
801 1691 895 1724 utin
923 1691 1187 1724 collacionibus
1217 1691 1401 1736 provincie
1434 1691 1714 1735 Rothomagens.
1746 1692 1897 1736 primum
1931 1691 2047 1724 locum

187 1756 384 1798 obtineant,
407 1764 542 1790 attento
563 1758 660 1802 quod
682 1758 830 1791 ultimus
858 1765 893 1791 ct
918 1758 1090 1791 minimus
1115 1758 1265 1790 duarum
1295 1758 1484 1791 nacionum
1513 1758 1808 1791 antecedencium
1838 1759 2047 1803 precederet

187 1830 456 1868 procuratorem
474 1824 567 1856 dicte
585 1824 748 1857 nacionis
765 1827 1052 1858 Normannorum
1072 1832 1104 1857 et
1122 1824 1212 1857 alios
1232 1825 1424 1869 magistros
1442 1825 1618 1864 nacionis.v
1632 1837 1764 1857 *cum
1783 1825 2046 1869 acceptione...

273 1922 370 1948 Primo
385 1930 461 1956 mag.
479 1923 589 1949 Thome
604 1923 747 1952 Durandi,
764 1923 830 1949 cler.
846 1923 999 1949 Constanc.
1018 1923 1103 1952 dioc..
1120 1923 1303 1955 procuratori
1319 1922 1447 1948 nacionis
1463 1923 1709 1948 Normannorum.

271 1971 382 1997 Iterum
398 1979 474 2004 mag.
491 1971 618 1997 Johanni
632 1972 777 2001 11οο11019,
794 1972 921 1998 subdiac.
937 1972 972 1998 (10
987 1972 1060 1997 (1100.
1078 1972 1231 1997 Constanc.
1249 1972 1375 1996 oriundo
1391 1972 1435 2004 [(10
1451 1979 1512 1997 can.
1530 1972 1557 1996 in
1574 1972 1641 1997 0001.
1660 1972 1850 2004 ΑΙ)1·10(·005,[.

273 2020 384 2046 Iterum
396 2028 473 2053 mag.
491 2021 617 2046 Johanni
633 2021 765 2050 Ascelini,
782 2021 875 2054 presb.
894 2021 945 2054 qui
961 2021 1003 2046 bis
1020 2021 1075 2046 suit
1090 2022 1182 2046 rector
1199 2021 1396 2046 Univcrsitatis
1413 2021 1497 2046 Paris.

272 2069 380 2094 lterum
397 2077 473 2102 mag.
491 2069 613 2095 IIenrieo
629 2069 778 2097 lleroutw.
795 2070 922 2095 subdiac.
937 2070 973 2095 de
988 2070 1060 2095 dioc.
1080 2070 1224 2102 Bajocens.
1243 2069 1403 2095 oriundo...

272 2118 383 2144 lterum
397 2125 475 2151 mag.
493 2118 650 2144 Guillelmo
665 2118 760 2148 Dami,
778 2119 895 2152 presb...

271 2167 382 2193 Iterum
395 2174 471 2199 mag.
489 2167 613 2193 Roberto
627 2167 663 2193 de
678 2167 765 2197 Valle,
780 2168 874 2200 presb.
891 2168 1064 2201 Rothomag.
1080 2168 1153 2193 dioc.

271 2216 381 2241 Iterum
396 2223 473 2249 mag.
488 2216 613 2242 Roberto
629 2216 767 2245 Burnelli,
783 2216 876 2249 presb.
895 2216 1020 2250 Sagiens.
1037 2216 1109 2243 dioc.

271 2265 382 2291 lterum
397 2272 473 2298 mag.
490 2265 604 2291 Nicolao
618 2265 654 2291 de
669 2265 765 2298 Logia.
783 2266 876 2298 presb.

272 2314 381 2340 Iterum
396 2322 473 2346 mag.
490 2314 617 2340 Johanni
633 2314 733 2343 Belini,
749 2315 840 2347 presb.
859 2315 1032 2347 Rotholnag.
1050 2314 1123 2340 dioc.
1139 2315 1184 2346 [de
1198 2322 1260 2340 can.
1278 2315 1344 2340 0001.
1366 2315 1480 2347 1103001,

271 2363 382 2388 Iterum
398 2370 474 2396 mag.
492 2363 649 2389 Guillelmo
663 2363 810 2393 Bcrnardi,
826 2364 952 2390 subdiac.
971 2364 1114 2397 Bajocens.
1133 2363 1206 2389 dioc.

272 2412 383 2437 Iterum
398 2420 474 2445 mag.
490 2412 615 2438 Roberto
631 2412 765 2442 Floriani.
778 2413 896 2445 presb...

271 2461 382 2486 lterum
395 2468 472 2494 mag.
486 2461 614 2486 Johanni
628 2461 794 2491 Johanueti.
811 2462 905 2494 presb.
921 2462 1084 2488 Ebroicens.
1104 2462 1178 2487 dioc.

272 2510 381 2536 Iterum
396 2518 473 2542 mag.
495 2510 632 2543 Dyonisio
647 2511 682 2537 de
702 2511 840 2540 Farccllis,
858 2511 951 2544 presb.
969 2512 1142 2543 ltothomag.
1160 2511 1232 2536 dioc.
1251 2511 1297 2543 [(10
1314 2518 1376 2536 can.
1394 2510 1461 2536 ecel.
1484 2510 1583 2542 colleg.
1608 2511 1633 2535 S.
1652 2510 1766 2536 Martini
1786 2511 1821 2536 (10
1837 2511 1990 2544 (lampellis
2013 2511 2043 2535 in

183 2558 247 2584 Bria
263 2559 347 2584 Paris.
362 2559 459 2593 dioc.].

271 2608 343 2633 Item
359 2615 436 2641 mag.
454 2608 577 2641 Georgio
593 2609 778 2638 Heudebouc,
794 2609 886 2642 presb.
902 2609 1064 2635 Ebroicens.
1079 2609 1152 2634 dioc.
1166 2609 1212 2642 [(10
1227 2616 1289 2634 can.
1307 2609 1373 2634 0001.
1392 2609 1491 2641 colleg.
1509 2609 1536 2633 11.
1552 2608 1637 2634 Marte
1652 2609 1687 2634 (10
1701 2609 1853 2634 Antloliaco
1870 2609 2041 2641 ltotliomag.

182 2656 279 2689 dioc.].

272 2706 382 2731 lterum
398 2713 474 2739 mag.
492 2706 604 2732 Nicolao
618 2706 653 2732 de
669 2707 771 2739 Logiis,
788 2707 857 2732 alias
872 2708 897 2733 10
913 2707 1055 2734 1101115101.
1070 2707 1163 2740 presb.
1183 2707 1327 2739 Bajoccns.
1345 2707 1417 2732 dioc

270 2754 380 2780 Iterum
396 2762 472 2788 mag.
490 2755 626 2788 Dyonisio
642 2756 757 2785 Baudri,
774 2757 866 2790 presb.
886 2757 1058 2788 [totlioinag.
1077 2756 1149 2781 dioc.
1168 2756 1213 2788 [(10
1230 2764 1291 2781 can.
1310 2756 1376 2781 cccl.
1395 2756 1495 2787 colleg.
1515 2756 1540 2779 S.
1561 2755 1690 2780 woderici
1706 2755 1811 2787 Paris]

273 2804 382 2830 lterum
398 2812 475 2837 mag.
492 2805 619 2830 Johanni
635 2805 768 2831 nautes...

274 2853 383 2878 lterum
398 2861 474 2886 mag.
489 2854 600 2879 Thome
614 2854 650 2879 dc
666 2854 691 2879 S.
708 2855 801 2883 Petro,
815 2855 895 2887 (lyae.
912 2855 1064 2881 Constanc.
1082 2855 1154 2880 dioc.
1173 2855 1218 2886 [(10
1234 2862 1296 2879 can.
1315 2854 1344 2879 in
1358 2853 1424 2879 0001,
1443 2854 1616 2884 Constant]

272 2902 382 2927 Iterum
399 2910 474 2935 mag.
492 2902 620 2928 Johanni
634 2903 669 2929 de
684 2904 800 2933 Corulo,
818 2904 883 2930 cler.
903 2904 1026 2937 Sagicns.
1043 2904 1115 2930 (1100.
