2488 3386
458 304 500 335 24
1037 311 1353 333 CHARTULARIUM
1389 311 1578 332 uuivens.
1616 309 1744 331 rmus.
2225 295 2323 332 [1354

459 386 601 419 Domini
632 386 825 419 millesimo
851 386 955 419 CCC⁰
983 385 1286 430 quinquagesimo
1316 391 1456 428 quarto,
1487 383 1685 416 indictione
1720 382 1885 427 septima,
1915 382 2052 415 mensis
2083 382 2239 427 Augusti
2265 382 2322 415 die

457 452 627 484 vicesima
644 452 779 496 quinta,
797 451 967 484 videlicet
987 451 1044 483 die
1065 451 1151 483 lune
1172 451 1207 482 in
1230 450 1386 483 crastino
1410 450 1491 482 sesti
1513 449 1607 481 beati
1630 448 1876 481 Bartholomei
1897 447 2067 492 apostoli,
2092 447 2322 493 pontificatus

458 518 677 550 sanctissimi
698 518 734 550 in
756 518 901 551 Christo
929 517 1039 562 patris
1066 529 1105 549 ac
1126 517 1263 549 domini
1292 516 1419 554 nostri,
1442 515 1578 547 domini
1602 514 1818 554 Innocentii,
1842 513 1962 547 divina
1984 514 2211 559 providentia
2232 526 2322 559 pape

458 584 562 623 sexti,
585 595 677 615 anno
699 583 873 622 secundo,
897 583 932 615 in
960 583 1029 615 mei
1060 582 1189 614 notarii
1220 581 1355 626 publici
1383 588 1418 614 et
1447 581 1591 613 testium
1614 580 1926 624 infrascriptorum
1949 581 2151 625 presencia,
2176 586 2323 625 propter
2361 599 2365 602 ·

458 649 525 681 hoc
552 649 791 693 personaliter
816 649 1047 688 constitutuS,
1069 647 1288 681 venerabilis
1310 654 1345 680 et
1365 647 1545 679 discretus
1571 647 1625 679 vir
1646 646 1820 690 magister
1845 646 2069 691 Reginaldus
2090 646 2134 679 de
2156 646 2320 686 Aciaco¹,

458 715 696 747 illustrissimi
717 715 891 759 principis
913 714 1049 747 domini
1071 714 1199 754 nostri,
1222 715 1439 746 Francorum
1464 713 1574 757 regis,
1595 712 1802 752 advocatuS,
1822 712 1998 756 quandam
2022 713 2321 757 provocacionem

458 793 522 813 seu
544 781 820 825 appellationem
843 781 885 813 ad
908 787 1063 813 sanctam
1086 780 1208 812 sedem
1231 779 1465 824 apostolicam
1488 779 1585 819 fecit,
1607 778 1828 823 interposuit
1847 785 1882 811 et
1907 779 2028 812 emisit
2052 791 2091 812 ac
2112 779 2216 812 etiam
2239 791 2323 824 pro-

459 854 608 879 testatus
629 847 695 879 fuit
715 847 821 879 modo
839 853 873 879 et
892 847 1004 879 forma
1026 852 1192 878 contenta
1214 846 1249 878 in
1271 845 1421 890 quadam
1444 845 1571 877 cedula
1592 844 1750 889 papirea,
1769 857 1873 889 quam
1896 851 1980 877 tunc
2001 845 2038 877 in
2058 845 2135 878 suis
2156 845 2322 878 manibus

459 912 602 945 tenebat
632 913 725 945 idem
755 913 927 957 magister
948 912 1183 957 Reginaldus,
1207 918 1242 944 et
1262 924 1365 956 quam
1394 911 1502 943 michi
1531 911 1671 943 notario
1702 910 1848 955 publico
1870 911 2100 956 infrascripto
2121 911 2268 945 tradidit
2288 917 2323 944 e‘t

459 980 618 1023 porrexit
636 991 642 1011 :
666 980 770 1023 cujus
791 979 969 1023 siquidem
992 978 1120 1011 cedule
1143 985 1246 1010 tenor
1267 978 1310 1010 de
1332 977 1444 1010 verbo
1465 977 1508 1010 ad
1529 977 1678 1010 verbum
1701 978 1879 1022 sequitur,
1901 978 1937 1010 in
1958 977 2024 1010 hec
2044 978 2154 1011 verba
2173 990 2179 1010 :

547 1060 562 1075 «
586 1045 775 1087 Quoniam,
799 1051 905 1089 prout
924 1045 1006 1088 jura
1032 1044 1197 1084 clamant,
1219 1044 1501 1088 sanctionesque
1522 1043 1685 1088 legitime
1706 1050 1813 1088 atque
1833 1044 2007 1077 canonice
2028 1044 2197 1078 decidere
2219 1045 2323 1078 dino-

458 1117 619 1150 scuntur,
643 1111 811 1143 omnibus
833 1111 989 1155 gravatis
1011 1117 1046 1143 et
1073 1110 1274 1155 oppressis,
1297 1110 1512 1155 gravarique
1541 1117 1576 1142 et
1605 1110 1760 1155 opprimi
1782 1110 2048 1143 verissimiliter
2069 1117 2104 1144 et
2133 1122 2175 1144 ex
2201 1111 2322 1145 causis

457 1177 629 1222 legitimis
651 1176 874 1217 timentibus,
893 1177 1167 1221 provocacionis
1184 1183 1219 1209 et
1238 1176 1498 1221 appellacionis
1519 1176 1690 1209 auxilium
1714 1177 1761 1209 sit
1781 1177 1978 1218 indultu1n;
1997 1189 2079 1222 ego,
2099 1177 2322 1222 Reginaldus

457 1243 500 1274 de
521 1243 664 1283 Aciaco,
688 1242 926 1275 illustrissimi
955 1242 1128 1287 principis
1150 1243 1287 1275 domini
1317 1243 1444 1283 nostri,
1469 1244 1687 1275 Francorum
1717 1243 1828 1287 regis,
1851 1243 2060 1284 advocatus,
2081 1256 2120 1276 ac
2141 1244 2186 1277 de
2207 1256 2321 1289 regno

456 1309 571 1353 ipsius
593 1309 782 1349 oriundus,
807 1309 887 1341 dico
909 1315 943 1341 et
964 1321 1128 1353 propono
1149 1315 1273 1342 contra
1295 1316 1485 1349 rectorem,
1505 1309 1662 1341 decanos
1683 1304 1903 1350 facultatum,
1921 1322 1961 1342 ac
1982 1316 2106 1343 contra
2128 1310 2321 1355 magistros

456 1375 701 1408 universitatis
731 1375 923 1407 scolarium
955 1376 1127 1416 Parisius,
1151 1387 1190 1408 ac
1218 1382 1342 1413 contra
1364 1388 1490 1408 omnes
1519 1387 1610 1420 quos
1642 1376 1869 1420 infrascripta
1898 1382 2050 1421 tangunt
2079 1388 2143 1409 seu
2173 1383 2321 1421 tangere

457 1448 622 1485 possunt,
641 1448 676 1474 et
696 1442 831 1474 eisdem
854 1441 1072 1474 adherentes
1094 1454 1158 1474 seu
1180 1441 1355 1474 adherere
1371 1442 1550 1483 volentes,
1574 1449 1641 1474 tam
1665 1442 1884 1486 conjunctim
1908 1454 2012 1487 quam
2035 1442 2192 1484 divisim,
2215 1449 2319 1488 prout

457 1508 571 1552 tangit
591 1507 788 1552 quemlibet
809 1508 1006 1540 eorundem
1030 1508 1148 1540 onmia
1170 1515 1204 1540 et
1224 1508 1367 1553 singula
1390 1509 1630 1553 infrascripta,
1653 1509 1888 1553 protestando
1910 1509 2008 1553 quod
2028 1516 2152 1542 contra
2172 1516 2319 1543 matrem

458 1585 569 1605 meam
592 1574 869 1606 Universitatem
898 1574 1094 1618 predictam
1117 1586 1190 1607 non
1212 1575 1360 1607 intendo
1382 1574 1518 1619 aliquid
1547 1575 1668 1607 dicere
1689 1574 1745 1607 vel
1777 1575 1906 1615 faeere,
1931 1575 2028 1620 quod
2048 1575 2267 1620 vituperium
2288 1576 2321 1609 ei

455 1639 569 1679 cedat,
593 1639 649 1671 vel
676 1640 772 1683 quod
800 1640 833 1671 ei
863 1639 988 1672 debeat
1022 1640 1229 1685 displicere,
1253 1653 1370 1685 quam,
1395 1648 1560 1686 tanquam
1591 1641 1686 1673 filius
1716 1647 1876 1682 matrem,
1905 1641 1987 1674 volo
2016 1642 2188 1683 revereri,
2211 1642 2322 1676 devo-

456 1705 596 1737 cionem
619 1712 653 1737 et
673 1705 914 1738 obedientiam
936 1706 1147 1750 impendere
1169 1706 1326 1739 filialem.

547 1785 561 1801 α
586 1772 628 1803 Et
658 1771 773 1815 primo
802 1771 895 1811 dico,
924 1772 1021 1816 quod
1050 1784 1165 1817 nuper
1193 1773 1318 1817 prefati
1347 1780 1466 1806 rector
1493 1780 1527 1806 et
1556 1775 1732 1819 magistri,
1763 1786 1827 1807 seu
1857 1774 1975 1807 dictus
2003 1768 2184 1807 rector'et
2209 1774 2320 1819 aliqui

456 1837 709 1881 magistrorum
728 1838 984 1881 predictorum,
1003 1838 1070 1871 sub
1088 1839 1342 1872 Universitatis
1361 1840 1518 1881 nomine,
1538 1841 1699 1873 nescitur
1720 1853 1791 1885 quo
1813 1841 1943 1886 spiritu
1960 1841 2070 1882 ducti,
2089 1841 2320 1874 cessaciones

456 1902 651 1934 lectionum
674 1903 709 1935 in
730 1904 865 1947 prefato
888 1904 1008 1936 studio
1030 1904 1249 1946 indixerunt,
1269 1912 1303 1938 et
1324 1918 1396 1938 non
1419 1906 1534 1938 solum
1558 1907 1593 1938 in
1616 1913 1771 1951 quatuor
1790 1906 2020 1940 facultatibus
2042 1906 2317 1952 principalibus,

453 1981 534 2013 ymo
561 1969 664 2001 etiam
692 1969 728 2001 in
757 1971 1019 2013 grammatica&
1043 1978 1078 2003 et
1106 1971 1142 2003 in
1173 1978 1306 2004 tantum
1330 1973 1425 2016 quod
1450 1973 1622 2017 puerulos
1651 1974 1764 2006 Pater·
1791 1978 1911 2006 noster
1936 1980 1971 2006 et
2002 1973 2207 2018 Symbolum
2225 1972 2322 2019 fidei
2362 1974 2366 1978 ”

456 2035 651 2076 discentes,
674 2048 691 2068 a
714 2036 901 2075 discendo,
925 2043 959 2069 et
979 2038 1172 2082 magistros
1198 2045 1231 2070 et
1260 2039 1497 2083 pauperculas
1529 2039 1701 2072 mulieres
1730 2046 1764 2072 et
1796 2039 1988 2085 religiosas
2018 2040 2119 2084 ipsos
2146 2039 2321 2085 puerulos

455 2101 640 2142 docentes,
663 2114 680 2134 a
703 2102 867 2135 docendo
889 2115 1032 2136 cessare
1054 2104 1228 2145 fecerunt,
1253 2112 1287 2137 et
1309 2106 1508 2138 temeritate
1530 2107 1675 2151 propria
1696 2106 1963 2151 compulerunt.

546 2182 561 2197 «
585 2168 670 2200 Item
694 2168 788 2209 dico,
811 2169 907 2213 quod
932 2170 1058 2214 prefati
1080 2177 1199 2203 rector
1226 2178 1258 2203 et
1281 2172 1442 2217 magistri
1469 2171 1539 2205 hiis
1567 2184 1639 2204 non
1660 2173 1834 2214 contenti,
1857 2173 1921 2205 sed
1942 2173 2211 2206 accumulantes
2231 2173 2320 2206 mala

456 2233 571 2273 malis,
590 2234 835 2267 cessacionem
855 2247 1060 2268 sermonum
1080 2243 1115 2269 et
1135 2237 1393 2281 predicationis
1410 2238 1511 2271 verbi
1533 2239 1597 2270 Dei
1620 2250 1684 2283 per
1700 2245 1807 2271 totam
1825 2238 1945 2272 villam
1963 2238 2135 2280 Parisius,
2154 2239 2191 2271 in
2211 2250 2320 2284 grave

456 2299 663 2331 scandalum
694 2300 829 2332 domini
859 2302 974 2334 nostri
1006 2303 1115 2347 regis,
1148 2303 1380 2347 prelatorum,
1405 2304 1549 2345 ducum,
1573 2304 1747 2337 baronum
1777 2312 1810 2337 et
1840 2305 2024 2342 comitum,
2052 2317 2205 2350 quorum
2236 2311 2321 2338 tunc

456 2365 647 2397 multitudo
670 2373 744 2398 erat
765 2367 910 2411 copiosa
932 2369 1104 2409 Parisius,
1127 2382 1164 2401 ae
1186 2369 1274 2402 cleri
1296 2377 1331 2402 et
1352 2371 1489 2415 populi,
1513 2371 1733 2404 indixerunt.

546 2445 560 2461 «
585 2432 670 2463 Iteni
701 2432 780 2465 dico
803 2439 837 2465 et
858 2446 1034 2478 propono,
1058 2436 1154 2479 quod
1176 2436 1335 2480 prefatus
1358 2437 1527 2470 dominus
1550 2444 1674 2470 noster
1699 2450 1774 2479 rex,
1798 2444 1963 2482 tanquam
1986 2437 2070 2470 fidei
2100 2444 2135 2470 et
2163 2438 2320 2471 sciencie

455 2496 600 2537 zelator,
625 2498 770 2541 prefatis
796 2500 1068 2532 cessacionibus
1089 2501 1166 2541 suit,
1190 2514 1255 2534 nec
1278 2502 1469 2543 immerito,
1493 2504 1717 2548 indignatus.
1741 2505 1860 2546 Quare
1889 2504 2015 2548 prefati
2045 2510 2164 2536 rector
2185 2512 2218 2536 et
2247 2516 2320 2537 ma-

455 2562 569 2606 gister
596 2562 663 2595 hoc
694 2564 863 2604 scientes,
886 2566 928 2597 ad
960 2578 1057 2598 suam
1093 2568 1316 2611 presenciam
1339 2576 1530 2610 venerunt,
1560 2570 1735 2614 majestati
1766 2582 1831 2602 sue
1864 2570 2116 2614 supplicando,
2143 2576 2181 2602 ut
2210 2581 2320 2615 super

455 2629 573 2661 causis
595 2629 695 2673 ipsos
716 2630 758 2662 ad
785 2630 912 2663 dictam
935 2633 1180 2665 cessacionem
1210 2634 1454 2675 moventibus,
1483 2642 1517 2668 et.
1547 2648 1657 2680 super
1678 2635 1894 2680 quibusdam
1921 2636 2014 2676 aliis,
2039 2635 2149 2668 vellet
2171 2636 2319 2680 justicie

455 2695 654 2727 remedium
677 2695 861 2728 adhibere.

544 2775 559 2790 (t
585 2762 668 2793 Item
698 2761 777 2794 dico
808 2769 842 2794 et
868 2775 1044 2807 propono,
1070 2765 1166 2808 quod
1189 2766 1347 2809 prefatus
1374 2767 1543 2799 dominus
1570 2775 1694 2800 noster
1722 2780 1796 2810 rex,
1818 2768 1927 2801 michi
1953 2775 2119 2813 tanquam
2148 2768 2319 2801 advocato

455 2837 520 2858 suo
546 2827 680 2870 jurato,
714 2828 923 2860 naturaliter
949 2836 980 2862 et
1010 2830 1235 2874 originaliter
1263 2832 1331 2864 sibi
1365 2832 1524 2873 subdito,
1558 2835 1718 2879 precepit
1748 2841 1781 2867 et
1809 2834 1975 2879 injunxit,
2008 2840 2044 2867 ut
2076 2834 2251 2879 premissa
2285 2841 2320 2867 et
