2488 3386
227 312 324 349 1386]
645 325 692 346 AB
726 325 832 347 ANNo
866 324 998 346 MCCCL
1031 325 1164 353 USQUE
1199 325 1247 346 AD
1282 325 1547 347 BENEDICTUM
1583 326 1673 347 xui.
2028 317 2094 349 425

225 399 309 432 dine
325 399 421 443 juris
444 399 608 431 canonici
634 410 673 431 ac
694 398 944 431 cancellariam
966 398 1164 443 predictam
1187 398 1239 431 sic
1260 405 1445 431 vacantem
1467 411 1547 431 cum
1569 399 1738 432 omnihus
1761 400 1908 444 juribus
1931 407 1964 433 et
1985 401 2095 445 perti-

225 466 367 498 nenciis
398 466 490 507 suis,
512 465 617 498 etiam
649 465 679 498 si
709 464 923 498 cancellaria
951 465 1029 509 ipsa
1057 465 1230 510 dignitas,
1253 472 1470 509 personatus
1495 465 1553 498 vel
1581 466 1737 498 officium
1764 467 1892 499 existat
1917 474 1952 499 et
1972 480 2091 499 curam

223 532 353 565 habeat
372 532 584 573 animarum,
607 538 642 565 et
668 531 711 564 ad
739 532 836 564 illam
858 531 1092 564 consueverit
1112 532 1194 576 quis
1216 543 1281 576 per
1302 531 1518 564 electionem
1545 533 1694 573 assumi,
1718 540 1815 565 motu
1838 534 1997 578 proprio,
2021 546 2093 566 non

224 599 268 632 ad
289 606 384 632 tuam
406 598 463 632 vel
483 598 633 631 alterius
663 610 729 643 pro
760 605 793 631 te
822 610 932 643 super
959 597 1027 630 hoc
1058 597 1165 631 nobis
1194 597 1314 630 oblate
1341 598 1534 643 peticionis
1562 599 1781 640 instantiam,
1805 600 1869 632 sed
1900 600 1943 632 de
1971 607 2093 632 nostra

224 677 322 698 mera
342 665 558 698 liberalitate
578 664 776 709 apostolica
799 664 863 697 tibi
891 665 1103 698 auctoritate
1128 665 1351 697 conserimus
1377 671 1412 697 et
1441 665 1485 697 de
1514 665 1586 697 illis
1613 665 1717 697 etiam
1739 666 1986 710 providemus.
2009 668 2094 699 Pre—

224 732 379 764 bendam
405 743 492 764 vero
514 731 545 764 si
571 743 640 776 qua
665 731 702 763 in
727 731 821 764 dicta
841 731 995 764 ecclesia
1020 738 1122 764 vacat
1145 731 1188 764 ad
1216 743 1370 776 presens
1390 731 1447 764 vel
1473 743 1553 764 cum
1575 732 1754 764 vacaverit
1774 732 1895 776 (quam
1917 739 1953 764 tu
1976 744 2039 776 per
2060 739 2093 765 te

223 798 281 832 vel
302 804 575 843 procuratorem
596 804 696 830 tuum
718 798 761 830 ad
781 797 849 830 hoc
870 798 1033 842 legitime
1054 798 1290 831 constitutum
1313 798 1404 830 insra
1425 798 1534 830 unius
1551 798 1688 830 mensis
1710 798 1884 843 spacium,
1903 805 2092 843 postquam

224 865 289 898 tihi
309 865 367 899 vel
389 865 505 897 eidem
527 865 754 909 procuratori
774 865 918 898 vacacio
939 865 1039 897 illius
1060 865 1272 906 innotuerit,
1291 865 1438 897 duxeris
1459 865 1724 909 acceptandam)
1746 864 1811 897 tibi
1832 871 1915 909 post
1935 872 2095 910 accepta-

224 932 365 965 cionem
391 931 603 974 hujusmodi
631 943 711 964 eum
739 931 909 964 omnibus
934 931 1082 976 juribus
1104 939 1140 965 et
1166 932 1404 976 pertinenciis
1501 943 1786 965 reservamus...
1814 932 1892 964 Dat.
1915 932 2095 965 Avinione

224 998 275 1043 iiij
298 998 368 1030 kal.
391 998 576 1039 Octobris,
598 1010 692 1031 anno
714 1004 852 1031 octavo.

318 1096 380 1126 Reg.
395 1096 453 1119 vat.
470 1096 548 1118 Aven.
566 1095 708 1118 Clementis
723 1096 778 1125 VII,
795 1095 847 1119 vol.
864 1096 926 1123 XLI,
945 1095 989 1119 sol.
1006 1097 1061 1119 203.
1078 1096 1226 1127 Episcopus
1246 1096 1461 1120 Matisconens.‘³.
1481 1096 1564 1118 abbas
1582 1095 1735 1118 monasterii
1749 1096 1774 1119 S.
1792 1095 1956 1119 Gonovesaoss
1974 1096 2057 1118 Pau-is.
2072 1099 2097 1118 et

222 1139 341 1162 officialis
358 1140 460 1163 Pnris.⁴
477 1143 642 1163 exsecutores
658 1140 863 1163 constituuntur.

319 1224 341 1246 1.
354 1223 412 1247 Vid.
428 1226 518 1246 contra
534 1228 583 1246 num
600 1224 667 1253 1522,
688 1227 741 1247 not.
760 1238 784 1241 —
803 1225 826 1247 2.
841 1213 974 1246 Johnnne's
992 1224 1032 1253 (de
1048 1223 1161 1254 Boissy),
1177 1224 1287 1246 cancell.
1307 1224 1423 1251 Carnot.,
1443 1225 1494 1254 leg.
1512 1225 1612 1251 doctor,
1629 1225 1657 1247 fit
1675 1224 1816 1255 opiscopus
1828 1232 1870 1247 an.
1888 1225 1957 1255 1380,
1975 1224 2066 1247 Octob.
2083 1226 2096 1247 5

224 1269 298 1299 (Reg.
316 1269 395 1291 Aven.
410 1268 491 1292 Clem.
504 1269 559 1293 VH.
572 1269 625 1292 vol.
639 1269 715 1296 xvll,
732 1270 749 1291 f.
765 1269 813 1298 71),
828 1277 870 1292 an.
888 1269 956 1297 1:389,
973 1268 1060 1291 Martii
1075 1270 1113 1297 29,
1127 1269 1272 1291 translatus
1286 1270 1318 1291 ad
1335 1269 1389 1294 sed.
1408 1269 1576 1292 Ambiancns.
1592 1269 1674 1298 (ibid.,
1690 1270 1740 1291 vol.
1756 1269 1809 1297 L11,
1828 1270 1844 1291 s.
1859 1270 1907 1297 7⁴2).
1920 1282 1950 1286 —
1968 1270 1990 1292 3.
2007 1269 2097 1291 Adhuc

223 1313 357 1336 ,Iohannes
372 1313 526 1335 Bassemnin
539 1313 582 1341 (de
600 1321 651 1344 quo
667 1321 748 1344 supra
764 1322 789 1344 p.
808 1314 862 1345 155⁷
881 1316 933 1336 not.
952 1314 985 1342 2),
1002 1321 1061 1335 nam
1082 1321 1219 1335 successor
1237 1313 1292 1343 cjns
1307 1314 1456 1344 Stephanus
1476 1314 1515 1343 (de
1532 1314 1626 1342 Petra),
1643 1314 1685 1344 qni
1700 1317 1775 1336 antea
1793 1313 1840 1336 suit
1855 1313 1937 1335 abbas
1953 1315 1978 1336 S.
1993 1313 2097 1336 Martini

223 1357 391 1386 Nivernens.,
407 1365 449 1380 an.
471 1357 528 1380 1391
547 1358 739 1386 tantummodo,
757 1358 865 1380 Jnnuar.
887 1359 925 1385 27,
942 1358 1088 1380 translatus
1109 1361 1148 1380 est
1167 1358 1198 1380 ad
1222 1357 1356 1380 abhatiam
1377 1359 1402 1380 S.
1420 1358 1567 1381 Coum-osae
1586 1359 1658 1387 (Πομ.
1681 1359 1760 1380 Aven.
1780 1358 1861 1381 Ctvm.
1884 1358 1939 1386 ΥΠ,
1962 1358 2014 1380 vol.
2034 1358 2096 1386 LXI,

225 1402 243 1425 s.
256 1401 338 1430 16412).
355 1402 433 1424 Errat
448 1402 532 1430 Feret,
546 1402 690 1432 L'Abhaye
699 1403 731 1425 de
745 1401 1020 1431 Sainte-Genevieve,
1038 1402 1058 1430 1,
1076 1403 1120 1424 169
1134 1410 1174 1433 sq.
1186 1402 1336 1425 correctius
1354 1402 1378 1425 in
1397 1403 1471 1426 Gall.
1485 1403 1593 1430 christ.y
1611 1403 1665 1427 Vll.
1680 1403 1733 1425 757.
1745 1416 1775 1419 ——
1786 1403 1808 1425 ’1.
1822 1402 1947 1425 {tobei-tus
1960 1402 1991 1424 de
2002 1402 2095 1426 nom-s.

323 1573 434 1606 Aci-10
462 1575 679 1606 Ficumffls
706 1575 949 1607 DECRETonUM
976 1586 1110 1608 CONTRA
1136 1587 1222 1608 MAG.
1249 1576 1424 1608 Ani-:uun
1452 1586 1493 1606 DE
1521 1576 1671 1616 Bnomo,
1698 1586 1815 1606 Earsn.
1844 1576 1994 1607 Ficum.

983 1673 1115 1702 (Continet
1132 1677 1171 1695 noa
1187 1673 1340 1702 1528-1531.)

230 1757 370 1795 1528.
395 1767 531 1793 Facultas
549 1768 725 1794 decretorum
746 1777 842 1794 coram
857 1768 1043 1794 Parlamento
1066 1772 1152 1803 negat
1173 1777 1247 1802 mag.
1266 1768 1407 1794 Amelinm
1423 1768 1458 1793 de
1474 1767 1582 1797 Brolio,
1600 1771 1630 1792 nt
1648 1771 1714 1792 actu
1735 1771 1885 1801 regentem,
1901 1776 1987 1803 posse
2004 1771 2096 1792 malu-

314 1816 392 1842 tinas
407 1816 543 1842 lectiones
558 1819 666 1851 facere.

1431 1853 1506 1882 1386,
1523 1853 1584 1878 Maii
1598 1853 1679 1880 15-17.
1697 1853 1811 1878 Parisiis.

313 1939 445 1973 „Mardi
471 1945 531 1974 xv²
555 1943 649 1986 jour
675 1940 717 1974 de
740 1942 844 1986 May.
867 1962 911 1966 ——
937 1943 1046 1974 Entre
1069 1941 1214 1974 maistre
1236 1942 1349 1986 Ayme
1376 1940 1553 1973 Dubrueil
1575 1941 1682 1973 (l'unc
1704 1947 1794 1985 part,
1818 1947 1852 1972 et
1873 1940 1905 1972 le
1927 1940 2042 1984 doyan
2065 1946 2100 1971 et

223 2006 355 2039 faculte
379 2007 423 2039 de
445 2007 573 2040 decrez
594 2010 612 2040 ἐι
633 2008 733 2040 Paris
757 2008 894 2040 d'autre
916 2015 1006 2053 part,
1030 2020 1093 2041 sus
1115 2008 1148 2040 le
1174 2014 1332 2040 contenu
1354 2019 1399 2040 en
1425 2007 1457 2040 la
1481 2007 1720 2052 complaincte
1749 2007 1792 2039 de
1821 2007 1964 2039 maistre
1986 2006 2097 2050 Aynie

225 2085 270 2106 en
291 2085 350 2106 cas
372 2074 416 2106 de
438 2074 572 2107 saisine
595 2081 630 2107 et
651 2074 695 2107 de
717 2074 924 2107 nouvellete
946 2075 1007 2119 qui
1029 2086 1187 2119 propose
1209 2081 1244 2107 et
1264 2074 1409 2107 conclut
1431 2080 1507 2106 tout
1529 2074 1723 2118 pertinent,
1743 2086 1787 2105 en
1808 2085 1867 2106 cas
1889 2073 1932 2105 de
1956 2073 2059 2117 delay
2081 2075 2098 2105 a

225 2144 435 2181 recreance3
454 2140 648 2173 considere
670 2141 756 2185 qu'il
778 2147 831 2174 est
853 2141 984 2174 sondez
1005 2141 1048 2173 de
1066 2141 1162 2173 droit
1178 2153 1347 2173 commun
1369 2143 1387 2173 a
1408 2140 1722 2173 restablissemeut
1743 2140 1919 2184 premiers
1941 2146 1975 2171 et
1995 2145 2099 2171 avaut

225 2213 303 2239 tout
328 2218 451 2248 euvre,
483 2207 572 2240 c'est
601 2208 764 2240 assavoir
792 2219 862 2252 que
890 2208 944 2240 les
970 2207 1196 2240 assemblees
1222 2207 1283 2252 qui
1314 2214 1377 2239 ont
1407 2210 1483 2239 este
1511 2207 1614 2239 saites
1645 2218 1689 2238 en
1718 2206 1826 2238 ladite
1854 2206 1984 2238 saculte
2013 2218 2098 2238 senz

224 2273 387 2318 appeller
407 2274 554 2306 maistre
575 2274 688 2318 Ayme
710 2274 830 2307 soient
851 2275 1006 2307 resectes
1027 2277 1045 2306 a
1066 2274 1241 2318 domages
1262 2274 1399 2306 interes
1421 2280 1455 2306 et
1476 2273 1647 2317 despens.

315 2340 414 2373 Ceux
436 2340 480 2372 de
501 2340 533 2373 la
559 2340 690 2373 sacultc
713 2341 814 2373 dient
839 2353 909 2385 que
936 2340 969 2373 la
990 2340 1121 2373 saculte
1151 2340 1194 2373 de
1218 2340 1345 2373 decrez
1367 2346 1422 2372 est
1443 2339 1557 2372 moult
1578 2339 1687 2371 noble
1709 2346 1744 2371 et
1769 2338 1799 2371 la
1822 2338 1903 2383 plus
1924 2338 2032 2371 noble
2055 2338 2098 2370 de

225 2405 380 2439 l'estude
402 2407 446 2439 de
473 2407 574 2439 Paris
600 2411 706 2452 apres
727 2407 759 2439 la
787 2407 918 2440 saculte
946 2407 989 2440 (le
1019 2407 1221 2452 theologie3
1246 2407 1347 2439 dient
1370 2406 1457 2451 qu’il
1481 2413 1544 2438 ont
1569 2406 1774 2438 ordenanee
1798 2412 1899 2438 entre
1926 2405 2004 2437 euls
2031 2417 2099 2449 que

226 2472 309 2505 nuls
331 2473 482 2506 docteur
503 2481 632 2518 regent
653 2476 670 2506 a
691 2474 791 2506 Paris
813 2486 858 2506 ne
880 2481 966 2519 puet
987 2474 1053 2506 lire
1075 2474 1107 2506 la
1128 2474 1268 2506 leccion
1291 2473 1337 2506 du
1362 2473 1485 2513 inatin,
1510 2479 1544 2505 et
1571 2484 1640 2517 que
1661 2472 1746 2504 bien
1769 2484 1837 2516 que
1860 2474 1876 2504 a
1901 2472 2045 2504 Orlians
2068 2478 2099 2503 ct

226 2542 266 2571 es
287 2545 408 2572 autres
435 2540 584 2572 estudes
605 2540 659 2572 les
681 2540 853 2573 docteurs
875 2540 984 2573 lisent
1006 2543 1023 2572 a
1045 2541 1167 2581 matin,
1192 2552 1236 2572 en
1258 2546 1356 2572 ceste
1378 2539 1463 2572 ville
1485 2551 1529 2571 en
1551 2538 1660 2571 ladite
1682 2538 1811 2571 saculte
1834 2539 1878 2570 de
1900 2538 2026 2570 det-roz
2048 2538 2100 2569 les

226 2605 416 2638 bachelers
437 2605 548 2639 lisent
573 2609 591 2639 a
611 2607 735 2648 matin,
763 2614 798 2640 et
818 2607 872 2639 les
899 2607 1071 2639 docteurs
1093 2607 1204 2639 lisent
1231 2608 1249 2638 a
1277 2606 1404 2651 prime.
1429 2607 1472 2638 Et
1500 2605 1532 2637 la
1561 2605 1682 2637 raison
1704 2612 1759 2637 est
1779 2605 1912 2645 bonne,
1936 2617 1994 2636 car
2015 2605 2100 2636 c‘ost

227 2671 348 2704 raison
370 2684 439 2716 que
465 2672 520 2705 les
541 2673 726 2714 docteurs,
752 2674 813 2718 qui
836 2680 899 2706 ont
925 2673 1166 2718 longuement
1192 2672 1357 2706 traveille
1379 2684 1423 2704 en
1446 2672 1613 2712 l'estude,
1637 2672 1755 2704 soient
1777 2671 1926 2716 alleg-cz,
1953 2677 1983 2702 ct
2012 2682 2102 2714 pour

226 2749 267 2770 ce
288 2738 399 2771 lisent
425 2741 443 2771 a
465 2739 593 2783 prime,
616 2740 677 2784 qui
703 2741 797 2773 n'est
824 2752 887 2785 pas
909 2740 939 2773 si
961 2747 1068 2785 grant
1092 2739 1205 2772 heure
1227 2752 1297 2783 que
1318 2739 1409 2772 celle
1431 2739 1478 2771 du
1501 2739 1630 2779 matin,
1654 2745 1689 2770 et
1709 2738 1762 2770 les
1784 2737 1972 2770 bachelers
1996 2736 2100 2768 lisent

227 2807 245 2837 a
265 2805 376 2837 matin
398 2817 490 2849 pour
511 2813 607 2839 estre
628 2807 781 2839 instruis
803 2818 848 2839 en
869 2806 901 2839 la
923 2807 1080 2839 science.
1105 2807 1213 2839 Dient
1238 2818 1307 2851 quc
1330 2817 1393 2850 par
1414 2805 1468 2837 les
1496 2811 1609 2837 status
1636 2804 1689 2836 les
1712 2804 1881 2836 docteurs
1905 2814 2035 2847 regens
2057 2813 2101 2833 en

228 2871 359 2903 ladicte
387 2872 518 2904 saculte
550 2872 698 2906 doivent
728 2880 823 2906 estre
853 2873 886 2906 le
918 2874 1032 2906 mardi
1062 2877 1180 2918 [apres
1211 2873 1243 2905 la
1274 2873 1487 2912 Toussains]
1520 2874 1538 2903 a
1568 2870 1795 2903 l'assamblee
1827 2870 1869 2901 de
1900 2869 1930 2900 la
1958 2868 2101 2906 saculte,

352 2932 400 2948 *m
419 2930 516 2954 chart.
536 2931 612 2954 Unio.
633 2930 729 2955 Paris.
749 2931 795 2954 111.
1948 2927 1977 2948 5¹1
