2488 3386
432 362 496 395 462
1010 367 1328 391 CHARTULARIUM
1365 366 1554 388 UNiveas.
1591 366 1719 387 rmus.
2198 352 2296 390 [1387

519 445 646 472 Iohanni
661 444 812 474 Guillardi‚
827 444 893 470 cler.
911 444 1053 470 Baiocens.
1070 443 1156 472 dioc.‚
1171 441 1324 475 principa-li
1339 441 1451 467 bedello
1467 442 1527 467 nat.
1544 441 1719 467 Normannie
1733 441 1762 466 in
1780 440 1968 467 Universitate
1985 440 2115 468 Parisius.

519 494 645 520 Johanni
661 493 821 522 Chevillon.
832 488 901 519 cler.
918 493 1043 526 Sagiens.
1058 491 1143 520 dioc..
1158 490 1326 517 subbedello
1343 490 1470 524 predicte
1484 490 1609 516 nationis
1623 490 1776 516 Normanie
1791 489 1821 515 in
1837 490 1946 523 prefata
1959 489 2148 516 Universitate
2164 490 2295 515 Parisius.

521 543 592 568 Item
609 542 735 568 Johanni
749 542 784 568 de
797 542 961 574 Kerouffly,
977 548 1052 566 sacre
1066 539 1169 573 pagine
1181 539 1344 572 professori,
1361 546 1424 565 can.
1444 539 1590 565 Parisiensi
1606 540 1633 565 et
1648 539 1797 572 capellano
1811 538 1942 572 ejusdem
1957 537 2116 564 sanctitatis
2131 540 2230 564 vestre.

522 592 594 617 Item
610 590 736 616 Johanni
752 590 824 619 Gaii,
842 590 921 615 fratri
941 589 1010 615 Ord.
1029 588 1122 617 Pred..
1139 596 1215 614 sacre
1237 587 1342 621 pagine
1363 587 1523 621 professori.
1599 589 1635 613 ut
1656 595 1806 613 remanere
1828 587 1915 620 possit
1937 588 1965 613 et
1985 587 2076 613 valcat
2092 586 2214 613 Parisius
2234 588 2297 620 post

433 640 593 673 regenciam
609 640 637 665 et
651 647 721 665 eum
735 639 771 665 de
785 639 931 664 conventu
945 637 1030 663 Paris.
1047 637 1235 670 assignare...

520 689 592 714 Item
609 689 691 714 Petro
708 687 799 717 Fabri,
814 687 880 713 cler.
899 686 1055 712 Senonens.
1072 685 1158 714 dioc..
1174 692 1250 718 mag.
1269 684 1299 710 in
1314 686 1367 712 art.
1382 685 1410 711 et
1425 684 1486 711 bac.
1501 684 1531 710 in
1546 684 1623 711 decr.
1640 684 1671 710 in
1686 685 1791 718 quarto
1806 691 1884 710 anno
1899 692 1949 710 sue
1962 684 2080 711 lecture.

521 738 594 763 Item
610 736 752 762 Balduino
765 736 902 765 Wastelli,
919 735 985 761 cler.
1000 734 1197 760 Cameracens.
1213 733 1299 762 dioc..
1314 741 1391 766 mag.
1409 733 1440 759 in
1455 735 1522 762 art..
1539 734 1607 760 scol.
1624 734 1655 759 in
1668 733 1756 759 theol.

522 786 595 812 Item
610 785 737 811 Johanni
750 784 854 813 Grossi,
871 784 942 810 diae.
957 784 1086 809 Trecens.
1103 782 1189 811 dioc..
1206 790 1283 816 mag.
1302 782 1331 807 in
1347 783 1413 811 art..
1428 782 1479 815 qui
1494 789 1546 815 per
1560 783 1670 815 septem
1686 789 1777 808 annos
1791 781 1903 808 studuit
1916 781 1947 808 in
1962 782 2052 808 theol.

519 835 592 860 Item
607 834 698 859 Yvoni
714 834 839 866 lIirgoet,
855 833 921 859 cler.
938 832 1141 865 Corisopitens.
1157 831 1243 859 dioc..
1261 839 1338 864 mag.
1355 831 1385 856 in
1400 832 1454 856 art.
1471 832 1499 857 et
1515 831 1576 857 bac.
1594 831 1624 857 in
1638 831 1715 857 med.

521 884 593 909 Item
609 883 770 909 Guillermo
785 882 820 908 de
833 881 964 914 Caperal,
980 881 1207 913 Rothomagens.
1223 879 1297 905 dioc.
1314 880 1394 908 cler..
1411 887 1488 912 mag.
1507 879 1536 905 in
1552 881 1605 905 art.

521 932 592 958 Item
608 931 720 957 Nicolao
734 931 770 957 de
785 930 910 959 Lievilla,
928 929 1054 955 subdiac.
1072 928 1286 955 Constanciens.
1303 928 1389 958 dioc..
1404 936 1481 962 mag.
1498 928 1528 954 in
1543 930 1597 954 art.
1615 929 1643 954 et
1656 928 1722 954 scol.
1738 928 1860 954 Parisius
1875 928 1905 955 in
1917 929 1993 954 decr.

521 981 593 1006 Item
606 980 767 1006 Guillermo
782 979 817 1005 de
832 979 1086 1013 Raynibommara,
1103 978 1208 1011 presb..
1226 985 1302 1011 mag.
1318 977 1348 1003 in
1363 979 1417 1003 art.
1432 979 1460 1004 et
1475 977 1551 1003 stud.
1570 977 1691 1003 Parisius
1705 977 1735 1003 in
1753 977 1803 1003 sac.
1818 977 1895 1004 decr.

521 1030 592 1055 Item
609 1028 770 1054 Guillermo
788 1027 913 1057 Oliverii,
928 1028 995 1053 cler.
1012 1026 1214 1060 Corisopitens.
1231 1026 1318 1055 dioc..
1335 1034 1412 1059 mag.
1430 1026 1460 1052 in
1475 1027 1530 1052 art.
1547 1027 1575 1052 et
1597 1026 1663 1052 scol.
1688 1026 1718 1052 in
1737 1026 1803 1059 jure
1824 1033 1888 1053 can.
1912 1026 2044 1055 Parisius.
2063 1026 2212 1059 capellano
2231 1034 2298 1060 per-

434 1079 521 1111 petuo
536 1077 692 1110 capellanie
706 1077 742 1102 ad
757 1077 845 1102 altare
860 1076 1013 1102 beatorum
1029 1076 1172 1101 Michaelis
1187 1077 1215 1101 et
1228 1075 1370 1101 Anthonii
1385 1075 1415 1100 in
1430 1075 1497 1101 eccl.
1515 1075 1600 1100 Paris.

521 1127 592 1151 Item
609 1126 716 1151 llerveo
730 1125 877 1154 Rousselli.
893 1125 985 1158 presb.
1002 1125 1200 1151 Aul-eltanens.
1218 1124 1303 1153 dioc..
1319 1123 1379 1149 bac.
1395 1123 1425 1149 in
1440 1125 1494 1149 art.
1509 1125 1537 1150 et
1552 1123 1618 1156 leg.,
1635 1131 1667 1149 ae
1681 1123 1792 1149 doctori
1806 1125 1873 1150 actu
1890 1123 2001 1157 regenti
2020 1123 2142 1150 Parisius
2161 1123 2191 1149 in
2208 1123 2284 1151 decr.

433 1174 483 1208 qui
496 1175 531 1200 ab
544 1176 608 1200 octo
623 1174 708 1200 annis
721 1181 800 1200 nunc
813 1181 906 1207 usque
921 1173 1062 1200 continuo
1077 1173 1149 1200 rexit
1164 1180 1195 1199 ac
1211 1173 1294 1206 regit.

520 1224 591 1249 Item
607 1222 733 1248 Johanni
748 1222 890 1251 Ilichardi.
907 1223 974 1248 cler.
993 1222 1186 1248 Suessionens.
1201 1221 1287 1251 dioc.,
1305 1229 1382 1254 mag.
1397 1221 1427 1247 in
1443 1222 1496 1247 art.
1510 1221 1580 1247 etin
1597 1221 1687 1251 med..
1699 1222 1765 1248 actu
1781 1221 1892 1255 regenti
1906 1221 2029 1247 Parisius
2044 1221 2074 1247 in
2090 1222 2141 1248 sac.
2156 1221 2300 1248 medi'cin'e

490 1271 585 1304 vigore
598 1271 688 1304 gratie
703 1271 775 1297 facte
788 1271 818 1296 in
833 1271 1000 1304 primordiis
1015 1271 1177 1297 beatissime
1189 1270 1341 1297 creationis
1356 1272 1446 1296 vestre
1461 1270 1491 1296 in
1507 1270 1595 1296 rotulo
1609 1271 1664 1296 nat.
1682 1270 1806 1296 Francie.

520 1321 592 1346 Item
609 1320 736 1346 Michaeli
751 1320 788 1346 de
803 1320 900 1348 Pratis.
918 1320 985 1346 cler.
1001 1320 1197 1346 Cameracens.
1214 1320 1300 1348 dioc..
1316 1327 1394 1353 mag.
1411 1319 1442 1345 in
1455 1321 1521 1349 art..
1538 1321 1604 1345 actu
1618 1319 1695 1345 stud.
1710 1319 1741 1345 in
1757 1319 1808 1345 sac.
1823 1319 1899 1345 decr.

520 1370 593 1395 Item
608 1369 735 1395 Johanni
751 1369 906 1398 Lamberti,
922 1369 1015 1402 presb.
1032 1369 1228 1395 Cameracens.
1246 1369 1332 1399 dioc„
1350 1376 1427 1402 mag.
1445 1368 1475 1394 in
1490 1370 1555 1397 art..
1571 1369 1639 1394 scol.
1658 1368 1780 1395 Parisius
1795 1368 1825 1394 in
1841 1368 1947 1402 quinto
1959 1375 2037 1395 anno
2052 1368 2083 1394 in
2096 1368 2184 1395 theol.

520 1419 592 1444 Item
608 1418 708 1451 EgIdio
722 1417 757 1444 de
770 1418 936 1447 Dullendio.
952 1418 1018 1443 cler.
1034 1418 1221 1444 Ambianens.
1236 1418 1322 1447 dioc..
1337 1425 1414 1451 mag.
1430 1418 1460 1443 in
1475 1419 1542 1445 art„
1557 1417 1634 1443 stud.
1650 1416 1680 1444 in
1696 1417 1748 1443 sac.
1763 1417 1841 1443 med.
2088 1417 2090 1419 '

520 1468 593 1493 Item
609 1467 690 1492 Petro
706 1466 825 1500 Coquel.
843 1466 1024 1493 Novi0mcnsi
1039 1467 1123 1495 diac..
1141 1474 1218 1500 mag.
1236 1467 1267 1492 in
1282 1468 1335 1492 art.
1349 1468 1377 1493 et
1394 1466 1424 1492 in
1441 1466 1531 1495 med..
1548 1466 1624 1493 stud.
1642 1466 1673 1492 in
1687 1466 1775 1492 theol.
1794 1473 1810 1492 a
1826 1466 1959 1500 quinque
1974 1466 2057 1492 annis
2071 1467 2100 1492 et
2114 1466 2242 1500 amplius

433 1516 484 1549 qui
500 1516 554 1541 snit
569 1523 637 1541 cum
652 1515 762 1540 nuntiis
776 1515 972 1541 Universitatis
987 1515 1134 1542 Avenionc
1149 1523 1202 1549 pro
1216 1515 1350 1542 facultate
1366 1515 1509 1542 medicine
1522 1515 1602 1548 (cum
1615 1515 1703 1542 rotulo
1718 1515 1855 1548 secando).
2049 1549 2056 1586 [
2111 1550 2118 1568 Ἰ

2059 1559 2118 1585 2021

525 1618 548 1640 1.
562 1617 614 1640 Lic.
633 1617 658 1639 in
675 1617 754 1640 theol.
771 1625 813 1641 an.
838 1617 896 1640 1397
914 1625 926 1640 e
943 1617 1032 1641 Οιιιαῖ.
1056 1617 1159 1645 licem„
1177 1617 1222 1640 ubi
1238 1627 1250 1638 α
1267 1616 1426 1641 Godesridus
1445 1617 1584 1641 Lnttacher
1601 1627 1623 1640 ι».
1638 1631 1669 1634 —-
1686 1617 1708 1640 2.
1724 1617 1775 1640 Seu
1789 1617 1860 1641 Jean
1876 1617 1957 1645 Petit,
1974 1616 2018 1648 qui
2043 1618 2140 1640 sumam
2162 1619 2299 1640 assecutus

432 1665 472 1685 est
486 1661 648 1684 defendendo
664 1661 821 1684 occisionem
837 1661 941 1692 tyranni
957 1665 982 1684 et.
997 1661 1122 1684 Ludovici
1138 1661 1212 1684 ducis
1229 1661 1362 1685 Aurelian.
1378 1662 1427 1685 An.
1448 1662 1516 1690 1400,
1536 1661 1605 1689 Maii,
1627 1661 1776 1684 licentiatus
1799 1665 1839 1684 est
1858 1661 1883 1684 in
1900 1661 1979 1684 theol.
2000 1669 2014 1684 e
2031 1661 2117 1686 Catal.
2134 1661 2237 1689 licem.¹
2255 1660 2299 1684 ubi

433 1710 518 1729 tamen
540 1714 679 1737 perperam
693 1705 799 1729 additur
820 1714 830 1728 c(
847 1705 931 1729 Minor
947 1715 967 1734 u,
986 1714 1062 1737 quem
1078 1714 1193 1729 errorem
1210 1706 1300 1737 plures
1318 1706 1487 1738 antiquorum
1500 1706 1671 1732 iteraverunt.
1690 1714 1715 1729 v.
1731 1714 1757 1737 g.
1777 1706 1884 1730 Annal.
1900 1706 2069 1730 Flandrens.
2092 1706 2181 1735 (1580),
2196 1705 2243 1729 lib.
2261 1706 2300 1737 15,

434 1759 461 1781 p.
474 1751 531 1778 2603
549 1750 669 1778 Bzovius,
687 1751 765 1774 Arm.
786 1750 849 1774 eccl.
869 1750 902 1773 ad
924 1758 966 1774 an.
983 1751 1052 1779 1407,
1069 1755 1098 1773 n0
1114 1751 1156 1779 11;
1173 1751 1313 1782 Wadding,
1335 1753 1411 1775 Anu.
1432 1750 1513 1779 Min.r
1531 1751 1572 1780 IX,
1591 1751 1650 1778 31'23;
1674 1750 1797 1779 Bulaeus,
1813 1751 1841 1778 V,
1859 1751 1912 1774 895.
1933 1750 2066 1774 Johannes
2085 1750 2163 1774 Parvi
2176 1758 2222 1773 seu
2236 1750 2300 1773 Jean

434 1794 499 1817 Petit
514 1794 590 1819 nulli
607 1794 707 1818 ordini
723 1795 883 1824 adscriptus
901 1799 968 1822 erae,
988 1798 1016 1818 ut
1036 1795 1175 1826 Chapotin,
1193 1796 1234 1819 La
1247 1801 1350 1826 quei-re
1371 1796 1403 1819 de
1420 1795 1484 1819 Cent
1499 1802 1561 1824 ans,
1574 1795 1682 1819 Jeanne
1696 1794 1780 1819 d'Arc
1797 1799 1821 1819 et
1838 1794 1875 1819 les
1898 1794 2095 1819 Dominicains
2110 1794 2204 1824 (Paris,
2221 1794 2302 1824 1889),

434 1848 461 1870 p.
478 1840 516 1866 56,
533 1840 570 1866 58,
592 1840 630 1867 60,
649 1839 780 1869 probavit,
802 1842 827 1862 et
842 1847 909 1862 nune
929 1847 976 1870 per
992 1839 1114 1870 superius
1131 1839 1200 1863 dicta
1216 1843 1241 1863 et.
1257 1848 1305 1871 per
1320 1840 1435 1863 rotulum
1453 1847 1495 1863 an.
1514 1840 1574 1863 1403
1590 1839 1652 1869 (vid.
1669 1842 1733 1863 tom.
1756 1840 1788 1862 lv
1812 1839 1960 1868 Chartuffl.
1981 1839 2086 1870 quando
2104 1839 2159 1870 jam
2176 1838 2303 1870 magister

434 1883 460 1906 in
476 1883 554 1906 theol.
573 1883 628 1911 suit7
653 1886 723 1906 certo
743 1883 840 1906 certius
856 1884 983 1907 redditur.
1005 1885 1037 1907 Et
1054 1884 1115 1907 licet
1137 1884 1205 1907 hanc
1226 1884 1383 1908 sententiam
1402 1884 1458 1915 jam
1475 1887 1567 1907 auctor
1588 1885 1691 1908 Chron.
1713 1885 1752 1908 du
1774 1883 1825 1908 rel.
1841 1885 1873 1907 de
1896 1884 1925 1908 S.
1943 1885 2046 1914 Denys,
2064 1884 2108 1912 ΙΙΙ,
2130 1884 2185 1914 754,
2202 1883 2304 1911 Ουόῑίῐ-

437 1927 548 1956 Echard,
562 1928 583 1956 Ι,
594 1928 637 1950 754
652 1927 705 1959 (qui
717 1936 856 1959 perperam
871 1928 970 1959 opinati
983 1932 1045 1952 sunt
1056 1929 1220 1952 licentiatum
1231 1937 1274 1953 an.
1288 1930 1349 1953 1400
1362 1929 1444 1954 ulium
1458 1928 1539 1952 fuisse
1554 1936 1584 1951 ac
1599 1928 1745 1952 Johannem
1757 1928 1834 1952 Parvi
1847 1928 2012 1952 defensorem
2024 1928 2164 1952 occisionis
2176 1927 2302 1959 tyranni),

436 1972 600 2003 D‘Argentrd,
618 1972 767 2002 Coll.jud.,
784 1973 817 2001 1²,
833 1981 859 2004 p.
875 1973 928 2003 184,
942 1974 1128 2004 expresserint,
1143 1971 1314 1998 nihilominus
1328 1981 1411 2005 usque
1424 1973 1456 1996 ad
1472 1976 1562 1996 nostra
1577 1977 1697 2004 tempora
1712 1973 1794 2004 aliqui
1810 1981 1870 1996 eum
1880 1973 1943 1997 Ord.
1957 1973 2050 1997 Praed.
2068 1973 2158 2001 fuisse,
2171 1972 2302 1996 nescimus

436 2024 486 2047 qua
501 2025 531 2039 ex
546 2024 637 2048 eausa,
656 2017 831 2047 pronunciant
847 2017 893 2046 (sic
909 2017 1013 2041 Simeon
1029 2019 1105 2046 Luce,
1122 2019 1228 2043 Jeanne
1246 2018 1330 2043 d'Arc
1351 2019 1369 2043 ὰ
1391 2018 1552 2049 ’Βοηυ-εννιῃ,
1568 2026 1595 2050 p.
1619 2024 1727 2046 ccxx1x;
1744 2017 1912 2045 Tschuckert,
1932 2018 2015 2042 Peter
2034 2025 2059 2042 v.
2083 2017 2164 2046 Ailli,
2187 2025 2214 2049 p.
2237 2018 2303 2046 264),

436 2061 495 2084 aliis
510 2069 568 2084 eum
586 2061 666 2084 fuisse
686 2061 749 2086 Ord.
766 2061 828 2085 Min.
848 2062 1039 2085 affirmantibus
1056 2063 1119 2092 (vid.
1142 2063 1272 2091 Michelet,
1288 2063 1358 2088 Hist.
1380 2064 1412 2087 de
1430 2063 1548 2092 France,
1571 2063 1614 2092 IV,
1633 2063 1691 2091 169;
1715 2062 1840 2091 ὓίεεεΙετ,
1858 2062 2086 2093 Κίνοήενιῃεεοὴ.,
2109 2063 2141 2091 11,
2157 2063 2180 2091 3,
2198 2069 2226 2093 p.
2244 2062 2302 2090 263;

438 2106 532 2133 Ranke,
554 2106 721 2136 Welzqesch„
739 2106 781 2135 lx,
797 2106 856 2134 235;
876 2107 973 2135 IIeseIe,
995 2108 1237 2138 Concilienyesch„
1259 2108 1315 2136 vu,
1335 2108 1393 2135 175;
1420 2107 1622 2139 Hergenrmher,
1642 2107 1870 2138 Kirchenqesch„
1888 2107 1922 2136 ΙΙ,
1943 2108 2001 2135 795ς
2025 2107 2227 2134 Hnttebruuker,
2248 2106 2305 2130 Der

437 2149 678 2174 Minariacum-den
698 2157 755 2175 zur
769 2151 827 2175 Zeit
852 2152 897 2175 des
921 2158 1036 2182 yrossen
1059 2152 1210 2181 Schismas,
1228 2153 1295 2181 1893,
1320 2161 1346 2184 p.
1368 2153 1416 2182 85).
1440 2154 1460 2176 Α
1478 2152 1597 2176 Johanne
1619 2151 1707 2179 Parvi,
1729 2151 1857 2183 magistro
1880 2151 1907 2174 in
1929 2151 2020 2180 theol„
2040 2151 2242 2183 distinguendus
2265 2154 2305 2174 est

438 2202 548 2217 coaevus
564 2194 696 2218 Johannes
713 2195 800 2224 Parvi,
821 2195 966 2219 medicinae
981 2204 1061 2227 mag..
1078 2200 1103 2220 et
1118 2197 1202 2220 dioec.
1217 2198 1338 2221 Remens.
1350 2210 1381 2215 —
1396 2198 1419 2220 3.
1435 2197 1482 2220 Ms.
1500 2205 1505 2220 :
1524 2205 1535 2220 a
1549 2196 1677 2220 Bonnerie
1691 2205 1714 2220 n.
1729 2210 1759 2214 —
1773 2197 1796 2219 4.
1814 2197 1842 2220 In
1857 2196 1943 2220 rotulo
1958 2196 2114 2228 particulari
2129 2195 2257 2220 Johannis
2273 2195 2304 2218 de

439 2238 551 2261 Sanctis.
568 2253 595 2256 —
613 2241 634 2262 5.
652 2239 670 2262 I.
687 2247 709 2262 e.
726 2239 751 2262 in
768 2240 853 2263 rotulo
870 2248 965 2271 magno
981 2241 1168 2264 Universitatis
1184 2249 1226 2264 an.
1243 2241 1313 2266 1379.
1330 2255 1362 2260 —
1375 2243 1398 2265 6.
1417 2242 1511 2265 Postea
1525 2241 1674 2272 theologiae
1690 2241 1799 2269 studuit,
1816 2244 1840 2264 et
1856 2249 1897 2264 an.
1920 2241 1982 2264 1410
1998 2241 2076 2270 (1411)
2098 2240 2248 2263 licentiatus
2266 2243 2306 2263 est

440 2291 452 2305 e
468 2282 556 2307 Catul.
573 2283 665 2307 licem.
683 2297 709 2300 —
723 2284 745 2307 7.
763 2284 860 2307 Licent.
878 2284 903 2307 in
919 2285 998 2308 theol.
1018 2293 1031 2308 e
1048 2286 1137 2310 Catal.
1151 2286 1244 2310 licent.
1259 2294 1302 2310 an.
1315 2285 1385 2310 1408.
1403 2299 1429 2304 -
1446 2287 1468 2310 8.
1484 2286 1581 2310 Licent.
1602 2286 1628 2309 in
1646 2285 1726 2309 theol.
1741 2293 1754 2308 e
1770 2285 1860 2310 Catal.
1876 2285 1968 2310 licent.
1982 2293 2026 2309 an.
2042 2285 2110 2308 1405.
2123 2286 2188 2308 -9,
2203 2285 2239 2308 De
2254 2293 2305 2316 quo

438 2326 491 2357 jam
507 2335 587 2358 supra
603 2336 628 2357 p.
647 2328 700 2356 264,
720 2328 763 2358 qui
780 2328 867 2352 licent.
883 2332 923 2352 est
944 2329 970 2352 in
991 2329 1069 2353 theol.
1089 2338 1131 2354 an.
1152 2330 1213 2353 1305
1230 2339 1243 2354 e
1263 2331 1351 2355 Catal.
1373 2330 1466 2355 licent.
1482 2344 1511 2348 —
1526 2331 1564 2354 10.
1585 2330 1656 2353 Sitne
1677 2339 1688 2353 (ι
1705 2330 1862 2367 Guillelmus
1880 2329 2072 2360 Pulcrinepotis
2089 2337 2112 2357 »,
2127 2329 2172 2360 qui
2187 2337 2200 2352 e
2216 2329 2305 2354 Catal.

441 2371 530 2394 licent.
546 2371 693 2394 licentiatus
707 2375 746 2395 est
760 2376 819 2395 ante
834 2374 927 2396 festum
944 2374 971 2397 S.
987 2374 1114 2397 Johannis
1131 2383 1173 2398 an.
1188 2375 1265 2398 1408?
1278 2376 1349 2398 Infra
1363 2375 1471 2398 affertur
1490 2383 1500 2398 α
1518 2375 1675 2399 Guillelmus
1691 2374 1799 2406 Nepotis
1817 2383 1838 2397 ».
1853 2387 1878 2392 -
1893 2374 1931 2398 11.
1948 2375 2021 2398 Unus
2035 2382 2096 2397 vero
2108 2376 2211 2397 tantum
2228 2373 2306 2396 istius

442 2415 565 2445 temporis
581 2415 682 2439 rotulus
698 2419 773 2439 notus
790 2420 838 2440 est.
858 2430 884 2435 —
906 2418 943 2441 12.
960 2418 980 2443 1.
999 2426 1021 2442 e.
1038 2419 1223 2451 Universitatis
1240 2412 1326 2443 Paris.
1341 2433 1369 2437 —
1389 2420 1428 2443 13.
1447 2420 1596 2451 Espaloue?
1612 2433 1639 2437 —
1665 2419 1703 2442 14.
1726 2419 1773 2442 Ms.
1791 2427 1804 2451 :-
1821 2429 1833 2440 κ
1849 2419 1932 2442 Desuc
1947 2429 1969 2442 υ.
1989 2432 2019 2436 -—
2035 2418 2072 2442 15.
2093 2417 2252 2442 Licentiatus
2267 2420 2308 2441 est

442 2459 563 2482 Nicotaus
581 2470 593 2481 (ι
610 2460 740 2483 Pictemen
757 2471 769 2481 υ
790 2461 815 2484 in
832 2461 910 2485 theol.
931 2470 974 2486 an.
991 2463 1061 2492 1400,
1082 2461 1142 2486 Maii
1161 2464 1182 2492 2,
1201 2472 1214 2487 c
1232 2464 1322 2489 Catal.
1336 2464 1428 2488 licent.
1445 2478 1474 2481 —
1493 2464 1530 2487 16.
1549 2463 1591 2487 Sic
1611 2463 1636 2486 in
1656 2467 1717 2487 ms0.
1738 2464 1771 2487 Le
1787 2463 1860 2486 Hae?
1877 2464 1924 2486 An.
1942 2463 2002 2486 1392
2018 2462 2125 2494 quidam
2140 2463 2165 2486 J.
2182 2462 2237 2486 Hae
2258 2463 2307 2486 suit

443 2504 582 2526 canonicus
600 2504 681 2528 Paris.
699 2505 785 2534 (Arch.
801 2509 854 2529 nat.
871 2506 918 2529 LL.
938 2506 1019 2536 108³).
1843 2501 1845 2504 -

1071 2600 1231 2623 RoTULus
1254 2601 1421 2623 NA'r10N1s
1447 2601 1676 2623 ANGLICANAE.

448 2690 601 2723 Sequuntur
611 2690 703 2724 aliqua
715 2692 854 2724 supposita
868 2693 984 2718 nationis
995 2694 1152 2728 Angylicane,
1165 2702 1217 2728 pro
1227 2695 1326 2728 quibus
1339 2695 1472 2728 supplicat
1485 2695 1623 2721 sanctitati
1635 2696 1723 2721 vestre
1740 2695 1906 2721 Universitas
1920 2695 2113 2730 magistrorum
2124 2697 2148 2721 et
2163 2695 2308 2721 scolarium

805 2741 928 2767 Paris-ius
943 2742 1116 2770 studentium.
1133 2743 1200 2769 sicut
1212 2751 1265 2776 pro
1281 2744 1419 2778 magistris
1434 2743 1551 2769 aliarum
1567 2744 1706 2770 nationum
1718 2744 1945 2777 prescriptarum.

534 2825 608 2852 Item
624 2826 766 2861 supplicat
779 2829 920 2855 sanctitati
938 2832 1027 2857 vestre
1041 2831 1161 2858 devotus
1176 2830 1280 2858 vester*
1299 2832 1439 2859 Henricus
1455 2832 1592 2859 Poelrnan
1606 2833 1642 2859 de
1660 2831 1819 2863 Arnhem2,
1835 2833 2008 2867 Trajeetens.
2032 2832 2118 2864 dioc..
2139 2832 2311 2868 procurator

437 2874 509 2903 ;nat-.
522 2873 649 2907 Anglic..
662 2883 740 2910 mag.
756 2876 788 2902 in
802 2879 856 2903 art.
872 2880 938 2904 actu
954 2887 1056 2912 regens
1075 2880 1197 2907 Parisius
1216 2881 1248 2907 in
1262 2881 1424 2908 earundem
1445 2881 1590 2911 facultate,
1607 2883 1635 2908 et
1650 2882 1718 2908 scol.
1733 2881 1764 2908 in
1779 2882 1871 2909 theol.
1885 2890 1902 2909 a
1916 2890 1964 2909 sex
1977 2882 2061 2909 annis
2075 2882 2147 2909 citra
2158 2882 2203 2909 vel
2216 2881 2308 2916 quasi.

534 2922 607 2948 Item
621 2923 817 2952 Ghiselbertus
831 2926 866 2953 de
879 2927 993 2957 Werne,
1007 2928 1177 2962 Trajectens.
1192 2929 1278 2960 dioc..
1295 2937 1372 2964 mag.
1393 2929 1423 2956 in
1438 2931 1491 2957 art.
1513 2938 1530 2957 a
1549 2932 1678 2965 quatuor
1691 2931 1775 2957 annis
1790 2931 1860 2958 citra
1875 2932 1904 2958 et
1922 2931 1990 2958 scol.
2006 2931 2038 2958 in
2056 2931 2135 2958 med.
2153 2938 2170 2957 a
2183 2930 2309 2957 duobus.
