2488 3386
456 356 521 388 656
1279 361 1495 383 APPENDIX.

545 438 584 474 (9)
599 440 671 465 Item
680 439 791 472 jurabit
806 446 865 464 non
881 438 993 464 tradere
1006 437 1115 463 librum
1131 437 1275 463 facultatis
1289 436 1385 465 alicui,
1401 435 1454 461 nisi
1470 435 1534 461 talis
1549 435 1650 461 doctor
1662 443 1764 468 regens
1776 435 1887 463 existat,
1904 434 1951 460 cui
1966 435 2010 460 vel
2023 434 2200 461 manualiter
2213 435 2327 462 tradere

454 488 550 517 debet,
569 488 611 513 vel
630 488 650 513 si
672 495 722 520 per
736 487 838 516 alium,
855 487 940 513 debet
957 488 1028 512 tunc
1043 486 1160 512 mittere
1181 486 1313 512 clausum
1330 487 1358 511 et
1373 485 1543 517 sigillatum.
1558 484 1594 509 Et
1608 483 1696 510 etiam
1712 484 1771 510 vice
1791 491 1870 510 versa
1894 483 2010 509 debebit
2024 483 2126 509 doctor
2140 491 2192 516 per
2205 491 2234 510 se
2247 484 2326 510 resti-

453 539 536 563 tuere
552 537 661 562 decano
676 536 822 569 prefatum
842 535 963 565 librum.
980 536 1024 561 vel
1042 535 1063 561 si
1080 543 1132 568 per
1148 535 1250 563 alium,
1270 534 1429 567 sigillatum
1445 534 1479 558 ut
1494 540 1591 566 supra.
1613 532 1698 565 Quod
1722 532 1753 562 si,
1767 540 1846 559 secus
1861 534 1960 558 actum
1976 532 2073 560 fuerit.
2090 532 2258 566 puniendus
2272 532 2327 559 erit

454 586 507 619 qui
521 586 576 611 hoc
591 585 688 611 fecerit
703 585 739 610 ad
754 584 908 610 arbitrium
919 585 1072 610 facultatis.

545 634 600 667 (ιο)
616 633 706 659 Item⁴
722 633 758 659 ad
773 633 905 659 officium
920 633 1020 659 decani
1036 634 1145 666 spectat
1160 640 1214 665 pro
1232 632 1358 658 utilitate
1375 630 1602 657 baccalariorum
1615 630 1646 656 in
1661 630 1782 664 registro
1798 630 1942 656 facultatis
1957 630 2079 656 scribere
2093 629 2216 656 nomina
2230 629 2324 656 bacca-

455 683 596 709 lariorum
619 682 780 715 legentium
807 682 938 715 quolibet
959 690 1047 710 anno,
1071 683 1099 707 et
1122 682 1153 706 in
1175 681 1283 714 quibus
1304 680 1395 709 scolis,
1421 687 1480 713 qua
1499 679 1571 705 hora
1595 680 1692 712 legent
1707 681 1735 705 et
1750 679 1838 705 etiam
1862 687 1915 713 pro
1934 681 2026 713 quoto
2040 679 2200 709 volumine,
2217 680 2246 705 et
2259 679 2327 712 ipsis

455 732 570 758 cedulas
585 739 671 764 super
686 731 802 757 lecturis
816 731 939 764 sigillare
954 732 1043 764 prout
1057 730 1125 755 alibi
1138 737 1224 763 supra
1237 731 1278 755 est
1293 729 1406 755 dictum
1422 730 1450 754 et
1463 730 1608 754 statutum
1615 727 1635 754 5.

543 780 600 814 (11)
616 781 689 806 Item
704 788 772 805 cum
789 780 924 813 predictis
942 779 1110 805 immediate
1130 778 1277 804 tenebitur
1295 778 1422 804 decanus
1438 777 1469 802 in
1484 784 1563 803 anno
1580 777 1692 810 jubileo
1706 778 1771 810 post
1792 777 1939 803 licentiam
1955 784 2062 810 ponere
2077 778 2203 810 tempus.
2220 776 2251 802 in
2266 784 2327 810 quo

454 829 581 855 volentes
596 830 667 854 tunc
682 829 807 862 incipere
822 829 914 861 legere
929 828 1070 860 incipiant
1085 835 1167 852 suam
1182 827 1335 855 lecturam,
1353 828 1386 852 ut
1399 826 1437 852 sic
1452 826 1580 851 sciantur
1593 826 1743 852 baccalarii
1755 828 1956 855 excrescentes,
1973 826 2104 852 videlicet
2119 826 2171 859 qui
2183 826 2281 859 legent
2295 825 2326 852 in

454 878 536 904 scolis
554 878 770 903 licentiatorum
786 878 835 902 illo
853 885 940 906 anno,
957 884 1086 910 quorum
1102 876 1239 901 salarium
1255 877 1283 902 et
1298 875 1398 909 pensio
1411 875 1555 900 scolarum
1571 882 1623 908 pro
1638 876 1699 900 rata
1721 874 1861 908 temporis
1874 875 1982 901 debent
1997 875 2094 901 venire
2112 875 2148 900 ad
2167 874 2327 901 utilitatem

455 926 608 953 facultatis.
625 926 660 952 de
675 934 735 959 quo
750 926 837 951 hahet
852 926 946 951 dictus
960 925 1086 951 decanus
1099 924 1218 950 reddere
1233 924 1318 950 fidele
1333 925 1516 956 compotum.

544 975 599 1008 (12)
622 976 694 1001 Item
710 976 737 1000 et
753 975 821 1008 quia
837 974 941 1000 rationi
957 976 1096 1000 consonat
1117 975 1151 999 ut
1171 974 1223 1006 qui
1243 973 1279 999 ad
1299 981 1374 999 onus
1394 973 1563 1001 assumitur,
1586 980 1646 998 non
1667 972 1769 998 debeat
1787 979 1803 998 a
1823 972 1956 998 mercede
1980 973 2089 1006 repelli,
2109 974 2254 999 statutum
2273 975 2325 1002 est,

455 1026 543 1058 prout
564 1024 652 1049 moris
667 1025 717 1052 est.
737 1023 817 1057 quod
832 1023 976 1048 decanusG
990 1031 1044 1056 pro
1059 1023 1190 1056 qualibet
1203 1023 1298 1048 littera
1314 1022 1465 1055 sigillanda
1481 1029 1567 1054 super
1582 1021 1699 1047 lecturis
1718 1021 1952 1047 bachalariorum
1968 1029 1983 1047 a
2001 1021 2132 1055 quolibet
2151 1022 2324 1052 bachalario.

454 1073 506 1106 qui
529 1073 663 1098 habuerit
682 1072 814 1098 cedulam
835 1072 962 1104 sigillari,
983 1072 1102 1105 recipiat
1121 1072 1195 1097 duos
1214 1071 1319 1097 solidos
1338 1070 1485 1103 parisiens.
1507 1071 1542 1096 ad
1559 1078 1628 1096 usus
1643 1078 1709 1096 suos
1723 1070 1856 1104 proprios
1878 1071 2098 1100 convertendos,
2115 1072 2150 1096 ut
2165 1071 2239 1097 sicut
2251 1078 2327 1098 onus

455 1121 550 1147 sentit.
565 1122 603 1146 ita
617 1121 719 1147 sentiat
734 1121 981 1147 emolumentum.
999 1121 1070 1146 Nam
1086 1120 1241 1146 bachalarii
1254 1128 1270 1146 a
1285 1120 1386 1145 multis
1398 1119 1537 1145 oneribus
1553 1121 1581 1145 et
1597 1119 1711 1152 magnis
1725 1119 1855 1153 expensis
1870 1119 1981 1145 ratione
1995 1119 2214 1153 propositorum
2229 1120 2326 1146 remis-

455 1178 553 1196 sorum
570 1171 636 1195 sunt
652 1170 777 1195 relevati.

543 1218 596 1251 (13)
613 1219 685 1244 Item
696 1218 796 1244 decani
809 1218 928 1243 arbitrio
944 1218 1132 1251 relinquitur,
1146 1218 1254 1251 quibus
1267 1217 1438 1243 bachalariis
1451 1224 1532 1243 casus
1547 1216 1721 1250 positionem
1737 1218 1765 1243 et
1780 1217 1988 1243 extractionem
2003 1217 2179 1243 notabilium
2195 1225 2226 1244 ac
2238 1217 2326 1244 lectu-

456 1275 518 1292 ram
535 1267 683 1300 glosarum
699 1267 751 1292 uni
767 1267 811 1293 vel
826 1267 961 1300 pluribus
976 1267 1119 1300 imponat.

543 1316 566 1349 (1
573 1315 599 1349 Δ)
615 1316 687 1341 Item
703 1316 814 1341 ratione
829 1316 872 1341 sui
888 1315 975 1341 officii
993 1315 1078 1341 debet
1093 1315 1189 1341 omnis
1204 1323 1325 1348 arguere
1341 1317 1401 1340 tam
1417 1316 1518 1341 contra
1534 1314 1742 1340 examinandos
1757 1314 1793 1340 ad
1808 1314 1934 1347 gradum
1953 1314 2163 1341 bachalariatus
2182 1315 2327 1349 accipien—

454 1365 537 1393 dum,
554 1366 613 1390 tam
629 1366 728 1390 contra
744 1364 881 1390 admissos
894 1364 923 1390 in
939 1364 1071 1390 examine
1084 1372 1137 1398 pro
1152 1364 1267 1390 licentia
1283 1364 1452 1393 obtinenda,
1467 1365 1495 1389 et
1510 1365 1611 1389 contra
1624 1371 1697 1397 quos
1712 1363 1747 1389 de
1760 1363 1924 1389 baccalariis
1937 1363 2070 1389 voluerit.

543 1413 599 1447 (15)
615 1414 687 1439 Item
702 1413 829 1439 decanus
850 1413 998 1438 tenebitur
1012 1413 1157 1439 exhortari
1173 1414 1201 1439 et
1216 1420 1336 1438 monere
1351 1420 1454 1438 omnes
1473 1414 1501 1438 et
1521 1412 1651 1446 singulos
1669 1412 1800 1438 doctores
1822 1412 1962 1445 quatinus
1983 1412 2118 1445 graciose,
2135 1412 2282 1439 caritative
2297 1414 2327 1440 et

456 1462 601 1487 fructuose
616 1462 784 1488 examinent
797 1469 899 1487 omnes
914 1462 1101 1490 bachalarios,
1116 1463 1144 1488 et
1160 1469 1220 1487 non
1235 1462 1303 1487 odio
1316 1469 1369 1487 nec
1383 1461 1534 1487 iracundia
1549 1461 1704 1494 procedere
1719 1461 1755 1486 ad
1771 1468 1893 1487 examen
1912 1461 2077 1494 cujuslibet.

543 1511 598 1544 (16)
612 1511 684 1536 Item
700 1511 800 1536 decani
816 1510 961 1536 incumbit
976 1511 1071 1536 officio
1086 1511 1218 1536 inhibere
1237 1510 1357 1536 cuilibet
1376 1510 1540 1535 bachalario
1555 1517 1606 1543 per
1622 1518 1709 1536 suum
1723 1510 1940 1543 juramentum,
1958 1517 1995 1535 ne
2010 1510 2150 1544 impediat
2165 1518 2326 1543 argumen-

455 1561 519 1584 tum
534 1559 578 1585 vel
593 1559 769 1585 solutionem
785 1559 827 1585 sui
844 1559 977 1587 consocii.
990 1567 1042 1585 nec
1058 1559 1195 1585 solutioni
1213 1558 1261 1594 [se]
1276 1559 1434 1592 opponat7,
1450 1566 1502 1584 nec
1514 1559 1690 1584 solutionem
1707 1566 1759 1592 pro
1774 1558 1836 1592 ipso
1851 1558 1969 1592 recipiat
1984 1566 2106 1592 quoquo
2119 1559 2218 1585 modo.

542 1607 597 1642 (17)
610 1608 684 1633 Item
700 1610 844 1633 statutum
860 1610 901 1634 est
916 1608 995 1641 quod
1011 1608 1142 1634 decetero
1157 1608 1396 1641 quibuscumque
1411 1608 1502 1633 causis
1517 1607 1741 1641 particularibus
1758 1607 1943 1636 facultatum.
1956 1607 2165 1640 magistrorum
2176 1608 2220 1633 vel
2235 1608 2327 1634 scola-

454 1657 532 1682 rium
548 1657 592 1682 vel
613 1657 702 1682 etiam
722 1657 919 1682 Universitatis
941 1657 1168 1689 emergentibus.
1186 1657 1239 1682 nisi
1260 1657 1341 1690 prius
1357 1656 1554 1683 Universitatis
1569 1664 1653 1682 causa
1670 1656 1757 1682 fuerit
1778 1656 1942 1685 necessaria,
1964 1664 2072 1690 urgens
2086 1658 2115 1683 et
2131 1657 2285 1691 expediens
2299 1658 2329 1684 et.

454 1707 562 1731 statum
582 1705 671 1738 ipsius
690 1707 751 1731 tam
770 1706 800 1731 in
820 1706 912 1739 capite
934 1714 1025 1739 quam
1047 1706 1076 1731 in
1100 1705 1240 1731 membris
1255 1713 1441 1734 concernens,
1461 1705 1588 1732 decanus
1603 1704 1727 1731 scilicet⁸
1746 1705 1931 1731 decretorum
1954 1713 2014 1731 non
2036 1705 2128 1732 valeat
2149 1713 2199 1732 seu
2213 1705 2326 1736 debeat.

454 1754 541 1780 etiam
557 1755 676 1780 nomine
691 1755 843 1783 facultatis.
861 1755 918 1780 suis
933 1755 1099 1788 sumptibus
1112 1756 1140 1781 et
1153 1755 1283 1788 expensis
1295 1755 1443 1784 adherere,
1459 1755 1512 1780 nisi
1526 1755 1606 1788 prius
1621 1754 1760 1780 omnibus
1774 1754 1941 1780 doctoribus
1956 1755 2124 1788 regentibus
2139 1755 2228 1788 ipsius
2240 1755 2326 1781 facul-

454 1803 520 1828 tatis
534 1811 620 1836 super
635 1804 689 1829 hoc
702 1803 795 1829 tribus
811 1804 910 1829 edictis
925 1803 1094 1829 solemniter
1109 1805 1137 1829 et
1149 1811 1200 1836 per
1212 1804 1419 1837 juramentum
1435 1804 1594 1837 specialiter
1609 1803 1740 1833 evocatis,
1758 1803 1801 1829 vel
1817 1811 1877 1829 uno
1893 1803 2090 1837 peremptorio
2106 1803 2200 1830 edicto
2214 1804 2246 1830 in
2260 1811 2327 1840 casu

454 1852 584 1885 urgentis
601 1852 781 1879 necessitatis.
797 1854 824 1878 et
837 1853 903 1885 lpsis
918 1853 1166 1878 consentientibus
1179 1853 1209 1878 in
1224 1853 1355 1885 gratiosis
1370 1853 1411 1878 vel
1426 1853 1531 1886 majori
1545 1854 1636 1886 parte,
1653 1852 1779 1878 maxime
1794 1852 1825 1878 in
1838 1852 2058 1886 expedientibus
2072 1854 2100 1878 et
2113 1852 2260 1886 rigorosis:
2275 1860 2328 1879 nec

454 1901 545 1926 valeat
559 1901 727 1927 deliberatio
742 1901 843 1927 decani
862 1901 891 1926 in
909 1901 1099 1927 Universitate
1115 1902 1187 1927 sacta
1201 1902 1294 1934 ipsam
1312 1902 1481 1927 facultatem
1497 1901 1669 1935 hujusmodi
1684 1901 1890 1927 adhesionibus
1911 1901 2048 1935 obligare.
2065 1901 2120 1927 nisi
2139 1901 2220 1936 prius
2234 1901 2328 1928 forma

454 1951 482 1975 et
497 1951 596 1975 tenore
609 1950 729 1983 predicti
744 1950 844 1975 statuti
859 1952 885 1975 et
901 1958 953 1983 per
965 1950 1172 1983 juramentum
1186 1950 1301 1976 servatis
1314 1952 1348 1976 ut
1364 1958 1460 1984 supra.

543 1998 599 2032 (18)
614 1999 687 2024 Item
702 1999 737 2024 ad
753 1999 885 2024 officium
900 1999 1001 2025 decani
1017 2001 1126 2032 spectat
1142 1999 1247 2025 hahere
1262 2007 1402 2032 magnam
1418 2000 1567 2033 papirum,
1584 1999 1615 2025 in
1628 2007 1687 2033 qua
1702 1999 1805 2025 scribet
1817 2006 1919 2025 omnes
1934 1999 2154 2025 deliberationes
2169 1999 2324 2028 facultatis.
2350 1996 2354 2000 ’

455 2047 575 2073 nomina
599 2047 826 2073 baccalariorum
849 2048 1011 2081 legentium
1028 2049 1056 2074 et
1079 2055 1139 2074 non
1161 2048 1334 2081 legentium,
1352 2048 1581 2077 licentiatorum,
1606 2048 1764 2074 doctorum
1785 2048 1951 2081 regentium
1967 2049 1995 2074 et
2019 2056 2080 2074 non
2104 2048 2282 2082 regentium.
2298 2049 2327 2075 et

454 2096 649 2129 receptionem
664 2096 857 2129 pecuniarum
870 2097 1024 2122 facultatis.

542 2144 598 2179 (19)
613 2145 686 2170 Item
710 2145 745 2170 ad
768 2145 982 2178 providendum
1007 2147 1108 2171 contra
1131 2145 1244 2179 aliquos
1268 2146 1384 2175 abusus,
1409 2146 1460 2180 qui
1484 2146 1520 2173 de
1542 2154 1617 2172 novo
1632 2146 1806 2172 dicebantur
1826 2145 1899 2175 fieri,
1916 2147 1944 2172 et
1966 2147 2000 2171 ut
2021 2153 2091 2172 cum
2106 2153 2180 2179 pura
2195 2146 2327 2180 equitate

454 2193 586 2219 obvietur
601 2194 818 2226 gravaminibus
835 2194 1029 2223 studentium,
1046 2194 1203 2220 statuimus
1218 2195 1298 2228 quod
1311 2195 1437 2221 decanus
1453 2203 1513 2221 non
1529 2195 1617 2229 possit
1629 2196 1742 2228 exigere
1757 2203 1810 2221 nec
1822 2195 1917 2227 exigat
1931 2194 2063 2220 decetero
2076 2202 2092 2220 a
2107 2194 2263 2221 scolaribus
2277 2202 2327 2221 seu

454 2241 624 2270 baccalariis.
642 2242 696 2268 nisi
709 2243 896 2268 solummodo
911 2251 926 2268 a
941 2243 1073 2276 quolibet
1086 2243 1244 2269 baccalario
1260 2244 1372 2270 noviter
1385 2244 1543 2278 incipiente
1555 2244 1629 2270 duos
1639 2244 1744 2270 solidos
1758 2244 1913 2270 dumtaxat
1927 2251 1981 2277 pro
1996 2243 2178 2276 registrando
2190 2243 2325 2269 cedulam

454 2290 542 2323 ipsius
555 2290 702 2316 baccalarii
719 2292 830 2317 noviter
844 2291 1009 2325 incipientis
1020 2292 1104 2325 juxta
1119 2293 1227 2317 statuta
1241 2293 1394 2318 facultatis.
1412 2293 1446 2318 Et
1459 2293 1540 2326 quod
1556 2293 1651 2319 dictus
1665 2293 1792 2319 decanus
1806 2300 1858 2318 nec
1876 2292 2014 2325 pecunias
2031 2300 2084 2318 nec
2098 2293 2216 2325 pastum
2230 2291 2326 2325 exigat

455 2346 470 2364 a
485 2339 566 2364 dictis
579 2339 740 2365 baccalariis
755 2340 808 2365 sub
823 2348 898 2373 pena
912 2341 1080 2373 privationis
1095 2348 1110 2366 a
1126 2341 1255 2373 regentia
1270 2349 1322 2374 per
1337 2349 1462 2371 annum,
1479 2350 1532 2368 nec
1544 2342 1727 2375 dispensetur
1742 2350 1793 2376 per
1804 2342 2020 2375 Juramentum.

544 2387 599 2421 (20)
615 2388 687 2413 Item
702 2388 782 2421 quod
794 2389 919 2414 decanus
935 2397 993 2414 non
1010 2389 1114 2415 habeat
1131 2389 1256 2423 recipere
1267 2390 1437 2423 juramenta
1453 2390 1681 2416 baccalariorum
1704 2390 1816 2416 noviter
1837 2389 2033 2416 admissorum
2048 2389 2084 2415 ad
2099 2389 2324 2416 baccalariatum

455 2435 486 2460 in
500 2435 588 2461 domo
604 2444 663 2465 sua,
681 2436 728 2462 sed
744 2437 773 2462 in
789 2437 874 2469 plena
890 2438 1025 2464 facultate
1039 2438 1199 2471 deputatis:
1216 2440 1245 2464 et
1257 2438 1279 2464 si
1295 2439 1534 2473 quandocunque
1549 2439 1668 2473 recipiat
1683 2440 1750 2465 talia
1762 2439 1941 2473 juramenta.
1958 2445 2011 2471 pro
2027 2438 2133 2464 talibus
2148 2438 2325 2471 juramentis

456 2483 545 2509 nichil
559 2484 674 2517 penitus
687 2485 780 2518 exigat
796 2486 849 2510 sub
865 2494 938 2519 pena
952 2487 1091 2519 predicta.

544 2533 598 2567 (21)
609 2533 682 2558 Item
694 2534 774 2566 quod
784 2534 819 2560 de
829 2534 945 2560 bedellis
958 2536 1144 2569 singulorum
1156 2537 1348 2563 dominorum
1361 2537 1517 2563 doctorum
1528 2545 1581 2570 pro
1590 2537 1766 2571 juramentis
1780 2544 1831 2570 per
1845 2536 1920 2570 ipsos
1931 2535 2091 2570 prestandis
2106 2536 2324 2570 nichinenitus

455 2580 549 2614 exigat
565 2581 618 2606 sub
633 2589 707 2615 pena
722 2583 859 2614 predicta.

543 2629 600 2664 (22)
615 2630 688 2655 Item
710 2631 790 2663 quod
804 2631 929 2657 decanus
949 2640 1008 2658 non
1029 2633 1132 2660 habeat
1155 2643 1206 2668 per
1226 2642 1253 2661 se
1273 2635 1368 2661 solum
1390 2634 1556 2661 examinare
1577 2635 1692 2661 cedulas
1713 2634 1868 2661 scolarium
1890 2635 2125 2667 presentatorum
2143 2633 2180 2660 ad
2201 2641 2323 2660 examen

456 2678 659 2704 baccalariatus
673 2678 703 2703 in
718 2679 807 2704 domo
822 2687 882 2709 sua,
899 2681 952 2706 nisi
967 2681 1002 2706 de
1015 2683 1156 2714 permissu
1171 2683 1324 2713 facultatis,
1342 2685 1370 2709 et
1382 2691 1435 2717 pro
1448 2683 1524 2709 dicta
1537 2683 1750 2709 examinatione
1764 2683 1854 2709 nichil
1869 2682 1973 2716 exigat.

543 2726 598 2760 (23)
614 2727 687 2753 Item
702 2728 857 2760 registrum
873 2729 1024 2759 facultatis,
1042 2731 1072 2756 in
1089 2739 1149 2764 quo
1164 2732 1354 2758 continentur
1367 2734 1484 2761 statuta,
1502 2733 1585 2762 facta,
1602 2732 1828 2766 dispensationes
1840 2733 1869 2758 et
1883 2731 2082 2758 ordinationes
2101 2731 2256 2759 facultatis.
2272 2739 2324 2765 per

454 2775 598 2800 decanum
614 2775 745 2808 ejusdem
760 2778 865 2802 secrete
880 2780 1074 2807 conservetur.
1091 2787 1143 2805 nec
1156 2781 1327 2806 ostendatur
1341 2781 1427 2807 alicui
1442 2781 1497 2806 nisi
1510 2781 1622 2807 doctori
1636 2781 1758 2815 regenti,
1774 2782 1803 2807 et
1817 2781 1854 2807 ad
1868 2781 1924 2807 hoc
1938 2780 2116 2813 astringatur
2130 2779 2257 2806 decanus
2272 2779 2324 2814 qui

455 2823 541 2849 debet
552 2824 625 2849 illud
638 2825 782 2851 custodire
798 2825 852 2851 sub
865 2833 938 2859 pena
952 2827 1119 2859 privationis
1133 2836 1148 2854 a
1164 2830 1302 2861 regentia.

544 2872 598 2906 (24)
614 2873 686 2898 Item
701 2873 827 2899 decanus
846 2874 898 2907 qui
918 2874 1004 2900 habet
1023 2876 1185 2902 custodiam
1206 2878 1332 2904 clavium
1354 2879 1497 2905 facultatis
1513 2880 1609 2913 quoad
1629 2879 1758 2909 archam,
1775 2886 1834 2912 qua
1855 2878 2019 2904 custoditur
2038 2877 2167 2910 sigillum
2182 2876 2321 2903 Universi-

457 2920 530 2949 tatis,
548 2921 630 2946 nullo
645 2921 733 2947 modo
746 2921 841 2947 tradat
854 2922 944 2948 claves
956 2923 1143 2958 cuicumque,
1157 2926 1370 2960 cujuscumque
1383 2929 1474 2953 status
1486 2928 1583 2957 fuerit,
1600 2928 1654 2954 nisi
1667 2928 1756 2954 fuerit
1767 2927 1869 2953 doctor
1885 2934 1986 2960 regens
1999 2926 2030 2952 in
2045 2926 2146 2952 eadem
2157 2924 2320 2954 facultate&
