2488 3386
419 334 483 366 378
992 340 1308 362 CHARTL'LARHJM
1344 339 1533 361 eriveus.
1570 337 1698 359 rmus.
2181 322 2280 358 [1385

418 426 474 445 sex.
489 417 540 450 qui
555 424 656 442 omnes
672 416 880 449 participabant
903 415 932 440 in
954 415 1161 440 distribucione
1177 415 1373 448 predictarum
1396 413 1614 446 peccuniarum,
1632 419 1691 437 non
1708 413 1806 436 tamen
1825 409 1966 443 equaliter
1980 410 2014 434 ut
2029 417 2115 443 supra
2136 409 2279 443 deposuit.

419 474 547 499 quorum
565 465 751 490 familiarium
767 464 818 497 qui
835 466 965 497 tempore
981 471 1032 489 suo
1047 465 1129 489 erant
1145 463 1265 489 nomina
1280 465 1348 488 snut
1364 463 1426 491 hec,
1440 462 1570 487 videlicet
1585 460 1726 487 Colardus
1740 459 1776 485 de
1790 460 1883 485 Leone
1899 458 2046 487 Leodicns,
2063 458 2135 483 dioc.
2153 459 2279 487 scutifer.

419 514 592 540 s-iuillelinus
607 514 704 539 Rolius
717 513 845 542 clericus,
867 512 980 546 Sigerus
996 513 1058 540 Bar.
1075 512 1317 545 consanguineus.
1335 511 1421 537 ambo
1436 511 1471 537 de
1493 510 1640 539 Gandavo,
1654 509 1749 535 dictus
1763 508 1851 537 testis.
1865 509 1894 534 et
1909 514 2030 540 coquus,
2047 507 2098 540 qui
2114 507 2281 540 frequenter

419 563 634 588 mutabatur....

507 612 579 636 Item
594 619 680 644 super
695 610 757 643 lxij⁰
773 610 903 643 deposuit
921 610 1000 642 quod
1022 610 1051 634 in
1072 610 1166 642 primo
1183 609 1294 642 jubileo
1310 609 1526 641 Blanchcchape
1547 609 1575 633 et
1597 606 1769 639 Radulplius
1789 605 1933 631 nominati
1949 605 1977 630 in
1994 605 2056 637 ipso
2070 604 2193 630 articulo
2212 612 2279 638 pre-

418 661 604 685 sentaverunt
619 659 786 685 cancellario
799 657 888 693 dua[s]
903 658 1072 691 adaquarias
1086 658 1207 690 argenti,
1229 666 1300 691 quas
1320 657 1505 683 cancellarius
1526 656 1621 682 noluit
1636 655 1771 688 recipere,
1792 654 1860 687 quia
1876 653 1927 679 sibi
1948 653 2099 679 modicum
2113 653 2278 681 videbatur:

419 709 539 733 reddens
551 716 665 733 causam
679 707 876 741 deposicionis,
892 707 960 740 quia
973 707 1031 740 ipse
1045 706 1124 732 dedit
1139 706 1292 732 consilium
1308 706 1390 731 dictis
1405 705 1573 731 baclialariis
1588 704 1668 737 quod
1681 704 1784 729 darent
1799 702 1920 736 aliquid,
1937 704 1965 728 et
1987 704 2083 735 postea
2102 702 2154 735 ipsi
2170 702 2278 728 retule-

419 758 489 782 runt
516 756 578 785 sibi,
604 756 683 789 quod
710 756 891 781 refutaverat.
920 755 951 780 Et
983 756 1102 780 fuerunt
1128 754 1244 780 refutati
1268 754 1364 780 ambo.
1391 754 1425 779 Et
1449 755 1545 786 postea
1569 753 1628 786 ipse
1650 752 1867 784 Blanehechape
1891 758 1944 784 pro
1965 750 2148 784 expeditione
2169 758 2219 776 sua
2243 751 2279 776 ad

419 805 566 830 licenciam
591 804 732 830 medicine
753 804 832 830 dedit
856 804 932 829 dicto
956 803 1124 829 cancellario
1147 805 1234 836 prout
1253 803 1289 828 ab
1308 803 1409 828 eodem
1426 802 1643 834 Blancliechape
1664 800 1775 826 audivit
1794 808 1811 826 x
1830 800 1871 825 vel
1891 800 1928 833 xij
1950 800 2071 827 francos,
2090 801 2118 826 et
2137 801 2209 826 tunc
2224 799 2278 825 fuit

418 854 575 887 expeditus.
582 874 587 878 .
594 873 611 878 ..

505 928 681 961 Quiquidcm
696 929 778 953 testes
791 927 974 960 suprascripti
989 927 1108 952 fuerunt
1121 927 1275 953 examinati
1285 934 1334 959 per
1349 926 1513 959 predictum
1525 925 1699 958 magistrum
1709 925 1903 952 Guillelmum
1916 919 1952 950 de
1965 924 2120 954 Gaudiaco.
2132 924 2277 950 decanum

417 977 627 1005 Ebroicensenr
642 984 771 1001 unacum
787 976 915 1009 predicto
931 976 1087 1001 Guillclmo
1101 975 1256 1008 Symonclli
1272 975 1383 1000 notario
1398 975 1514 1008 publico
1529 976 1555 1000 et
1572 974 1662 999 scriba
1678 974 1768 1007 hujus
1783 981 1875 999 cause.

505 1026 576 1050 Item
592 1025 712 1050 fuerunt
727 1024 878 1057 subscripti
895 1025 977 1049 testes
989 1024 1145 1050 examinati
1160 1032 1210 1057 per
1225 1024 1392 1056 religiosum
1407 1025 1435 1049 et
1451 1024 1607 1049 honestum
1626 1023 1722 1048 virum
1738 1023 1857 1048 fratrem
1873 1022 2028 1055 IIugonem
2050 1022 2086 1048 de
2108 1021 2276 1054 Maigniaco.

415 1074 598 1100 licenciatum
614 1073 643 1098 in
659 1073 787 1101 decretis,
805 1073 931 1106 priorem
948 1072 1043 1098 Sancti
1059 1072 1205 1101 Germani,
1220 1073 1256 1098 ad
1278 1073 1332 1098 hoc
1346 1073 1471 1098 electum
1489 1072 1665 1105 deputatum
1680 1073 1708 1097 et
1723 1071 1913 1097 commissum
1934 1079 1984 1104 per
2000 1071 2164 1104 predictum
2179 1070 2277 1096 domi-

416 1131 488 1148 uum
505 1122 679 1148 cardinalem
695 1129 824 1147 unacum
839 1121 967 1154 predicto
983 1121 1096 1146 notario
1111 1123 1139 1147 et
1153 1121 1242 1147 scriba
1815 1140 1833 1145 ..
1851 1120 1981 1146 videlicet
1998 1128 2003 1145 :

501 1200 586 1219 xxxv.
608 1192 765 1225 Religiosus
780 1192 822 1217 vir
837 1192 924 1218 frater
939 1192 1049 1217 Evsuus
1065 1192 1151 1219 Borc.
1169 1192 1237 1218 Ord.
1255 1192 1412 1219 Carmelit..
1428 1192 1546 1217 studens
1563 1192 1693 1220 I'arisius,
1711 1191 1892 1217 bachalarius
1910 1191 2053 1216 formatus
2070 1190 2101 1216 in
2119 1189 2275 1224 theologia,

413 1242 448 1267 de
463 1241 588 1266 Britauia
603 1240 755 1269 oriundus,
779 1240 960 1266 examinatus
984 1248 1070 1274 super
1091 1246 1157 1265 xxv⁰
1172 1241 1303 1270 articulo,
1319 1241 1380 1266 aliis
1400 1241 1520 1269 omissis,
1544 1241 1605 1274 ipso
1621 1242 1720 1266 tamen
1744 1240 1797 1266 sibi
1822 1240 1902 1273 prius
1916 1240 1990 1265 lecto
2004 1241 2033 1265 et
2054 1247 2105 1273 per
2119 1247 2189 1266 eum
2203 1239 2278 1266 hene

414 1290 559 1316 intellecto
575 1291 608 1314 ut
622 1289 744 1318 dicebat,
760 1289 832 1314 dixit
845 1290 873 1315 et
885 1289 1018 1322 deposuit
1033 1297 1064 1315 ea
1080 1297 1137 1322 que
1152 1291 1299 1319 secuntur,
1318 1290 1445 1315 videlicet
1461 1290 1540 1322 quod
1556 1291 1625 1314 sunt
1642 1290 1702 1315 duo
1720 1289 1790 1314 anni
1803 1289 1846 1315 vel
1862 1288 1945 1318 circa,
1960 1288 2096 1321 magister
2111 1288 2171 1314 Yvo
2183 1288 2278 1314 dictus

415 1338 571 1370 Lamadery
586 1338 621 1364 de
636 1338 755 1363 nacione
774 1337 908 1366 Britanie.
925 1338 998 1363 dum
1021 1338 1134 1363 volebat
1156 1338 1298 1364 licenciari
1322 1339 1351 1363 in
1372 1338 1526 1371 theologia.
1546 1338 1649 1363 habuit
1664 1338 1775 1363 multos
1796 1337 1996 1371 impedientes.
2014 1337 2109 1363 taliter
2128 1336 2208 1370 quod
2223 1343 2277 1369 pro

413 1389 483 1413 tunc
498 1394 557 1412 nou
573 1387 668 1420 potuit
685 1386 807 1419 recipcre
822 1386 934 1412 dictum
957 1387 1082 1418 gradum
1104 1394 1201 1415 suum.
1218 1387 1397 1420 prout-dixit
1420 1387 1471 1420 ipsi
1487 1387 1560 1415 testi.
1584 1388 1703 1420 propter
1718 1387 1798 1420 quod
1813 1386 1965 1420 opportuit
1981 1386 2077 1420 ipsum
2094 1386 2226 1412 accedere
2240 1384 2277 1411 ad

413 1438 504 1469 partes
518 1443 581 1461 suas
593 1443 646 1468 pro
661 1435 810 1468 querendo
825 1435 976 1468 peccunias
991 1443 1044 1468 pro
1059 1435 1188 1461 faciendo
1202 1436 1314 1461 dictum
1330 1436 1439 1461 factum
1456 1444 1543 1461 51111111
1560 1436 1612 1461 51111
1628 1436 1805 1461 necessarias.
1822 1435 1857 1461 Et
1871 1435 1944 1460 dum
1960 1442 2099 1464 reversus.
2113 1433 2278 1468 apportavit

412 1486 531 1510 centum
548 1484 658 1509 francos
672 1484 715 1509 vel
730 1484 812 1511 circa.
828 1485 861 1509 nt
875 1483 947 1509 dixit
962 1484 1014 1516 ipsi
1031 1484 1103 1509 testi.
1121 1485 1154 1509 Et
1170 1486 1233 1517 post
1252 1492 1357 1518 paucos
1372 1485 1431 1510 dies
1446 1485 1517 1510 dixit
1537 1485 1631 1511 eidem
1647 1485 1721 1513 10511,
1738 1485 1819 1518 (111οᾱ
1842 1492 1902 1510 11011
1924 1484 2049 1510 hahebat
2063 1483 2225 1517 peccunias.
2241 1483 2277 1509 Et

411 1533 504 1558 dictus
520 1533 596 1558 testis
610 1532 693 1565 peciit
710 1532 745 1558 ab
760 1540 803 1560 eo,
816 1532 964 1565 quomodo
980 1533 1018 1558 sic
1031 1533 1086 1558 cito
1101 1533 1305 1565 expendiderat
1316 1533 1374 1567 (sic)
1386 1534 1475 1559 dictos
1490 1535 1610 1559 centum
1627 1534 1749 1561 francos,
1764 1533 1815 1566 qui
1831 1533 1968 1566 magister
1982 1533 2041 1558 Yvo
2054 1532 2147 1558 eidem
2161 1539 2275 1565 respon·

412 1582 453 1606 dit
467 1589 471 1606 :
489 1592 502 1604 1(
518 1582 540 1605 (’)
556 1582 650 1610 frater.
665 1581 778 1607 creditis
793 1581 934 1613 quoniam
950 1582 1131 1614 opportuerit
1147 1582 1236 1607 11110111
1249 1582 1359 1615 aliquid
1370 1582 1437 1608 darc
1451 1583 1619 1608 cancellario
1636 1582 1783 1608 I’arisiensi
1798 1593 1822 1607 ».
1836 1582 1896 1607 Alia
1911 1582 1957 1608 die
1970 1589 2045 1610 vcro.
2058 1581 2131 1607 dum
2145 1588 2274 1607 reversus

413 1631 466 1655 fuit
479 1630 514 1656 de
525 1630 599 1658 villa,
612 1630 670 1662 ipse
681 1630 758 1655 venit
773 1630 808 1654 ad
821 1629 933 1655 dictum
950 1631 1051 1656 testem
1066 1632 1143 1656 totus
1156 1631 1316 1659 calefactus,
1329 1633 1357 1656 et
1372 1631 1431 1663 ipse
1446 1631 1523 1656 testis
1536 1631 1724 1664 interrogavit
1739 1639 1808 1657 eum
1824 1631 1897 1664 quid
1912 1631 2046 1659 habebat,
2058 1630 2110 1663 qui
2125 1629 2273 1663 respondit

411 1679 491 1712 quod
505 1678 595 1711 aliqui
610 1678 807 1711 impediebant
821 1686 890 1703 eum
906 1678 941 1703 ad
959 1679 1070 1704 dictum
1087 1679 1211 1712 gradum
1227 1679 1411 1708 habendum:
1426 1680 1473 1705 sed
1494 1680 1517 1709 51,
1534 1680 1651 1706 deberet
1665 1680 1765 1705 omnia
1781 1680 1856 1705 bona
1872 1687 1923 1705 sua
1935 1679 2058 1706 vendere
2072 1681 2101 1705 et
2119 1678 2274 1712 pignorare

411 1727 446 1752 ad
461 1727 604 1756 dandum,
619 1727 640 1752 si
658 1728 759 1760 posset,
775 1727 834 1759 ipse
850 1727 968 1753 haberet
987 1729 1121 1760 optatum
1144 1736 1241 1753 suum.
1265 1729 1338 1754 Item
1360 1729 1414 1754 alia
1430 1729 1487 1754 vice
1507 1729 1579 1754 dixit
1600 1729 1677 1755 dicto
1700 1729 1774 1757 testi,
1791 1730 1880 1762 prout
1899 1729 1951 1754 sibi
1972 1728 2035 1754 testi
2052 1728 2176 1757 videtur.
2192 1726 2274 1761 quod

413 1776 567 1801 tradiderat
584 1775 661 1801 dicto
682 1775 849 1801 cancellario
865 1776 909 1808 xvj
927 1777 1047 1805 francos,
1062 1778 1090 1801 et
1105 1777 1184 1809 quod
1200 1778 1347 1810 paraverat
1363 1785 1454 1802 unam
1470 1778 1587 1803 bursam
1611 1786 1678 1803 cum
1695 1778 1810 1803 duobus
1824 1778 1928 1803 francis
1942 1777 2015 1802 infra
2031 1777 2139 1803 dictam
2155 1776 2273 1802 bursam

412 1832 464 1858 pro
479 1824 575 1850 dando
590 1824 737 1857 capellano
749 1824 818 1850 dicti
830 1825 1001 1854 cancellarii,
1018 1826 1051 1850 ut
1064 1827 1134 1851 esset
1149 1825 1316 1851 intercessor
1331 1834 1400 1851 suus
1414 1827 1492 1859 apud
1508 1826 1620 1852 dictum
1636 1827 1852 1855 cancellarium,
1867 1827 1895 1852 et
1910 1827 2071 1859 reportaret
2085 1825 2136 1851 sibi
2153 1833 2226 1851 nova
2238 1824 2275 1851 de

412 1874 485 1899 facto
507 1880 568 1898 5110.
590 1873 775 1906 Subjungens
790 1873 870 1905 quod
891 1873 962 1898 vidit
986 1874 1129 1906 sepissime
1152 1874 1210 1907 ipse
1226 1875 1303 1900 testis
1316 1875 1412 1900 venire
1427 1875 1539 1900 dictum
1555 1876 1739 1909 capellanum
1755 1876 1791 1901 ad
1806 1876 1919 1901 dictum
1942 1875 2117 1908 magistrum
2133 1874 2272 1900 Yvonem.

412 1923 617 1954 Interrogatus,
644 1921 665 1947 si
687 1923 750 1954 post
765 1922 950 1947 traditionem
973 1922 1048 1948 dicte
1070 1923 1207 1956 peccunie
1229 1925 1258 1948 et
1279 1923 1364 1949 burse
1389 1924 1444 1949 fuit
1467 1924 1609 1950 admissus
1630 1925 1666 1949 ad
1688 1925 1796 1950 dictam
1820 1924 1980 1952 licenciam,
1997 1924 2069 1949 dixit
2084 1923 2164 1957 quod
2187 1923 2235 1952 sic,
2251 1922 2274 1948 si

411 1971 477 1996 data
492 1970 555 1995 fuit.
573 1971 770 2003 Interrogatus
785 1970 934 2003 quomodo
954 1970 1014 2000 scit,
1031 1971 1103 1996 dixit
1118 1972 1197 2005 quod
1220 1972 1290 1997 vidit
1314 1980 1382 1998 011111
1406 1973 1548 1999 licenciari
1571 1981 1639 1999 cum
1662 1974 1745 1999 cerlis
1766 1974 1837 1999 aliis.
1862 1974 2059 2006 Interrogatus
2080 1972 2131 1998 ubi
2154 1972 2275 1998 fuerunt

412 2019 561 2047 licenciati,
578 2018 649 2044 dixit
664 2018 744 2051 quod
759 2019 789 2044 in
802 2019 868 2044 aula
881 2019 1032 2052 episcopali
1047 2020 1204 2046 I’arisieusi.

500 2068 694 2100 Interrogatus
709 2067 857 2100 quomodo
873 2069 991 2093 vocatur
1005 2069 1169 2101 capellanus
1182 2070 1250 2095 dicti
1266 2070 1435 2100 cancellarii,
1450 2070 1522 2096 dixit
1535 2071 1615 2104 quod
1631 2071 1747 2104 ignorat
1760 2078 1869 2097 nomen
1885 2078 1984 2096 suum.

499 2116 695 2148 Interrogatus
716 2116 738 2141 si
762 2115 844 2142 sciret
866 2118 894 2142 et
917 2116 985 2142 sciat
1007 2117 1087 2150 quod
1111 2125 1161 2150 per
1175 2118 1380 2144 cancellarium
1401 2119 1593 2152 impediretur
1613 2121 1681 2146 ante
1702 2120 1851 2146 dationem
1866 2119 1941 2145 dicte
1961 2118 2108 2152 peccunie‚
2125 2117 2275 2151 respondit

413 2164 491 2198 quod
504 2165 620 2190 extimat
638 2164 717 2197 qnod
735 2164 783 2193 sic,
799 2172 852 2197 1110
867 2172 900 2190 00
915 2165 984 2198 quia
997 2167 1063 2191 ante
1079 2166 1229 2192 dacionem
1250 2167 1397 2200 peccunic,
1412 2168 1433 2193 si
1449 2168 1514 2193 data
1530 2168 1595 2197 fuit,
1613 2169 1707 2194 dictus
1722 2168 1908 2194 cancellarius
1920 2167 2108 2200 responderat
2122 2166 2175 2192 sibi
2189 2167 2272 2195 dure.

413 2215 440 2239 et
456 2214 550 2245 postea
566 2213 631 2238 fecit
646 2213 755 2238 sactum
769 2221 866 2241 51111111,
882 2220 941 2238 11011
957 2214 1088 2240 obstante
1101 2215 1180 2247 quod
1197 2215 1314 2241 liaberet
1330 2218 1442 2249 partem
1456 2217 1603 2242 adversam
1619 2217 1725 2243 fortem
1738 2218 1766 2243 et
1780 2217 1988 2250 appellantem.
2005 2217 2202 2249 Interrogatus
2217 2222 2274 2248 que

413 2263 472 2287 erat
487 2262 533 2286 illa
550 2269 622 2294 pars,
638 2261 785 2294 respondit
797 2262 877 2294 quod
892 2262 1028 2295 magister
1044 2263 1206 2289 Bernardus
1220 2263 1424 2299 Cal[x]eti'-'⁰....

500 2309 596 2343 xxxvj.
618 2310 748 2342 Magister
763 2310 901 2336 §100ch
916 2319 951 2335 DE
965 2311 1121 2341 11ιῖ0111115,
1138 2313 1277 2346 magister
1292 2313 1323 2339 in
1338 2314 1458 2343 artibus,
1473 2314 1586 2340 scolaris
1602 2314 1724 2340 Parisius
1739 2315 1770 2340 in
1785 2315 1914 2342 decretis.
1930 2314 1966 2340 de
1982 2314 2101 2339 nacione
2117 2312 2273 2341 Gallicana,

414 2358 490 2383 testis
505 2358 571 2383 alias
583 2358 707 2391 juratus,
723 2359 916 2391 interrogatus
929 2367 1015 2393 super
1027 2361 1087 2394 xxjo
1099 2361 1221 2387 articulo
1292 2362 1425 2396 deposuit
1438 2363 1518 2396 quod
1586 2364 1717 2389 fecerunt
1730 2371 1822 2389 uuam
1835 2364 1985 2390 collectam
2000 2363 2076 2388 inter
2090 2370 2118 2388 se
2130 2361 2166 2387 de
2177 2360 2275 2386 dando

414 2406 518 2439 species
532 2407 699 2432 cancellario
713 2408 741 2432 ct
756 2407 987 2437 subcancellario,
1005 2411 1038 2434 ut
1061 2411 1153 2435 essent
1175 2410 1226 2435 sibi
1247 2411 1366 2443 grati....
1383 2412 1415 2437 Iu
1431 2412 1509 2437 exitu
1525 2420 1636 2438 camere
1651 2413 1747 2438 dictus
1761 2412 1949 2438 cancellarius
1970 2411 2145 2444 regraciatus
2166 2410 2222 2435 fuit
2236 2408 2276 2436 eis

414 2455 535 2481 diceudo
550 2455 629 2487 quod
642 2456 757 2481 fuerant
771 2456 838 2481 boni
851 2456 971 2489 juvenes
983 2459 1011 2482 et
1026 2458 1136 2490 pacifici
1151 2460 1179 2484 ct
1193 2459 1245 2484 51111
1261 2459 1326 2484 satis
1341 2460 1461 2492 grati...

503 2504 698 2536 Interrogatus
713 2504 734 2528 si
746 2504 856 2537 aliquid
869 2505 1012 2531 dederunt
1026 2507 1213 2532 familiaribus
1228 2508 1296 2533 dicti
1312 2509 1483 2538 cancellarii,
1498 2509 1571 2535 dixit
1586 2510 1666 2543 quod
1681 2510 1719 2535 ita
1735 2510 1774 2536 eis
1786 2510 1932 2536 dederunt
1944 2509 2017 2534 duos
2030 2509 2142 2534 francos
2155 2507 2185 2533 in
2195 2506 2275 2533 exitu

415 2559 526 2578 camere
541 2554 657 2584 propter
673 2553 773 2578 herbas
790 2554 816 2578 et
832 2553 886 2578 alia
901 2554 1014 2579 servicIa
1033 2555 1071 2580 cis
1095 2555 1225 2588 impensa
1244 2564 1294 2589 per
1309 2564 1356 2582 005
1371 2557 1401 2582 111
1416 2558 1491 2583 dicta
1507 2566 1629 2586 camera.
1647 2559 1787 2592 quodque
1802 2558 1855 2592 ipsi
1871 2558 2025 2584 familiares
2041 2558 2095 2582 hoc
2110 2556 2276 2582 retulerunt

414 2600 490 2625 dicto
503 2600 681 2630 cancellario,
697 2601 748 2633 qui
762 2601 881 2634 proinde
895 2601 949 2626 fuit
963 2603 1136 2635 regraciatus
1150 2604 1189 2629 eis
1203 2604 1326 2631 dicendo
1341 2614 1346 2630 :
1365 2616 1378 2629 «
1393 2606 1556 2632 Familiares
1572 2607 1629 2632 mei
1644 2607 1718 2633 bene
1733 2608 1943 2633 contentantur
1955 2606 1991 2632 de
2006 2606 2084 2631 vobis
2098 2615 2158 2630 »....

501 2648 608 2682 xxxvij.
631 2649 726 2674 Frater
740 2650 886 2675 Amanus
902 2650 1006 2675 01113111
1021 2651 1056 2676 (10
1076 2652 1183 2678 Ordine
1198 2653 1355 2682 Miuornm,
1371 2654 1472 2680 doctor
1488 2655 1517 2680 in
1540 2655 1694 2688 theologia.
1711 2656 1910 2682 conventualis
1933 2663 1984 2688 per
2002 2654 2166 2688 capitulum
2185 2659 2275 2686 gene-

414 2697 482 2725 rale,
498 2697 533 2722 de
546 2697 703 2730 Burdegala
721 2698 862 2723 oriundus
880 2699 961 2723 etatis
980 2700 1091 2733 xxxviiij
1115 2708 1262 2726 annorum
1284 2702 1328 2727 vel
1349 2702 1422 2728 circa
1444 2705 1477 2728 ut
1500 2703 1613 2729 videtur
1635 2704 1696 2732 sihi.
1710 2705 1836 2738 juratus,
1853 2704 2035 2730 examinatus
2108 2709 2194 2736 super
2209 2706 2276 2727 xxv⁰

414 2745 546 2778 deposuit
621 2746 680 2771 fore
696 2754 794 2771 verum
809 2746 949 2779 quicquid
962 2748 1128 2774 continetur
1142 2749 1171 2774 in
1188 2750 1264 2775 dicto
1277 2751 1409 2776 articulo.
1427 2752 1623 2785 Interrogatus
1643 2753 1679 2778 de
1694 2761 1777 2778 causa
1793 2753 1920 2782 scientie,
1936 2753 2008 2778 dixit
2023 2751 2103 2785 quod
2127 2751 2186 2784 ipse
2204 2757 2275 2776 can-

413 2794 545 2819 cellarius
560 2794 590 2819 111
606 2794 690 2827 plena
703 2795 927 2827 congregacione
946 2796 1087 2821 facultatis
1108 2797 1138 2822 in
1155 2798 1258 2823 Sancto
1276 2799 1420 2825 Maturino
1435 2800 1516 2827 dixit.
1533 2801 1612 2834 quod
1634 2801 1747 2834 aliquos
1761 2802 1915 2834 expedivit.
1930 2801 1965 2827 de
1977 2801 2086 2834 quibus
2098 2807 2158 2825 non
2173 2798 2278 2824 habuit

412 2850 560 2868 assensum
576 2843 793 2875 magistrorum.
808 2844 1004 2876 Interrogatus
1020 2845 1041 2870 si
1057 2846 1218 2871 nominavit
1235 2847 1373 2880 aliquem,
1390 2848 1462 2874 dixit
1476 2850 1555 2881 quod
1576 2850 1739 2875 nominavit
1756 2858 1853 2876 unum
1870 2850 2127 2883 Augustinensem.
2143 2848 2179 2874 de
2193 2847 2277 2880 cujus

413 2891 531 2916 nomine
548 2899 608 2916 non
623 2891 799 2917 recordatur.
816 2892 1013 2925 Interrogatus
1028 2893 1049 2918 si
1064 2894 1231 2920 recordatur
1246 2896 1281 2921 (10
1302 2897 1440 2929 1011111010,
1458 2897 1529 2922 dixit
1545 2898 1625 2930 quod
1641 2899 1671 2923 in
1691 2899 1873 2932 expeditione
1890 2899 2024 2924 ultimate
2044 2898 2126 2924 saeta.
2144 2897 2274 2922 Interro-

535 2939 575 2962 48.
