2488 3386
447 319 512 350 :346
1024 326 1343 349 cultarum-nium
1380 326 1569 347 umvsas.
1607 325 1736 347 rmus.
2210 314 2309 352 [1385

441 402 536 445 jure,
560 408 594 434 et
621 401 786 433 nonnulli
807 401 867 433 alii
887 408 954 434 tam
979 400 1139 445 magistri
1167 400 1204 432 in
1232 406 1296 432 art.
1324 411 1428 444 quam
1450 398 1510 431 alii
1531 398 1574 431 ad
1605 398 1672 432 hoc
1698 411 1763 444 per
1785 399 2063 433 Universitatem
2087 400 2173 433 dicti
2196 401 2308 434 studii

446 467 651 512 specialiter
671 468 843 512 deputati,
866 474 903 500 ut
924 467 1103 507 dicebant,
1127 466 1367 499 exhibuerunt
1389 472 1422 498 et
1449 471 1752 510 presentaverunt
1772 466 1918 499 nomine
1944 473 1980 499 et
1999 478 2064 511 pro
2091 474 2191 511 parte
2213 467 2307 501 dicte

446 534 700 567 Universitatis
717 534 812 566 dicto
830 534 975 566 domino
993 532 1165 566 cardinali
1187 532 1358 577 quasdam
1381 538 1544 576 patentes
1564 531 1703 564 litteras
1723 532 1955 577 apostolicas,
1972 544 2056 566 vera
2077 532 2174 567 bulla
2195 534 2307 580 plum-

445 599 509 632 bea
531 600 749 633 sanctissimi
780 600 816 632 in
843 600 988 633 Christo
1019 600 1129 644 patris
1160 606 1194 632 et
1224 598 1359 631 domini
1390 598 1505 631 nostri
1536 610 1627 643 pape
1648 598 1847 632 Clementis
1876 599 2030 644 predicti
2057 612 2136 633 cum
2158 601 2307 634 cordula

443 667 588 711 canapis
608 678 707 699 more
729 668 829 699 Rom.
853 667 952 699 curie
972 666 1138 706 bullatas,
1162 677 1267 698 sanas
1296 671 1331 698 et
1360 665 1534 710 integras,
1562 677 1635 697 non
1656 665 1871 699 cancellatas
1898 678 1964 699 nec
1994 666 2031 699 in
2058 666 2176 712 aliqua
2206 674 2305 712 parte

442 740 630 778 corruptas
647 733 704 766 vel
730 740 930 778 suspectas,
950 739 985 765 ut
1007 733 1119 777 prima
1140 732 1229 765 sacie
1250 731 1456 777 apparebat.
1482 732 1639 774 Quarum
1659 738 1764 765 tenor
1789 732 1869 765 talis
1891 739 1947 766 est
1967 744 1973 765 :
1998 747 2014 764 <‹
2037 733 2208 767 Clemens
2229 735 2305 779 epi-

442 811 575 844 scopus
596 811 724 833 servus
746 811 932 832 servorum
960 799 1038 840 Dei,
1061 798 1193 831 dilecto
1215 798 1289 830 filio
1312 799 1417 831 Petro
1439 804 1562 831 sancte
1591 799 1693 831 Rom.
1716 798 1804 832 eccl.
1833 799 1956 844 presb.
1979 799 2116 833 cardin.
2143 801 2304 834 Parisius

440 867 674 899 commoranti
695 866 859 907 salutem,
883 872 950 898 etc.
973 867 1095 910 Nuper
1117 877 1181 910 pro
1204 871 1303 910 parte
1322 879 1352 905 υ,
1370 870 1434 898 etc.
1457 870 1496 898 ut
1517 876 1627 909 supra
1648 869 1685 898 n⁰
1708 866 1804 899 1505.

527 932 668 975 Quibus
698 932 827 965 litteris
858 939 895 964 ut
924 932 1143 977 premittitur
1169 931 1399 976 presentatis,
1433 930 1619 964 humiliter
1646 939 1679 965 et
1712 939 1922 965 reverenter
1951 933 2203 978 supplicarunt
2230 946 2303 980 quo

439 1010 546 1043 supra
568 999 712 1031 nomine
735 998 851 1031 eidem
874 998 1020 1031 domino
1043 998 1228 1039 cardinali,
1252 998 1422 1042 quatinus
1443 998 1486 1030 ad
1508 999 1764 1031 execucionem
1786 1005 2037 1032 contentorum
2060 1000 2097 1032 in
2118 1000 2225 1034 dictis
2245 1000 2303 1034 lit-

438 1065 524 1097 teris
551 1064 761 1109 apostolicis
785 1066 885 1109 juxta
914 1065 1063 1097 sormam
1096 1076 1217 1097 earum
1246 1064 1446 1109 pror-edere
1477 1064 1701 1110 dignaretur.
1737 1065 1841 1098 Unde
1866 1065 1961 1098 idem
1988 1066 2158 1100 dominus
2185 1067 2302 1100 cardi-

436 1131 527 1163 nalis
548 1131 720 1176 predictis
741 1131 871 1164 litteris
893 1131 1103 1176 apostolicis
1124 1143 1204 1164 cum
1226 1131 1434 1164 reverencia
1457 1138 1587 1176 quanta
1609 1131 1714 1165 decet
1734 1132 1891 1177 receptis
1912 1144 2108 1177 earumque
2129 1141 2301 1180 percepto

437 1204 573 1238 tenore,
603 1198 681 1242 ipse
712 1204 877 1242 tanquam
906 1209 1014 1231 verus
1046 1197 1254 1231 obedientie
1289 1197 1386 1230 filius
1418 1198 1547 1231 dictam
1577 1198 1879 1243 supplicationem
1910 1205 2077 1243 tanquam
2102 1201 2237 1245 justam
2265 1207 2302 1234 et

434 1264 563 1296 rationi
593 1276 788 1297 consonam
819 1264 1056 1304 admittendo,
1086 1276 1125 1297 se
1156 1263 1287 1297 obtulit
1317 1265 1418 1309 juxta
1451 1264 1693 1309 prescriptum
1722 1265 1928 1299 mandatum
1958 1266 2197 1312 apostolicum
2228 1267 2300 1301 sibi

433 1330 608 1363 directum
630 1343 887 1375 processurum
910 1337 945 1364 et
964 1331 1154 1372 facturum,
1172 1331 1450 1376 citatoriumque
1471 1337 1595 1364 contra
1616 1331 1828 1376 magistrun]
1845 1332 2044 1366 Johannem
2067 1333 2297 1375 Blanchardi,

432 1397 685 1430 cancellarium
707 1397 795 1430 eccl.
818 1398 930 1430 Paris.
954 1404 986 1430 et
1017 1397 1122 1439 alios,
1150 1398 1194 1430 de
1223 1397 1355 1442 quibus
1386 1398 1423 1430 in
1449 1398 1556 1431 dictis
1583 1398 1715 1431 litteris
1735 1399 1946 1444 apostolicis
1968 1399 2007 1433 fit
2034 1400 2181 1442 mentio,
2205 1412 2297 1446 quos

432 1476 513 1508 pars
541 1464 795 1497 Universitatis
826 1464 986 1509 predicte
1007 1464 1164 1497 voluerit
1190 1464 1304 1505 citari,
1328 1464 1489 1498 decrevit
1518 1464 1736 1506 faciendum,
1765 1465 1903 1498 litteras
1933 1473 2157 1511 opportunas
2186 1478 2298 1513 super

431 1529 498 1562 hoc
519 1530 767 1572 concedendo,
789 1530 966 1563 adhibens
988 1537 1021 1563 et
1043 1531 1224 1575 recipiens
1246 1531 1281 1563 in
1303 1530 1457 1564 scribam
1480 1543 1587 1564 cause
1609 1530 1819 1576 hujusmodi
1840 1532 2075 1566 Guillelmum
2098 1533 2297 1578 Symonelli

431 1597 474 1628 de
497 1597 530 1629 S.
555 1597 685 1638 Salvio,
708 1597 922 1630 Nivernens.
946 1597 1048 1642 dyoc.
1071 1597 1255 1639 clericum,
1279 1597 1463 1642 publicum
1490 1597 1689 1643 apostolica
1710 1605 1745 1631 et
1766 1599 1945 1644 imperiali
1965 1600 2176 1633 auctoritate
2200 1607 2296 1634 nota-

432 1663 536 1704 rium,
561 1663 696 1696 ibidem
718 1671 936 1708 presentem.

520 1731 604 1763 Acta
632 1731 778 1763 suerunt
807 1731 967 1775 predicta
995 1731 1031 1763 in
1060 1731 1166 1764 domo
1194 1731 1425 1764 habitationis
1454 1727 1608 1777 predicti
1641 1732 1778 1765 domini
1811 1733 2006 1766 cardinalis
2036 1734 2197 1767 Parisius
2226 1733 2295 1768 sub

429 1809 536 1838 anno,
558 1797 769 1838 indictione,
792 1810 928 1839 mense,
952 1798 1010 1830 die
1030 1805 1064 1831 et
1085 1798 1293 1843 pontificatu
1316 1798 1504 1843 predictis,
1526 1798 1759 1844 presentibus
1779 1799 1824 1832 ad
1844 1799 1909 1833 hec
1931 1800 2116 1845 magistris
2132 1801 2294 1834 Aufredo

430 1863 544 1908 Saisy,
566 1875 658 1908 mag.
682 1864 718 1896 in
739 1870 817 1905 art.,
840 1864 962 1896 licent.
985 1864 1022 1896 in
1050 1871 1203 1909 utroque
1229 1866 1326 1909 jure,
1353 1871 1388 1897 et
1415 1877 1508 1910 mag.
1533 1866 1638 1898 Petro
1667 1865 1711 1898 de
1740 1867 1894 1911 Boyaco,
1922 1867 2032 1900 eciam
2062 1867 2236 1912 magistro
2257 1867 2294 1900 in

428 1936 492 1962 art.
516 1936 550 1962 et
578 1929 761 1963 licentiato
783 1931 819 1962 in
843 1931 926 1975 jure
952 1931 1139 1972 canonico,
1168 1931 1341 1964 Raouleto
1370 1932 1513 1972 Boneti,
1544 1932 1704 1965 Firmino
1732 1932 1896 1974 Oliverii,
1927 1933 2116 1979 Radulpho
2138 1933 2293 1976 Odonis,

428 1996 576 2029 notariis
597 1996 807 2041 apostolicis
829 2003 864 2030 et
890 1996 1046 2030 bedellis
1067 1998 1161 2030 dicte
1183 1998 1452 2040 Universitatis,
1475 2010 1514 2031 ac
1537 1998 1704 2044 pluribus
1725 1998 1805 2032 aliis
1827 1999 1983 2033 testibus
2004 2000 2047 2033 ad
2068 1999 2136 2033 hoc
2156 2000 2294 2034 vocatis

428 2062 634 2107 specialiter
650 2069 685 2095 et
705 2063 852 2108 rogatis.

519 2161 596 2184 Arch.
611 2162 668 2184 Vnt.
684 2161 791 2185 Collect.
807 2166 836 2184 11⁰
849 2163 904 2190 440,
920 2162 965 2186 sol.
979 2162 1002 2185 1.

521 2246 542 2268 1.
562 2245 707 2269 Richardus
723 2246 863 2269 Gai-nonis.
876 2260 905 2263 —
921 2247 944 2269 2.
960 2247 1082 2270 Fortasse
1099 2246 1167 2270 idem
1183 2255 1213 2269 ac
1231 2256 1311 2278 supra
1331 2251 1360 2270 ¹10
1374 2248 1432 2271 1431
1450 2249 1542 2272 Petrus
1560 2258 1571 2272 (ι
1585 2249 1679 2272 Blondi
1693 2257 1705 2272 ))
1722 2248 1882 2272 nominatus.

432 2415 572 2452 1509.
594 2426 704 2459 Petrus,
723 2425 801 2452 card.
819 2426 1014 2461 Laudunens.,
1032 2427 1160 2462 mandat,
1179 2431 1210 2453 ut
1225 2428 1348 2454 vitentur
1362 2428 1556 2455 cancellarius
1571 2428 1716 2455 lohannes
1735 2429 1906 2460 Blanchart,
1922 2428 2172 2455 subcancellarius
2187 2429 2291 2455 Petrus

516 2473 645 2508 Ρίαγοιιὶ,
659 2477 686 2499 et
701 2478 823 2509 quatuor
838 2475 1059 2502 examinatores.

1635 2514 1710 2544 1385.
1726 2514 1818 2547 Aprilis
1835 2514 1872 2544 75.
1888 2513 2003 2540 Parisiis.

515 2593 642 2625 Petrus
674 2593 912 2626 miseracione
942 2594 1061 2627 divina
1092 2603 1320 2629 sacrosancte
1351 2597 1510 2630 Romane
1538 2603 1573 2630 et
1606 2597 1824 2631 universalis
1853 2597 2008 2630 ecclesie
2036 2595 2158 2642 presb.
2190 2595 2286 2629 card.

426 2659 692 2700 Laudunensis,
714 2660 984 2693 commissarius
1005 2661 1041 2693 in
1066 2661 1130 2694 hac
1158 2669 1257 2707 parte
1283 2675 1301 2695 a
1327 2663 1414 2696 sede
1440 2664 1638 2708 apostolica
1664 2664 1871 2709 specialiter
1891 2664 2084 2709 deputatus
2111 2663 2155 2696 ad
2179 2663 2289 2696 infra-

425 2725 571 2770 scripta,
590 2725 757 2758 omnibus
780 2733 814 2758 et
834 2726 990 2772 singulis
1012 2727 1216 2770 abbatibus,
1238 2729 1436 2774 prioribus,
1459 2730 1619 2772 decanis,
1642 2730 1919 2771 archidiaconis,
1942 2730 2151 2764 cantoribus
2172 2729 2288 2763 eccle-

425 2792 557 2824 siarum
580 2792 850 2834 cathedralium,
874 2794 1071 2836 canonicis,
1098 2795 1335 2841 presbyteris,
1357 2797 1491 2830 curatis
1517 2804 1552 2830 et
1576 2810 1650 2830 non
1671 2797 1804 2831 curatis
1824 2797 2030 2842 ceterisque
2051 2796 2285 2830 ecclesiarum

424 2858 627 2892 rectoribus
649 2865 684 2891 et
704 2858 961 2892 tabellionibus
981 2860 1137 2905 publicis
1158 2862 1202 2894 ad
1223 2874 1329 2907 quem
1352 2862 1409 2896 vel
1435 2864 1479 2896 ad
1501 2875 1593 2909 quos
1614 2871 1805 2909 presentes
1826 2864 1945 2897 littere
1965 2870 2089 2897 nostre
2110 2873 2287 2908 pervene-

545 2917 585 2940 44.
