<?xml version="1.0" encoding="UTF-8"?>
<!DOCTYPE html PUBLIC "-//W3C//DTD XHTML 1.0 Transitional//EN"
    "http://www.w3.org/TR/xhtml1/DTD/xhtml1-transitional.dtd">
<html xmlns="http://www.w3.org/1999/xhtml" xml:lang="en" lang="en">
 <head>
  <title>
</title>
<meta http-equiv="Content-Type" content="text/html;charset=utf-8" />
  <meta name='ocr-system' content='tesseract 3.04.00' />
  <meta name='ocr-capabilities' content='ocr_page ocr_carea ocr_par ocr_line ocrx_word'/>
</head>
<body>
  <div class='ocr_page' id='page_1' title='image "auctariumchartul03univuoft_0391.png"; bbox 0 0 2488 3386; ppageno 0'>
   <div class='ocr_carea' id='block_1_1' title="bbox 201 351 2060 391">
    <p class='ocr_par' dir='ltr' id='par_1_1' title="bbox 201 351 2060 391">
     <span class='ocr_line' id='line_1_1' title="bbox 201 351 2060 391; baseline 0.001 -5"><span class='ocrx_word' id='word_1_1' title='bbox 201 351 296 387; x_wconf 87' lang='lat'>1385]</span> <span class='ocrx_word' id='word_1_2' title='bbox 616 363 662 384; x_wconf 72' lang='grc' dir='ltr'><em>ΑΒ</em></span> <span class='ocrx_word' id='word_1_3' title='bbox 699 363 802 385; x_wconf 65' lang='lat' dir='ltr'><em>Anno</em></span> <span class='ocrx_word' id='word_1_4' title='bbox 839 363 969 385; x_wconf 70' lang='lat' dir='ltr'><em>mecei„</em></span> <span class='ocrx_word' id='word_1_5' title='bbox 1002 363 1133 391; x_wconf 82' lang='lat' dir='ltr'>USQUE</span> <span class='ocrx_word' id='word_1_6' title='bbox 1169 364 1216 384; x_wconf 62' lang='lat' dir='ltr'><em>An</em></span> <span class='ocrx_word' id='word_1_7' title='bbox 1252 364 1514 386; x_wconf 73' lang='lat' dir='ltr'><em>BENEDlCTUM</em></span> <span class='ocrx_word' id='word_1_8' title='bbox 1552 365 1642 386; x_wconf 79' lang='lat' dir='ltr'><em>xiii.</em></span> <span class='ocrx_word' id='word_1_9' title='bbox 1995 356 2060 389; x_wconf 76' lang='lat'><em>:343</em></span> 
     </span>
    </p>
   </div>
   <div class='ocr_carea' id='block_1_2' title="bbox 202 466 2060 510">
    <p class='ocr_par' dir='ltr' id='par_1_2' title="bbox 202 466 2060 510">
     <span class='ocr_line' id='line_1_2' title="bbox 202 466 2060 510; baseline 0.001 -8"><span class='ocrx_word' id='word_1_10' title='bbox 202 466 341 503; x_wconf 79' lang='grc'>1506.</span> <span class='ocrx_word' id='word_1_11' title='bbox 368 475 492 501; x_wconf 84' lang='lat' dir='ltr'><em>Clemens</em></span> <span class='ocrx_word' id='word_1_12' title='bbox 513 476 562 501; x_wconf 81' lang='lat' dir='ltr'><em>VJ!</em></span> <span class='ocrx_word' id='word_1_13' title='bbox 575 476 658 501; x_wconf 80' lang='lat' dir='ltr'><em>Petro</em></span> <span class='ocrx_word' id='word_1_14' title='bbox 680 474 825 500; x_wconf 77' lang='lat' dir='ltr'><em>cardinali</em></span> <span class='ocrx_word' id='word_1_15' title='bbox 839 474 1026 500; x_wconf 76' lang='lat' dir='ltr'><em>Laudunensi</em></span> <span class='ocrx_word' id='word_1_16' title='bbox 1045 474 1201 510; x_wconf 83' lang='lat' dir='ltr'><em>quamdam</em></span> <span class='ocrx_word' id='word_1_17' title='bbox 1219 474 1454 500; x_wconf 78' lang='lat' dir='ltr'><em>deliberationem</em></span> <span class='ocrx_word' id='word_1_18' title='bbox 1483 476 1630 501; x_wconf 61' lang='lat' dir='ltr'><em>Universa.</em></span> <span class='ocrx_word' id='word_1_19' title='bbox 1655 477 1751 502; x_wconf 83' lang='lat' dir='ltr'><em>Paris.</em></span> <span class='ocrx_word' id='word_1_20' title='bbox 1775 478 1951 510; x_wconf 76' lang='lat' dir='ltr'><em>transmittit,</em></span> <span class='ocrx_word' id='word_1_21' title='bbox 1977 481 2006 503; x_wconf 78' lang='lat' dir='ltr'><em>at</em></span> <span class='ocrx_word' id='word_1_22' title='bbox 2030 486 2060 503; x_wconf 76' lang='lat' dir='ltr'><em>se</em></span> 
     </span>
    </p>
   </div>
   <div class='ocr_carea' id='block_1_3' title="bbox 286 525 1776 589">
    <p class='ocr_par' dir='ltr' id='par_1_3' title="bbox 286 525 1776 589">
     <span class='ocr_line' id='line_1_3' title="bbox 286 525 428 558; baseline 0 -8"><span class='ocrx_word' id='word_1_23' title='bbox 286 525 428 558; x_wconf 79' lang='lat' dir='ltr'><em>informet.</em></span> 
     </span>
     <span class='ocr_line' id='line_1_4' title="bbox 1370 560 1776 589; baseline 0.005 -4"><span class='ocrx_word' id='word_1_24' title='bbox 1370 560 1443 589; x_wconf 80' lang='lat'><em>7385,</em></span> <span class='ocrx_word' id='word_1_25' title='bbox 1460 560 1591 586; x_wconf 77' lang='lat' dir='ltr'><em>Februarii</em></span> <span class='ocrx_word' id='word_1_26' title='bbox 1603 561 1628 589; x_wconf 88' lang='grc'><em>8,</em></span> <span class='ocrx_word' id='word_1_27' title='bbox 1646 561 1776 587; x_wconf 79' lang='grc' dir='ltr'><em>Ᾱνεηῐοηε.</em></span> 
     </span>
    </p>
   </div>
   <div class='ocr_carea' id='block_1_4' title="bbox 189 642 2059 2219">
    <p class='ocr_par' dir='ltr' id='par_1_4' title="bbox 189 642 2059 2219">
     <span class='ocr_line' id='line_1_5' title="bbox 285 642 2056 687; baseline 0.001 -11"><span class='ocrx_word' id='word_1_28' title='bbox 285 643 425 676; x_wconf 89' lang='lat' dir='ltr'><em>Dilecto</em></span> <span class='ocrx_word' id='word_1_29' title='bbox 453 643 527 675; x_wconf 87' lang='lat' dir='ltr'><em>filio</em></span> <span class='ocrx_word' id='word_1_30' title='bbox 556 644 661 675; x_wconf 87' lang='lat' dir='ltr'><em>Petro</em></span> <span class='ocrx_word' id='word_1_31' title='bbox 691 643 724 675; x_wconf 90' lang='lat' dir='ltr'><em>S.</em></span> <span class='ocrx_word' id='word_1_32' title='bbox 753 644 854 675; x_wconf 87' lang='lat' dir='ltr'><em>Rom.</em></span> <span class='ocrx_word' id='word_1_33' title='bbox 883 642 970 675; x_wconf 92' lang='lat' dir='ltr'><em>eccl.</em></span> <span class='ocrx_word' id='word_1_34' title='bbox 1001 642 1123 687; x_wconf 89' lang='lat' dir='ltr'><em>presb.</em></span> <span class='ocrx_word' id='word_1_35' title='bbox 1150 642 1324 675; x_wconf 77' lang='lat' dir='ltr'><em>cardinali</em></span> <span class='ocrx_word' id='word_1_36' title='bbox 1353 643 1513 675; x_wconf 87' lang='lat' dir='ltr'><em>Parisius</em></span> <span class='ocrx_word' id='word_1_37' title='bbox 1540 644 1776 676; x_wconf 79' lang='lat' dir='ltr'><em>commoranti</em></span> <span class='ocrx_word' id='word_1_38' title='bbox 1802 644 1967 684; x_wconf 87' lang='lat' dir='ltr'><em>salutem,</em></span> <span class='ocrx_word' id='word_1_39' title='bbox 1990 652 2056 677; x_wconf 88' lang='lat' dir='ltr'><em>etc.</em></span> 
     </span>
     <span class='ocr_line' id='line_1_6' title="bbox 196 708 2059 754; baseline 0 -12"><span class='ocrx_word' id='word_1_40' title='bbox 196 709 251 742; x_wconf 87' lang='lat' dir='ltr'><em>Ad</em></span> <span class='ocrx_word' id='word_1_41' title='bbox 272 721 310 742; x_wconf 90' lang='lat' dir='ltr'><em>ea</em></span> <span class='ocrx_word' id='word_1_42' title='bbox 333 721 376 742; x_wconf 87' lang='lat' dir='ltr'><em>ex</em></span> <span class='ocrx_word' id='word_1_43' title='bbox 396 709 594 754; x_wconf 90' lang='lat' dir='ltr'><em>apostolice</em></span> <span class='ocrx_word' id='word_1_44' title='bbox 616 709 816 749; x_wconf 79' lang='lat' dir='ltr'><em>servitutis,</em></span> <span class='ocrx_word' id='word_1_45' title='bbox 837 709 1029 753; x_wconf 84' lang='lat' dir='ltr'><em>etc.Nuper</em></span> <span class='ocrx_word' id='word_1_46' title='bbox 1050 708 1228 752; x_wconf 84' lang='lat' dir='ltr'><em>siquidem</em></span> <span class='ocrx_word' id='word_1_47' title='bbox 1253 720 1317 753; x_wconf 89' lang='lat' dir='ltr'><em>pro</em></span> <span class='ocrx_word' id='word_1_48' title='bbox 1342 715 1440 753; x_wconf 84' lang='lat' dir='ltr'><em>parte</em></span> <span class='ocrx_word' id='word_1_49' title='bbox 1458 709 1671 741; x_wconf 89' lang='lat' dir='ltr'><em>dilectorum</em></span> <span class='ocrx_word' id='word_1_50' title='bbox 1695 709 1850 741; x_wconf 86' lang='lat' dir='ltr'><em>filiorum</em></span> <span class='ocrx_word' id='word_1_51' title='bbox 1876 711 2059 743; x_wconf 80' lang='lat' dir='ltr'><em>Universi-</em></span> 
     </span>
     <span class='ocr_line' id='line_1_7' title="bbox 195 774 2059 819; baseline 0.001 -11"><span class='ocrx_word' id='word_1_52' title='bbox 195 775 276 808; x_wconf 83' lang='lat' dir='ltr'><em>tatis</em></span> <span class='ocrx_word' id='word_1_53' title='bbox 297 775 407 808; x_wconf 85' lang='lat' dir='ltr'><em>studii</em></span> <span class='ocrx_word' id='word_1_54' title='bbox 429 775 624 808; x_wconf 87' lang='lat' dir='ltr'><em>Parisiens.</em></span> <span class='ocrx_word' id='word_1_55' title='bbox 648 774 754 807; x_wconf 91' lang='lat' dir='ltr'><em>nobis</em></span> <span class='ocrx_word' id='word_1_56' title='bbox 776 775 941 819; x_wconf 87' lang='lat' dir='ltr'><em>exposito</em></span> <span class='ocrx_word' id='word_1_57' title='bbox 963 775 1060 819; x_wconf 93' lang='lat' dir='ltr'><em>quod</em></span> <span class='ocrx_word' id='word_1_58' title='bbox 1084 775 1153 819; x_wconf 86' lang='lat' dir='ltr'><em>ipsi</em></span> <span class='ocrx_word' id='word_1_59' title='bbox 1176 775 1220 807; x_wconf 90' lang='lat' dir='ltr'><em>ad</em></span> <span class='ocrx_word' id='word_1_60' title='bbox 1242 774 1461 808; x_wconf 81' lang='lat' dir='ltr'><em>obviandum</em></span> <span class='ocrx_word' id='word_1_61' title='bbox 1485 775 1672 808; x_wconf 82' lang='lat' dir='ltr'><em>nonnullis</em></span> <span class='ocrx_word' id='word_1_62' title='bbox 1693 775 1869 808; x_wconf 73' lang='lat' dir='ltr'><em>abusibus</em></span> <span class='ocrx_word' id='word_1_63' title='bbox 1886 783 1918 808; x_wconf 86' lang='lat' dir='ltr'><em>et</em></span> <span class='ocrx_word' id='word_1_64' title='bbox 1936 788 2059 809; x_wconf 90' lang='lat' dir='ltr'><em>exces-</em></span> 
     </span>
     <span class='ocr_line' id='line_1_8' title="bbox 194 841 2057 887; baseline 0.001 -13"><span class='ocrx_word' id='word_1_65' title='bbox 194 841 309 883; x_wconf 87' lang='lat' dir='ltr'><em>sibus,</em></span> <span class='ocrx_word' id='word_1_66' title='bbox 335 853 404 887; x_wconf 92' lang='lat' dir='ltr'><em>que</em></span> <span class='ocrx_word' id='word_1_67' title='bbox 430 848 553 874; x_wconf 90' lang='lat' dir='ltr'><em>contra</em></span> <span class='ocrx_word' id='word_1_68' title='bbox 581 841 784 886; x_wconf 85' lang='lat' dir='ltr'><em>privilegia,</em></span> <span class='ocrx_word' id='word_1_69' title='bbox 807 853 896 874; x_wconf 90' lang='lat' dir='ltr'><em>usus</em></span> <span class='ocrx_word' id='word_1_70' title='bbox 924 848 958 874; x_wconf 89' lang='lat' dir='ltr'><em>et</em></span> <span class='ocrx_word' id='word_1_71' title='bbox 984 841 1186 874; x_wconf 81' lang='lat' dir='ltr'><em>laudabiles</em></span> <span class='ocrx_word' id='word_1_72' title='bbox 1215 841 1502 874; x_wconf 86' lang='lat' dir='ltr'><em>consuetudines</em></span> <span class='ocrx_word' id='word_1_73' title='bbox 1530 842 1786 874; x_wconf 78' lang='lat' dir='ltr'><em>Universitatis</em></span> <span class='ocrx_word' id='word_1_74' title='bbox 1814 842 2057 886; x_wconf 88' lang='lat' dir='ltr'><em>predictorum</em></span> 
     </span>
     <span class='ocr_line' id='line_1_9' title="bbox 193 908 2056 953; baseline 0 -12"><span class='ocrx_word' id='word_1_75' title='bbox 193 908 510 941; x_wconf 87' lang='lat' dir='ltr'><em>committebantur</em></span> <span class='ocrx_word' id='word_1_76' title='bbox 538 920 577 941; x_wconf 88' lang='lat' dir='ltr'><em>ac</em></span> <span class='ocrx_word' id='word_1_77' title='bbox 609 908 783 941; x_wconf 77' lang='lat' dir='ltr'><em>committi</em></span> <span class='ocrx_word' id='word_1_78' title='bbox 814 915 965 953; x_wconf 81' lang='lat' dir='ltr'><em>possent</em></span> <span class='ocrx_word' id='word_1_79' title='bbox 998 908 1034 940; x_wconf 90' lang='lat' dir='ltr'><em>in</em></span> <span class='ocrx_word' id='word_1_80' title='bbox 1065 914 1264 953; x_wconf 87' lang='lat' dir='ltr'><em>posterum,</em></span> <span class='ocrx_word' id='word_1_81' title='bbox 1301 908 1478 952; x_wconf 85' lang='lat' dir='ltr'><em>quandam</em></span> <span class='ocrx_word' id='word_1_82' title='bbox 1512 908 1811 940; x_wconf 70' lang='lat' dir='ltr'><em>deliberationem</em></span> <span class='ocrx_word' id='word_1_83' title='bbox 1847 908 2056 950; x_wconf 84' lang='lat' dir='ltr'><em>habuerant,</em></span> 
     </span>
     <span class='ocr_line' id='line_1_10' title="bbox 193 974 2058 1020; baseline 0.001 -13"><span class='ocrx_word' id='word_1_84' title='bbox 193 981 300 1019; x_wconf 91' lang='lat' dir='ltr'><em>prout</em></span> <span class='ocrx_word' id='word_1_85' title='bbox 320 975 356 1007; x_wconf 91' lang='lat' dir='ltr'><em>in</em></span> <span class='ocrx_word' id='word_1_86' title='bbox 380 975 533 1019; x_wconf 87' lang='lat' dir='ltr'><em>quodam</em></span> <span class='ocrx_word' id='word_1_87' title='bbox 556 975 861 1020; x_wconf 86' lang='lat' dir='ltr'><em>supplicationum</em></span> <span class='ocrx_word' id='word_1_88' title='bbox 884 974 1002 1007; x_wconf 91' lang='lat' dir='ltr'><em>rotulo</em></span> <span class='ocrx_word' id='word_1_89' title='bbox 1024 986 1089 1019; x_wconf 91' lang='lat' dir='ltr'><em>pro</em></span> <span class='ocrx_word' id='word_1_90' title='bbox 1111 981 1211 1019; x_wconf 88' lang='lat' dir='ltr'><em>parte</em></span> <span class='ocrx_word' id='word_1_91' title='bbox 1233 975 1395 1019; x_wconf 88' lang='lat' dir='ltr'><em>ipsorum</em></span> <span class='ocrx_word' id='word_1_92' title='bbox 1421 974 1526 1007; x_wconf 90' lang='lat' dir='ltr'><em>nobis</em></span> <span class='ocrx_word' id='word_1_93' title='bbox 1548 987 1663 1019; x_wconf 87' lang='lat' dir='ltr'><em>nuper</em></span> <span class='ocrx_word' id='word_1_94' title='bbox 1687 982 1893 1019; x_wconf 87' lang='lat' dir='ltr'><em>presentato</em></span> <span class='ocrx_word' id='word_1_95' title='bbox 1916 975 2058 1020; x_wconf 84' lang='lat' dir='ltr'><em>plenius</em></span> 
     </span>
     <span class='ocr_line' id='line_1_11' title="bbox 192 1041 2056 1087; baseline 0.001 -13"><span class='ocrx_word' id='word_1_96' title='bbox 192 1041 410 1082; x_wconf 71' lang='lat' dir='ltr'><em>continetur,</em></span> <span class='ocrx_word' id='word_1_97' title='bbox 434 1041 605 1086; x_wconf 90' lang='lat' dir='ltr'><em>quodque</em></span> <span class='ocrx_word' id='word_1_98' title='bbox 633 1041 741 1074; x_wconf 90' lang='lat' dir='ltr'><em>iidem</em></span> <span class='ocrx_word' id='word_1_99' title='bbox 771 1041 998 1075; x_wconf 85' lang='lat' dir='ltr'><em>Universitas</em></span> <span class='ocrx_word' id='word_1_100' title='bbox 1029 1041 1196 1086; x_wconf 90' lang='lat' dir='ltr'><em>pluribus</em></span> <span class='ocrx_word' id='word_1_101' title='bbox 1227 1048 1262 1074; x_wconf 87' lang='lat' dir='ltr'><em>et</em></span> <span class='ocrx_word' id='word_1_102' title='bbox 1293 1041 1450 1074; x_wconf 90' lang='lat' dir='ltr'><em>diversis</em></span> <span class='ocrx_word' id='word_1_103' title='bbox 1483 1041 1802 1075; x_wconf 84' lang='lat' dir='ltr'><em>reformationibus</em></span> <span class='ocrx_word' id='word_1_104' title='bbox 1832 1042 2056 1087; x_wconf 79' lang='lat' dir='ltr'><em>indigebant,</em></span> 
     </span>
     <span class='ocr_line' id='line_1_12' title="bbox 193 1107 2056 1154; baseline 0.001 -14"><span class='ocrx_word' id='word_1_105' title='bbox 193 1119 262 1153; x_wconf 89' lang='lat' dir='ltr'><em>que</em></span> <span class='ocrx_word' id='word_1_106' title='bbox 279 1108 332 1141; x_wconf 89' lang='lat' dir='ltr'><em>eis</em></span> <span class='ocrx_word' id='word_1_107' title='bbox 352 1120 417 1153; x_wconf 90' lang='lat' dir='ltr'><em>pro</em></span> <span class='ocrx_word' id='word_1_108' title='bbox 438 1108 601 1153; x_wconf 87' lang='lat' dir='ltr'><em>ipsorum</em></span> <span class='ocrx_word' id='word_1_109' title='bbox 623 1107 719 1141; x_wconf 92' lang='lat' dir='ltr'><em>bono</em></span> <span class='ocrx_word' id='word_1_110' title='bbox 741 1108 918 1153; x_wconf 89' lang='lat' dir='ltr'><em>regimine</em></span> <span class='ocrx_word' id='word_1_111' title='bbox 936 1121 975 1141; x_wconf 91' lang='lat' dir='ltr'><em>ac</em></span> <span class='ocrx_word' id='word_1_112' title='bbox 992 1115 1084 1141; x_wconf 87' lang='lat' dir='ltr'><em>statu</em></span> <span class='ocrx_word' id='word_1_113' title='bbox 1107 1120 1283 1153; x_wconf 88' lang='lat' dir='ltr'><em>prospero</em></span> <span class='ocrx_word' id='word_1_114' title='bbox 1301 1108 1508 1141; x_wconf 80' lang='lat' dir='ltr'><em>necessarie</em></span> <span class='ocrx_word' id='word_1_115' title='bbox 1526 1115 1627 1141; x_wconf 88' lang='lat' dir='ltr'><em>erant.</em></span> <span class='ocrx_word' id='word_1_116' title='bbox 1648 1120 1711 1141; x_wconf 91' lang='lat' dir='ltr'><em>seu</em></span> <span class='ocrx_word' id='word_1_117' title='bbox 1730 1109 1833 1141; x_wconf 89' lang='lat' dir='ltr'><em>etiam</em></span> <span class='ocrx_word' id='word_1_118' title='bbox 1853 1116 2030 1154; x_wconf 88' lang='lat' dir='ltr'><em>oportune</em></span> <span class='ocrx_word' id='word_1_119' title='bbox 2049 1121 2056 1142; x_wconf 70' lang='grc' dir='ltr'>ε</span> 
     </span>
     <span class='ocr_line' id='line_1_13' title="bbox 192 1174 2057 1220; baseline 0.001 -13"><span class='ocrx_word' id='word_1_120' title='bbox 192 1186 259 1207; x_wconf 91' lang='lat' dir='ltr'><em>nos</em></span> <span class='ocrx_word' id='word_1_121' title='bbox 280 1174 422 1208; x_wconf 89' lang='lat' dir='ltr'><em>dilectis</em></span> <span class='ocrx_word' id='word_1_122' title='bbox 443 1174 528 1207; x_wconf 83' lang='lat' dir='ltr'><em>filiis</em></span> <span class='ocrx_word' id='word_1_123' title='bbox 550 1175 685 1208; x_wconf 91' lang='lat' dir='ltr'><em>nostris</em></span> <span class='ocrx_word' id='word_1_124' title='bbox 706 1176 811 1208; x_wconf 89' lang='lat' dir='ltr'><em>Petro</em></span> <span class='ocrx_word' id='word_1_125' title='bbox 833 1175 885 1208; x_wconf 90' lang='lat' dir='ltr'><em>tit.</em></span> <span class='ocrx_word' id='word_1_126' title='bbox 909 1176 943 1208; x_wconf 92' lang='lat' dir='ltr'><em>S.</em></span> <span class='ocrx_word' id='word_1_127' title='bbox 967 1175 1150 1208; x_wconf 87' lang='lat' dir='ltr'><em>Laurentii</em></span> <span class='ocrx_word' id='word_1_128' title='bbox 1179 1175 1216 1207; x_wconf 90' lang='lat' dir='ltr'><em>in</em></span> <span class='ocrx_word' id='word_1_129' title='bbox 1245 1175 1377 1207; x_wconf 86' lang='lat' dir='ltr'><em>Lucina</em></span> <span class='ocrx_word' id='word_1_130' title='bbox 1400 1182 1435 1207; x_wconf 90' lang='lat' dir='ltr'><em>et</em></span> <span class='ocrx_word' id='word_1_131' title='bbox 1466 1176 1571 1208; x_wconf 87' lang='lat' dir='ltr'><em>Petro</em></span> <span class='ocrx_word' id='word_1_132' title='bbox 1599 1175 1651 1208; x_wconf 90' lang='lat' dir='ltr'><em>tit.</em></span> <span class='ocrx_word' id='word_1_133' title='bbox 1675 1176 1709 1208; x_wconf 89' lang='lat' dir='ltr'><em>S.</em></span> <span class='ocrx_word' id='word_1_134' title='bbox 1737 1176 1848 1208; x_wconf 88' lang='lat' dir='ltr'><em>Marci</em></span> <span class='ocrx_word' id='word_1_135' title='bbox 1875 1176 1997 1220; x_wconf 89' lang='lat' dir='ltr'><em>presb.</em></span> <span class='ocrx_word' id='word_1_136' title='bbox 2019 1188 2057 1209; x_wconf 84' lang='lat' dir='ltr'><em>ac</em></span> 
     </span>
     <span class='ocr_line' id='line_1_14' title="bbox 191 1241 2057 1287; baseline 0.001 -13"><span class='ocrx_word' id='word_1_137' title='bbox 191 1242 297 1274; x_wconf 86' lang='lat' dir='ltr'><em>Petro</em></span> <span class='ocrx_word' id='word_1_138' title='bbox 320 1241 353 1274; x_wconf 89' lang='lat' dir='ltr'><em>S.</em></span> <span class='ocrx_word' id='word_1_139' title='bbox 377 1242 489 1274; x_wconf 90' lang='lat' dir='ltr'><em>Marie</em></span> <span class='ocrx_word' id='word_1_140' title='bbox 517 1242 553 1273; x_wconf 91' lang='lat' dir='ltr'><em>in</em></span> <span class='ocrx_word' id='word_1_141' title='bbox 583 1241 721 1286; x_wconf 86' lang='lat' dir='ltr'><em>Aquiro</em></span> <span class='ocrx_word' id='word_1_142' title='bbox 751 1241 903 1274; x_wconf 89' lang='lat' dir='ltr'><em>diacono</em></span> <span class='ocrx_word' id='word_1_143' title='bbox 931 1241 1177 1274; x_wconf 83' lang='lat' dir='ltr'><em>cardinalibus</em></span> <span class='ocrx_word' id='word_1_144' title='bbox 1204 1241 1454 1274; x_wconf 85' lang='lat' dir='ltr'><em>commisimus</em></span> <span class='ocrx_word' id='word_1_145' title='bbox 1482 1249 1518 1274; x_wconf 90' lang='lat' dir='ltr'><em>ut</em></span> <span class='ocrx_word' id='word_1_146' title='bbox 1549 1242 1592 1274; x_wconf 90' lang='lat' dir='ltr'><em>de</em></span> <span class='ocrx_word' id='word_1_147' title='bbox 1624 1242 1813 1286; x_wconf 85' lang='lat' dir='ltr'><em>premissis</em></span> <span class='ocrx_word' id='word_1_148' title='bbox 1849 1254 1887 1275; x_wconf 89' lang='lat' dir='ltr'><em>se</em></span> <span class='ocrx_word' id='word_1_149' title='bbox 1913 1243 2057 1287; x_wconf 87' lang='lat' dir='ltr'><em>plenius</em></span> 
     </span>
     <span class='ocr_line' id='line_1_15' title="bbox 191 1308 2055 1353; baseline 0.001 -13"><span class='ocrx_word' id='word_1_150' title='bbox 191 1308 438 1340; x_wconf 86' lang='lat' dir='ltr'><em>informarent.</em></span> <span class='ocrx_word' id='word_1_151' title='bbox 462 1308 552 1341; x_wconf 89' lang='lat' dir='ltr'><em>Cum</em></span> <span class='ocrx_word' id='word_1_152' title='bbox 579 1314 696 1341; x_wconf 88' lang='lat' dir='ltr'><em>autem</em></span> <span class='ocrx_word' id='word_1_153' title='bbox 726 1320 791 1353; x_wconf 90' lang='lat' dir='ltr'><em>per</em></span> <span class='ocrx_word' id='word_1_154' title='bbox 817 1309 1107 1341; x_wconf 80' lang='lat' dir='ltr'><em>informationem</em></span> <span class='ocrx_word' id='word_1_155' title='bbox 1138 1320 1201 1353; x_wconf 92' lang='lat' dir='ltr'><em>per</em></span> <span class='ocrx_word' id='word_1_156' title='bbox 1228 1308 1375 1341; x_wconf 88' lang='lat' dir='ltr'><em>eosdem</em></span> <span class='ocrx_word' id='word_1_157' title='bbox 1405 1308 1620 1349; x_wconf 74' lang='lat' dir='ltr'><em>cardinales,</em></span> <span class='ocrx_word' id='word_1_158' title='bbox 1649 1309 1709 1353; x_wconf 86' lang='lat' dir='ltr'><em>qui</em></span> <span class='ocrx_word' id='word_1_159' title='bbox 1738 1309 1870 1341; x_wconf 90' lang='lat' dir='ltr'><em>dictum</em></span> <span class='ocrx_word' id='word_1_160' title='bbox 1900 1310 2055 1342; x_wconf 89' lang='lat' dir='ltr'><em>rotulum</em></span> 
     </span>
     <span class='ocr_line' id='line_1_16' title="bbox 191 1373 2057 1420; baseline 0.001 -14"><span class='ocrx_word' id='word_1_161' title='bbox 191 1373 255 1407; x_wconf 90' lang='lat' dir='ltr'><em>tibi</em></span> <span class='ocrx_word' id='word_1_162' title='bbox 276 1374 523 1407; x_wconf 86' lang='lat' dir='ltr'><em>transmittunt</em></span> <span class='ocrx_word' id='word_1_163' title='bbox 543 1374 611 1407; x_wconf 90' lang='lat' dir='ltr'><em>sub</em></span> <span class='ocrx_word' id='word_1_164' title='bbox 633 1386 757 1407; x_wconf 90' lang='lat' dir='ltr'><em>eorum</em></span> <span class='ocrx_word' id='word_1_165' title='bbox 780 1375 913 1420; x_wconf 86' lang='lat' dir='ltr'><em>sigillis</em></span> <span class='ocrx_word' id='word_1_166' title='bbox 935 1375 1187 1416; x_wconf 83' lang='lat' dir='ltr'><em>interclusum,</em></span> <span class='ocrx_word' id='word_1_167' title='bbox 1211 1382 1389 1420; x_wconf 83' lang='lat' dir='ltr'><em>receptam</em></span> <span class='ocrx_word' id='word_1_168' title='bbox 1491 1375 1534 1407; x_wconf 89' lang='lat' dir='ltr'><em>de</em></span> <span class='ocrx_word' id='word_1_169' title='bbox 1557 1375 1746 1419; x_wconf 85' lang='lat' dir='ltr'><em>premissis</em></span> <span class='ocrx_word' id='word_1_170' title='bbox 1768 1388 1840 1408; x_wconf 92' lang='lat' dir='ltr'><em>non</em></span> <span class='ocrx_word' id='word_1_171' title='bbox 1862 1387 2057 1420; x_wconf 88' lang='lat' dir='ltr'><em>possumus</em></span> 
     </span>
     <span class='ocr_line' id='line_1_17' title="bbox 191 1440 2058 1487; baseline 0.001 -14"><span class='ocrx_word' id='word_1_172' title='bbox 191 1440 413 1474; x_wconf 86' lang='lat' dir='ltr'><em>sufficienter</em></span> <span class='ocrx_word' id='word_1_173' title='bbox 441 1441 641 1477; x_wconf 78' lang='lat' dir='ltr'><em>informari.</em></span> <span class='ocrx_word' id='word_1_174' title='bbox 674 1453 740 1474; x_wconf 93' lang='lat' dir='ltr'><em>nos</em></span> <span class='ocrx_word' id='word_1_175' title='bbox 770 1442 960 1486; x_wconf 86' lang='lat' dir='ltr'><em>cupientes</em></span> <span class='ocrx_word' id='word_1_176' title='bbox 991 1442 1027 1474; x_wconf 92' lang='lat' dir='ltr'><em>in</em></span> <span class='ocrx_word' id='word_1_177' title='bbox 1057 1442 1110 1474; x_wconf 90' lang='lat' dir='ltr'><em>eis</em></span> <span class='ocrx_word' id='word_1_178' title='bbox 1141 1442 1278 1475; x_wconf 87' lang='lat' dir='ltr'><em>utiliter</em></span> <span class='ocrx_word' id='word_1_179' title='bbox 1308 1449 1342 1474; x_wconf 89' lang='lat' dir='ltr'><em>et</em></span> <span class='ocrx_word' id='word_1_180' title='bbox 1374 1441 1569 1474; x_wconf 80' lang='lat' dir='ltr'><em>salubriter</em></span> <span class='ocrx_word' id='word_1_181' title='bbox 1594 1442 1801 1486; x_wconf 86' lang='lat' dir='ltr'><em>providere,</em></span> <span class='ocrx_word' id='word_1_182' title='bbox 1832 1442 1894 1474; x_wconf 88' lang='lat' dir='ltr'><em>tibi</em></span> <span class='ocrx_word' id='word_1_183' title='bbox 1995 1454 2058 1487; x_wconf 91' lang='lat' dir='ltr'><em>per</em></span> 
     </span>
     <span class='ocr_line' id='line_1_18' title="bbox 190 1507 2058 1553; baseline 0.001 -13"><span class='ocrx_word' id='word_1_184' title='bbox 190 1507 387 1552; x_wconf 89' lang='lat' dir='ltr'><em>apostolica</em></span> <span class='ocrx_word' id='word_1_185' title='bbox 408 1508 541 1552; x_wconf 89' lang='lat' dir='ltr'><em>scripta</em></span> <span class='ocrx_word' id='word_1_186' title='bbox 565 1508 824 1541; x_wconf 88' lang='lat' dir='ltr'><em>committimus</em></span> <span class='ocrx_word' id='word_1_187' title='bbox 845 1515 880 1541; x_wconf 88' lang='lat' dir='ltr'><em>et</em></span> <span class='ocrx_word' id='word_1_188' title='bbox 906 1509 1132 1549; x_wconf 85' lang='lat' dir='ltr'><em>mandamus,</em></span> <span class='ocrx_word' id='word_1_189' title='bbox 1157 1509 1326 1553; x_wconf 84' lang='lat' dir='ltr'><em>quatinus</em></span> <span class='ocrx_word' id='word_1_190' title='bbox 1348 1521 1412 1553; x_wconf 92' lang='lat' dir='ltr'><em>per</em></span> <span class='ocrx_word' id='word_1_191' title='bbox 1441 1515 1473 1541; x_wconf 89' lang='lat' dir='ltr'><em>te</em></span> <span class='ocrx_word' id='word_1_192' title='bbox 1500 1508 1556 1541; x_wconf 92' lang='lat' dir='ltr'><em>vel</em></span> <span class='ocrx_word' id='word_1_193' title='bbox 1578 1508 1684 1541; x_wconf 89' lang='lat' dir='ltr'><em>alium</em></span> <span class='ocrx_word' id='word_1_194' title='bbox 1709 1521 1772 1541; x_wconf 87' lang='lat' dir='ltr'><em>seu</em></span> <span class='ocrx_word' id='word_1_195' title='bbox 1798 1508 1901 1549; x_wconf 72' lang='lat' dir='ltr'><em>alios.v</em></span> <span class='ocrx_word' id='word_1_196' title='bbox 1923 1509 2058 1542; x_wconf 85' lang='lat' dir='ltr'><em>vocatis</em></span> 
     </span>
     <span class='ocr_line' id='line_1_19' title="bbox 190 1573 2059 1620; baseline 0.001 -14"><span class='ocrx_word' id='word_1_197' title='bbox 190 1573 252 1618; x_wconf 92' lang='lat' dir='ltr'><em>qui</em></span> <span class='ocrx_word' id='word_1_198' title='bbox 271 1574 404 1607; x_wconf 88' lang='lat' dir='ltr'><em>fuerint</em></span> <span class='ocrx_word' id='word_1_199' title='bbox 426 1574 615 1615; x_wconf 87' lang='lat' dir='ltr'><em>evocandi,</em></span> <span class='ocrx_word' id='word_1_200' title='bbox 633 1575 841 1616; x_wconf 90' lang='lat' dir='ltr'><em>summarie,</em></span> <span class='ocrx_word' id='word_1_201' title='bbox 864 1575 1079 1620; x_wconf 88' lang='lat' dir='ltr'><em>simpliciter</em></span> <span class='ocrx_word' id='word_1_202' title='bbox 1099 1587 1138 1608; x_wconf 88' lang='lat' dir='ltr'><em>ac</em></span> <span class='ocrx_word' id='word_1_203' title='bbox 1161 1575 1240 1608; x_wconf 90' lang='lat' dir='ltr'><em>sine</em></span> <span class='ocrx_word' id='word_1_204' title='bbox 1257 1575 1410 1620; x_wconf 87' lang='lat' dir='ltr'><em>strepitu</em></span> <span class='ocrx_word' id='word_1_205' title='bbox 1433 1582 1465 1607; x_wconf 91' lang='lat' dir='ltr'><em>et</em></span> <span class='ocrx_word' id='word_1_206' title='bbox 1484 1575 1600 1620; x_wconf 82' lang='lat' dir='ltr'><em>figura</em></span> <span class='ocrx_word' id='word_1_207' title='bbox 1616 1575 1746 1619; x_wconf 89' lang='lat' dir='ltr'><em>judieii</em></span> <span class='ocrx_word' id='word_1_208' title='bbox 1769 1575 1812 1607; x_wconf 90' lang='lat' dir='ltr'><em>de</em></span> <span class='ocrx_word' id='word_1_209' title='bbox 1834 1575 2003 1608; x_wconf 90' lang='lat' dir='ltr'><em>omnibus</em></span> <span class='ocrx_word' id='word_1_210' title='bbox 2025 1582 2059 1608; x_wconf 89' lang='lat' dir='ltr'><em>et</em></span> 
     </span>
     <span class='ocr_line' id='line_1_20' title="bbox 191 1640 2059 1687; baseline 0.001 -15"><span class='ocrx_word' id='word_1_211' title='bbox 191 1640 348 1685; x_wconf 87' lang='lat' dir='ltr'><em>singulis</em></span> <span class='ocrx_word' id='word_1_212' title='bbox 376 1641 412 1672; x_wconf 94' lang='lat' dir='ltr'><em>in</em></span> <span class='ocrx_word' id='word_1_213' title='bbox 439 1640 532 1673; x_wconf 89' lang='lat' dir='ltr'><em>dicta</em></span> <span class='ocrx_word' id='word_1_214' title='bbox 554 1640 816 1674; x_wconf 84' lang='lat' dir='ltr'><em>deliberatione</em></span> <span class='ocrx_word' id='word_1_215' title='bbox 845 1642 1038 1683; x_wconf 89' lang='lat' dir='ltr'><em>contentis,</em></span> <span class='ocrx_word' id='word_1_216' title='bbox 1066 1649 1100 1674; x_wconf 90' lang='lat' dir='ltr'><em>et</em></span> <span class='ocrx_word' id='word_1_217' title='bbox 1125 1654 1194 1687; x_wconf 89' lang='lat' dir='ltr'><em>que</em></span> <span class='ocrx_word' id='word_1_218' title='bbox 1217 1641 1516 1674; x_wconf 85' lang='lat' dir='ltr'><em>deliberationem</em></span> <span class='ocrx_word' id='word_1_219' title='bbox 1545 1642 1658 1686; x_wconf 86' lang='lat' dir='ltr'><em>ipsam</em></span> <span class='ocrx_word' id='word_1_220' title='bbox 1681 1649 1917 1682; x_wconf 82' lang='lat' dir='ltr'><em>concernunt,</em></span> <span class='ocrx_word' id='word_1_221' title='bbox 1941 1648 1973 1674; x_wconf 88' lang='lat' dir='ltr'><em>et</em></span> <span class='ocrx_word' id='word_1_222' title='bbox 1996 1654 2059 1686; x_wconf 87' lang='lat' dir='ltr'><em>per</em></span> 
     </span>
     <span class='ocr_line' id='line_1_21' title="bbox 190 1707 2059 1753; baseline 0.001 -14"><span class='ocrx_word' id='word_1_223' title='bbox 190 1718 297 1752; x_wconf 89' lang='lat' dir='ltr'><em>quem</em></span> <span class='ocrx_word' id='word_1_224' title='bbox 318 1707 462 1740; x_wconf 89' lang='lat' dir='ltr'><em>modum</em></span> <span class='ocrx_word' id='word_1_225' title='bbox 491 1707 716 1740; x_wconf 90' lang='lat' dir='ltr'><em>Universitas</em></span> <span class='ocrx_word' id='word_1_226' title='bbox 743 1708 896 1753; x_wconf 88' lang='lat' dir='ltr'><em>predicti</em></span> <span class='ocrx_word' id='word_1_227' title='bbox 924 1720 989 1753; x_wconf 89' lang='lat' dir='ltr'><em>pro</em></span> <span class='ocrx_word' id='word_1_228' title='bbox 1011 1709 1173 1753; x_wconf 88' lang='lat' dir='ltr'><em>ipsorum</em></span> <span class='ocrx_word' id='word_1_229' title='bbox 1201 1708 1298 1741; x_wconf 90' lang='lat' dir='ltr'><em>bono</em></span> <span class='ocrx_word' id='word_1_230' title='bbox 1321 1709 1498 1753; x_wconf 88' lang='lat' dir='ltr'><em>regimine</em></span> <span class='ocrx_word' id='word_1_231' title='bbox 1521 1709 1598 1741; x_wconf 87' lang='lat' dir='ltr'><em>sive</em></span> <span class='ocrx_word' id='word_1_232' title='bbox 1620 1715 1712 1741; x_wconf 87' lang='lat' dir='ltr'><em>statu</em></span> <span class='ocrx_word' id='word_1_233' title='bbox 1736 1720 1912 1753; x_wconf 89' lang='lat' dir='ltr'><em>prospero</em></span> <span class='ocrx_word' id='word_1_234' title='bbox 1934 1708 2059 1753; x_wconf 88' lang='lat' dir='ltr'><em>hujus-</em></span> 
     </span>
     <span class='ocr_line' id='line_1_22' title="bbox 190 1773 2058 1820; baseline 0.001 -14"><span class='ocrx_word' id='word_1_235' title='bbox 190 1773 288 1806; x_wconf 88' lang='lat' dir='ltr'><em>modi</em></span> <span class='ocrx_word' id='word_1_236' title='bbox 316 1773 460 1815; x_wconf 88' lang='lat' dir='ltr'><em>melius,</em></span> <span class='ocrx_word' id='word_1_237' title='bbox 482 1774 607 1807; x_wconf 90' lang='lat' dir='ltr'><em>utilius</em></span> <span class='ocrx_word' id='word_1_238' title='bbox 634 1781 669 1807; x_wconf 89' lang='lat' dir='ltr'><em>et</em></span> <span class='ocrx_word' id='word_1_239' title='bbox 694 1774 877 1808; x_wconf 88' lang='lat' dir='ltr'><em>salubrius</em></span> <span class='ocrx_word' id='word_1_240' title='bbox 898 1775 1058 1820; x_wconf 84' lang='lat' dir='ltr'><em>poterint</em></span> <span class='ocrx_word' id='word_1_241' title='bbox 1088 1776 1289 1816; x_wconf 84' lang='lat' dir='ltr'><em>reformari,</em></span> <span class='ocrx_word' id='word_1_242' title='bbox 1316 1776 1527 1808; x_wconf 88' lang='lat' dir='ltr'><em>auctoritate</em></span> <span class='ocrx_word' id='word_1_243' title='bbox 1555 1775 1753 1820; x_wconf 85' lang='lat' dir='ltr'><em>apostolica</em></span> <span class='ocrx_word' id='word_1_244' title='bbox 1784 1775 1997 1820; x_wconf 87' lang='lat' dir='ltr'><em>diligentius</em></span> <span class='ocrx_word' id='word_1_245' title='bbox 2026 1782 2058 1808; x_wconf 90' lang='lat' dir='ltr'><em>te</em></span> 
     </span>
     <span class='ocr_line' id='line_1_23' title="bbox 189 1840 2059 1887; baseline 0.001 -15"><span class='ocrx_word' id='word_1_246' title='bbox 189 1840 376 1873; x_wconf 88' lang='lat' dir='ltr'><em>informes.</em></span> <span class='ocrx_word' id='word_1_247' title='bbox 399 1840 708 1882; x_wconf 79' lang='lat' dir='ltr'><em>Contradictores,</em></span> <span class='ocrx_word' id='word_1_248' title='bbox 738 1847 800 1875; x_wconf 87' lang='lat' dir='ltr'><em>etc.</em></span> <span class='ocrx_word' id='word_1_249' title='bbox 832 1843 875 1874; x_wconf 82' lang='lat' dir='ltr'><em>Et</em></span> <span class='ocrx_word' id='word_1_250' title='bbox 895 1842 1046 1887; x_wconf 88' lang='lat' dir='ltr'><em>insuper</em></span> <span class='ocrx_word' id='word_1_251' title='bbox 1072 1842 1326 1875; x_wconf 84' lang='lat' dir='ltr'><em>informatione</em></span> <span class='ocrx_word' id='word_1_252' title='bbox 1348 1842 1559 1886; x_wconf 87' lang='lat' dir='ltr'><em>hujusmodi</em></span> <span class='ocrx_word' id='word_1_253' title='bbox 1588 1853 1652 1886; x_wconf 90' lang='lat' dir='ltr'><em>per</em></span> <span class='ocrx_word' id='word_1_254' title='bbox 1674 1848 1706 1874; x_wconf 91' lang='lat' dir='ltr'><em>te</em></span> <span class='ocrx_word' id='word_1_255' title='bbox 1729 1848 1872 1886; x_wconf 85' lang='lat' dir='ltr'><em>recepta</em></span> <span class='ocrx_word' id='word_1_256' title='bbox 1894 1854 1974 1874; x_wconf 89' lang='lat' dir='ltr'><em>cum</em></span> <span class='ocrx_word' id='word_1_257' title='bbox 1996 1841 2059 1874; x_wconf 89' lang='lat' dir='ltr'><em>ali-</em></span> 
     </span>
     <span class='ocr_line' id='line_1_24' title="bbox 191 1906 2058 1953; baseline 0.002 -15"><span class='ocrx_word' id='word_1_258' title='bbox 191 1906 323 1951; x_wconf 89' lang='lat' dir='ltr'><em>quibus</em></span> <span class='ocrx_word' id='word_1_259' title='bbox 340 1906 508 1940; x_wconf 87' lang='lat' dir='ltr'><em>discretis</em></span> <span class='ocrx_word' id='word_1_260' title='bbox 525 1907 743 1940; x_wconf 86' lang='lat' dir='ltr'><em>habentibus</em></span> <span class='ocrx_word' id='word_1_261' title='bbox 760 1908 921 1941; x_wconf 87' lang='lat' dir='ltr'><em>notitiam</em></span> <span class='ocrx_word' id='word_1_262' title='bbox 940 1908 984 1941; x_wconf 86' lang='lat' dir='ltr'><em>de</em></span> <span class='ocrx_word' id='word_1_263' title='bbox 1001 1908 1206 1953; x_wconf 74' lang='lat' dir='ltr'><em>premissis,</em></span> <span class='ocrx_word' id='word_1_264' title='bbox 1225 1909 1268 1941; x_wconf 90' lang='lat' dir='ltr'><em>de</em></span> <span class='ocrx_word' id='word_1_265' title='bbox 1286 1908 1419 1953; x_wconf 90' lang='lat' dir='ltr'><em>quibus</em></span> <span class='ocrx_word' id='word_1_266' title='bbox 1437 1908 1501 1941; x_wconf 88' lang='lat' dir='ltr'><em>tibi</em></span> <span class='ocrx_word' id='word_1_267' title='bbox 1519 1908 1702 1941; x_wconf 85' lang='lat' dir='ltr'><em>videbitur</em></span> <span class='ocrx_word' id='word_1_268' title='bbox 1719 1908 1903 1953; x_wconf 89' lang='lat' dir='ltr'><em>expedire,</em></span> <span class='ocrx_word' id='word_1_269' title='bbox 1923 1915 2058 1941; x_wconf 89' lang='lat' dir='ltr'><em>mature</em></span> 
     </span>
     <span class='ocr_line' id='line_1_25' title="bbox 191 1972 2057 2019; baseline 0.001 -14"><span class='ocrx_word' id='word_1_270' title='bbox 191 1984 301 2017; x_wconf 88' lang='lat' dir='ltr'><em>super</em></span> <span class='ocrx_word' id='word_1_271' title='bbox 320 1972 373 2005; x_wconf 89' lang='lat' dir='ltr'><em>eis</em></span> <span class='ocrx_word' id='word_1_272' title='bbox 394 1972 590 2013; x_wconf 81' lang='lat' dir='ltr'><em>deliberes,</em></span> <span class='ocrx_word' id='word_1_273' title='bbox 609 1980 645 2006; x_wconf 86' lang='lat' dir='ltr'><em>et</em></span> <span class='ocrx_word' id='word_1_274' title='bbox 664 1974 837 2019; x_wconf 89' lang='lat' dir='ltr'><em>quicquid</em></span> <span class='ocrx_word' id='word_1_275' title='bbox 859 1986 923 2019; x_wconf 90' lang='lat' dir='ltr'><em>per</em></span> <span class='ocrx_word' id='word_1_276' title='bbox 944 1974 1235 2007; x_wconf 83' lang='lat' dir='ltr'><em>informationem</em></span> <span class='ocrx_word' id='word_1_277' title='bbox 1258 1981 1293 2007; x_wconf 89' lang='lat' dir='ltr'><em>et</em></span> <span class='ocrx_word' id='word_1_278' title='bbox 1313 1974 1613 2007; x_wconf 87' lang='lat' dir='ltr'><em>deliberationem</em></span> <span class='ocrx_word' id='word_1_279' title='bbox 1637 1981 1729 2007; x_wconf 87' lang='lat' dir='ltr'><em>tuam</em></span> <span class='ocrx_word' id='word_1_280' title='bbox 1752 1974 1960 2018; x_wconf 83' lang='lat' dir='ltr'><em>hujusmodi</em></span> <span class='ocrx_word' id='word_1_281' title='bbox 1982 1986 2057 2018; x_wconf 89' lang='lat' dir='ltr'><em>rep-</em></span> 
     </span>
     <span class='ocr_line' id='line_1_26' title="bbox 190 2039 2058 2086; baseline 0.001 -15"><span class='ocrx_word' id='word_1_282' title='bbox 190 2039 330 2084; x_wconf 87' lang='lat' dir='ltr'><em>pereris</em></span> <span class='ocrx_word' id='word_1_283' title='bbox 352 2045 387 2072; x_wconf 89' lang='lat' dir='ltr'><em>et</em></span> <span class='ocrx_word' id='word_1_284' title='bbox 407 2051 471 2084; x_wconf 91' lang='lat' dir='ltr'><em>per</em></span> <span class='ocrx_word' id='word_1_285' title='bbox 491 2051 597 2084; x_wconf 89' lang='lat' dir='ltr'><em>quem</em></span> <span class='ocrx_word' id='word_1_286' title='bbox 619 2040 765 2072; x_wconf 89' lang='lat' dir='ltr'><em>modum</em></span> <span class='ocrx_word' id='word_1_287' title='bbox 788 2040 852 2073; x_wconf 89' lang='lat' dir='ltr'><em>tibi</em></span> <span class='ocrx_word' id='word_1_288' title='bbox 872 2040 1056 2074; x_wconf 89' lang='lat' dir='ltr'><em>videbitur</em></span> <span class='ocrx_word' id='word_1_289' title='bbox 1077 2041 1113 2073; x_wconf 92' lang='lat' dir='ltr'><em>in</em></span> <span class='ocrx_word' id='word_1_290' title='bbox 1135 2042 1188 2074; x_wconf 91' lang='lat' dir='ltr'><em>eis</em></span> <span class='ocrx_word' id='word_1_291' title='bbox 1211 2041 1336 2074; x_wconf 91' lang='lat' dir='ltr'><em>utilius</em></span> <span class='ocrx_word' id='word_1_292' title='bbox 1357 2042 1434 2074; x_wconf 88' lang='lat' dir='ltr'><em>fore</em></span> <span class='ocrx_word' id='word_1_293' title='bbox 1459 2041 1738 2086; x_wconf 89' lang='lat' dir='ltr'><em>providendum,</em></span> <span class='ocrx_word' id='word_1_294' title='bbox 1763 2040 1869 2073; x_wconf 91' lang='lat' dir='ltr'><em>nobis</em></span> <span class='ocrx_word' id='word_1_295' title='bbox 1895 2052 1959 2085; x_wconf 85' lang='lat' dir='ltr'><em>per</em></span> <span class='ocrx_word' id='word_1_296' title='bbox 1980 2047 2058 2073; x_wconf 85' lang='lat' dir='ltr'><em>tuas</em></span> 
     </span>
     <span class='ocr_line' id='line_1_27' title="bbox 189 2105 2058 2152; baseline 0.001 -14"><span class='ocrx_word' id='word_1_297' title='bbox 189 2105 327 2138; x_wconf 86' lang='lat' dir='ltr'><em>litteras</em></span> <span class='ocrx_word' id='word_1_298' title='bbox 348 2112 410 2138; x_wconf 91' lang='lat' dir='ltr'><em>tuo</em></span> <span class='ocrx_word' id='word_1_299' title='bbox 436 2106 559 2151; x_wconf 90' lang='lat' dir='ltr'><em>sigillo</em></span> <span class='ocrx_word' id='word_1_300' title='bbox 585 2106 761 2151; x_wconf 88' lang='lat' dir='ltr'><em>sigillatas</em></span> <span class='ocrx_word' id='word_1_301' title='bbox 791 2106 916 2139; x_wconf 88' lang='lat' dir='ltr'><em>harum</em></span> <span class='ocrx_word' id='word_1_302' title='bbox 948 2107 1079 2140; x_wconf 90' lang='lat' dir='ltr'><em>seriem</em></span> <span class='ocrx_word' id='word_1_303' title='bbox 1108 2108 1338 2141; x_wconf 87' lang='lat' dir='ltr'><em>continentes</em></span> <span class='ocrx_word' id='word_1_304' title='bbox 1360 2108 1587 2152; x_wconf 87' lang='lat' dir='ltr'><em>quamtocius</em></span> <span class='ocrx_word' id='word_1_305' title='bbox 1615 2107 1780 2140; x_wconf 88' lang='lat' dir='ltr'><em>intimare</em></span> <span class='ocrx_word' id='word_1_306' title='bbox 1811 2119 1998 2152; x_wconf 90' lang='lat' dir='ltr'><em>procures,</em></span> <span class='ocrx_word' id='word_1_307' title='bbox 2021 2114 2058 2139; x_wconf 88' lang='lat' dir='ltr'><em>ut</em></span> 
     </span>
     <span class='ocr_line' id='line_1_28' title="bbox 190 2171 2055 2219; baseline 0 -14"><span class='ocrx_word' id='word_1_308' title='bbox 190 2172 261 2205; x_wconf 88' lang='lat' dir='ltr'><em>tuis</em></span> <span class='ocrx_word' id='word_1_309' title='bbox 282 2184 392 2217; x_wconf 89' lang='lat' dir='ltr'><em>super</em></span> <span class='ocrx_word' id='word_1_310' title='bbox 413 2171 483 2205; x_wconf 86' lang='lat' dir='ltr'><em>hiis</em></span> <span class='ocrx_word' id='word_1_311' title='bbox 504 2172 758 2206; x_wconf 88' lang='lat' dir='ltr'><em>informatione</em></span> <span class='ocrx_word' id='word_1_312' title='bbox 779 2185 818 2206; x_wconf 86' lang='lat' dir='ltr'><em>ac</em></span> <span class='ocrx_word' id='word_1_313' title='bbox 835 2173 1098 2206; x_wconf 86' lang='lat' dir='ltr'><em>deliberatione</em></span> <span class='ocrx_word' id='word_1_314' title='bbox 1120 2174 1287 2207; x_wconf 84' lang='lat' dir='ltr'><em>instructi</em></span> <span class='ocrx_word' id='word_1_315' title='bbox 1310 2186 1420 2219; x_wconf 90' lang='lat' dir='ltr'><em>super</em></span> <span class='ocrx_word' id='word_1_316' title='bbox 1442 2175 1494 2207; x_wconf 89' lang='lat' dir='ltr'><em>eis</em></span> <span class='ocrx_word' id='word_1_317' title='bbox 1516 2174 1720 2206; x_wconf 89' lang='lat' dir='ltr'><em>consultius</em></span> <span class='ocrx_word' id='word_1_318' title='bbox 1737 2185 1844 2218; x_wconf 88' lang='lat' dir='ltr'><em>agere</em></span> <span class='ocrx_word' id='word_1_319' title='bbox 1861 2173 2055 2206; x_wconf 85' lang='lat' dir='ltr'><em>valeamus.</em></span> 
     </span>
    </p>
   </div>
   <div class='ocr_carea' id='block_1_5' title="bbox 190 2239 1210 2285">
    <p class='ocr_par' dir='ltr' id='par_1_5' title="bbox 190 2239 1210 2285">
     <span class='ocr_line' id='line_1_29' title="bbox 190 2239 1210 2285; baseline 0.002 -14"><span class='ocrx_word' id='word_1_320' title='bbox 190 2240 318 2271; x_wconf 87' lang='lat' dir='ltr'><em>Datum</em></span> <span class='ocrx_word' id='word_1_321' title='bbox 339 2239 519 2272; x_wconf 88' lang='lat' dir='ltr'><em>Avinione</em></span> <span class='ocrx_word' id='word_1_322' title='bbox 539 2240 572 2283; x_wconf 90' lang='lat' dir='ltr'><em>vj</em></span> <span class='ocrx_word' id='word_1_323' title='bbox 598 2239 680 2272; x_wconf 89' lang='lat' dir='ltr'><em>idus</em></span> <span class='ocrx_word' id='word_1_324' title='bbox 702 2239 902 2281; x_wconf 90' lang='lat' dir='ltr'><em>Februarii,</em></span> <span class='ocrx_word' id='word_1_325' title='bbox 926 2252 1020 2272; x_wconf 89' lang='lat' dir='ltr'><em>anno</em></span> <span class='ocrx_word' id='word_1_326' title='bbox 1042 2241 1210 2285; x_wconf 89' lang='lat' dir='ltr'><em>septimo.</em></span> 
     </span>
    </p>
   </div>
   <div class='ocr_carea' id='block_1_6' title="bbox 283 2337 909 2368">
    <p class='ocr_par' dir='ltr' id='par_1_6' title="bbox 283 2337 909 2368">
     <span class='ocr_line' id='line_1_30' title="bbox 283 2337 909 2368; baseline 0.002 -8"><span class='ocrx_word' id='word_1_327' title='bbox 283 2337 345 2368; x_wconf 76' lang='lat' dir='ltr'><em>Reg.</em></span> <span class='ocrx_word' id='word_1_328' title='bbox 362 2337 418 2361; x_wconf 75' lang='lat' dir='ltr'><em>vat.</em></span> <span class='ocrx_word' id='word_1_329' title='bbox 437 2337 577 2360; x_wconf 79' lang='lat' dir='ltr'><em>Clementis</em></span> <span class='ocrx_word' id='word_1_330' title='bbox 595 2338 647 2366; x_wconf 85' lang='lat' dir='ltr'><em>Vll,</em></span> <span class='ocrx_word' id='word_1_331' title='bbox 664 2342 693 2360; x_wconf 78' lang='lat'><em>11⁰</em></span> <span class='ocrx_word' id='word_1_332' title='bbox 708 2339 762 2366; x_wconf 86' lang='lat'><em>300,</em></span> <span class='ocrx_word' id='word_1_333' title='bbox 778 2338 822 2361; x_wconf 84' lang='lat' dir='ltr'><em>fol.</em></span> <span class='ocrx_word' id='word_1_334' title='bbox 840 2338 909 2362; x_wconf 72' lang='lat'><em>29611.</em></span> 
     </span>
    </p>
   </div>
   <div class='ocr_carea' id='block_1_7' title="bbox 284 2420 1373 2453">
    <p class='ocr_par' dir='ltr' id='par_1_7' title="bbox 284 2420 1373 2453">
     <span class='ocr_line' id='line_1_31' title="bbox 284 2420 1373 2453; baseline 0.002 -10"><span class='ocrx_word' id='word_1_335' title='bbox 284 2421 305 2444; x_wconf 94' lang='lat'><em>1.</em></span> <span class='ocrx_word' id='word_1_336' title='bbox 325 2420 385 2444; x_wconf 86' lang='lat' dir='ltr'><em>Sine</em></span> <span class='ocrx_word' id='word_1_337' title='bbox 402 2421 482 2444; x_wconf 88' lang='lat' dir='ltr'><em>dubio</em></span> <span class='ocrx_word' id='word_1_338' title='bbox 498 2423 626 2444; x_wconf 80' lang='lat' dir='ltr'><em>statutum</em></span> <span class='ocrx_word' id='word_1_339' title='bbox 642 2429 723 2453; x_wconf 77' lang='lat' dir='ltr'><em>supra</em></span> <span class='ocrx_word' id='word_1_340' title='bbox 741 2426 769 2445; x_wconf 64' lang='grc' dir='ltr'><em>η’)</em></span> <span class='ocrx_word' id='word_1_341' title='bbox 784 2423 842 2445; x_wconf 72' lang='grc'>1504</span> <span class='ocrx_word' id='word_1_342' title='bbox 860 2423 893 2451; x_wconf 82' lang='lat' dir='ltr'><em>(et.</em></span> <span class='ocrx_word' id='word_1_343' title='bbox 909 2423 1021 2445; x_wconf 82' lang='lat' dir='ltr'><em>sortasse</em></span> <span class='ocrx_word' id='word_1_344' title='bbox 1038 2422 1118 2445; x_wconf 78' lang='lat' dir='ltr'><em>etiam</em></span> <span class='ocrx_word' id='word_1_345' title='bbox 1133 2426 1162 2444; x_wconf 87' lang='lat' dir='ltr'><em>n⁰</em></span> <span class='ocrx_word' id='word_1_346' title='bbox 1179 2422 1248 2453; x_wconf 72' lang='lat'>1491)</span> <span class='ocrx_word' id='word_1_347' title='bbox 1263 2422 1373 2446; x_wconf 82' lang='lat' dir='ltr'><em>editum.</em></span> 
     </span>
    </p>
   </div>
   <div class='ocr_carea' id='block_1_8' title="bbox 196 2587 2055 2634">
    <p class='ocr_par' dir='ltr' id='par_1_8' title="bbox 196 2587 2055 2634">
     <span class='ocr_line' id='line_1_32' title="bbox 196 2587 2055 2634; baseline -0.001 -10"><span class='ocrx_word' id='word_1_348' title='bbox 196 2587 336 2625; x_wconf 80' lang='grc'><strong>1507.</strong></span> <span class='ocrx_word' id='word_1_349' title='bbox 359 2599 578 2624; x_wconf 76' lang='lat' dir='ltr'><em>lustramentum</em></span> <span class='ocrx_word' id='word_1_350' title='bbox 594 2602 620 2624; x_wconf 79' lang='lat' dir='ltr'><em>el</em></span> <span class='ocrx_word' id='word_1_351' title='bbox 632 2599 872 2634; x_wconf 80' lang='lat' dir='ltr'><em>procuratorium,</em></span> <span class='ocrx_word' id='word_1_352' title='bbox 891 2607 945 2634; x_wconf 85' lang='lat' dir='ltr'><em>quo</em></span> <span class='ocrx_word' id='word_1_353' title='bbox 961 2602 1053 2624; x_wconf 82' lang='lat' dir='ltr'><em>rector</em></span> <span class='ocrx_word' id='word_1_354' title='bbox 1073 2602 1100 2624; x_wconf 84' lang='lat' dir='ltr'><em>et</em></span> <span class='ocrx_word' id='word_1_355' title='bbox 1120 2599 1295 2624; x_wconf 75' lang='lat' dir='ltr'><em>Universitas</em></span> <span class='ocrx_word' id='word_1_356' title='bbox 1310 2599 1407 2624; x_wconf 80' lang='lat' dir='ltr'><em>Paris.</em></span> <span class='ocrx_word' id='word_1_357' title='bbox 1423 2607 1490 2624; x_wconf 82' lang='lat' dir='ltr'><em>suos</em></span> <span class='ocrx_word' id='word_1_358' title='bbox 1505 2603 1709 2634; x_wconf 77' lang='lat' dir='ltr'><em>procuratores</em></span> <span class='ocrx_word' id='word_1_359' title='bbox 1729 2599 1903 2624; x_wconf 80' lang='lat' dir='ltr'><em>constituunt</em></span> <span class='ocrx_word' id='word_1_360' title='bbox 1919 2598 1947 2623; x_wconf 84' lang='lat' dir='ltr'><em>in</em></span> <span class='ocrx_word' id='word_1_361' title='bbox 1966 2605 2055 2622; x_wconf 81' lang='lat' dir='ltr'><em>caasa</em></span> 
     </span>
    </p>
   </div>
   <div class='ocr_carea' id='block_1_9' title="bbox 279 2646 1770 2716">
    <p class='ocr_par' dir='ltr' id='par_1_9' title="bbox 279 2646 1770 2716">
     <span class='ocr_line' id='line_1_33' title="bbox 279 2646 978 2682; baseline 0.001 -10"><span class='ocrx_word' id='word_1_362' title='bbox 279 2651 377 2672; x_wconf 82' lang='lat' dir='ltr'><em>contra</em></span> <span class='ocrx_word' id='word_1_363' title='bbox 391 2646 547 2673; x_wconf 78' lang='lat' dir='ltr'><em>Iohannem</em></span> <span class='ocrx_word' id='word_1_364' title='bbox 562 2647 728 2682; x_wconf 81' lang='lat' dir='ltr'><em>Blanchart‚</em></span> <span class='ocrx_word' id='word_1_365' title='bbox 745 2647 864 2673; x_wconf 79' lang='lat' dir='ltr'><em>cancell.</em></span> <span class='ocrx_word' id='word_1_366' title='bbox 880 2648 978 2674; x_wconf 84' lang='lat' dir='ltr'><em>Paris.</em></span> 
     </span>
     <span class='ocr_line' id='line_1_34' title="bbox 1408 2683 1770 2716; baseline -0.003 -7"><span class='ocrx_word' id='word_1_367' title='bbox 1408 2683 1482 2713; x_wconf 64' lang='lat'><em>1385.</em></span> <span class='ocrx_word' id='word_1_368' title='bbox 1499 2683 1588 2716; x_wconf 73' lang='lat' dir='ltr'><em>Aprilis</em></span> <span class='ocrx_word' id='word_1_369' title='bbox 1606 2683 1640 2712; x_wconf 77' lang='lat'><em>14.</em></span> <span class='ocrx_word' id='word_1_370' title='bbox 1657 2684 1770 2709; x_wconf 73' lang='lat' dir='ltr'><em>Parisiis.</em></span> 
     </span>
    </p>
   </div>
   <div class='ocr_carea' id='block_1_10' title="bbox 191 2765 2052 2877">
    <p class='ocr_par' dir='ltr' id='par_1_10' title="bbox 191 2765 2052 2877">
     <span class='ocr_line' id='line_1_35' title="bbox 282 2765 2051 2811; baseline -0.001 -14"><span class='ocrx_word' id='word_1_371' title='bbox 282 2766 470 2798; x_wconf 87' lang='lat' dir='ltr'><em>Universis</em></span> <span class='ocrx_word' id='word_1_372' title='bbox 491 2773 681 2811; x_wconf 87' lang='lat' dir='ltr'><em>presentes</em></span> <span class='ocrx_word' id='word_1_373' title='bbox 702 2766 840 2799; x_wconf 87' lang='lat' dir='ltr'><em>litteras</em></span> <span class='ocrx_word' id='word_1_374' title='bbox 861 2767 1082 2811; x_wconf 86' lang='lat' dir='ltr'><em>inspecturis</em></span> <span class='ocrx_word' id='word_1_375' title='bbox 1104 2773 1222 2799; x_wconf 89' lang='lat' dir='ltr'><em>rector</em></span> <span class='ocrx_word' id='word_1_376' title='bbox 1238 2773 1273 2799; x_wconf 84' lang='lat' dir='ltr'><em>et</em></span> <span class='ocrx_word' id='word_1_377' title='bbox 1290 2766 1516 2799; x_wconf 86' lang='lat' dir='ltr'><em>Universitas</em></span> <span class='ocrx_word' id='word_1_378' title='bbox 1533 2766 1787 2811; x_wconf 87' lang='lat' dir='ltr'><em>magistrorum</em></span> <span class='ocrx_word' id='word_1_379' title='bbox 1806 2772 1839 2798; x_wconf 88' lang='lat' dir='ltr'><em>et</em></span> <span class='ocrx_word' id='word_1_380' title='bbox 1861 2765 2051 2797; x_wconf 86' lang='lat' dir='ltr'><em>scolarium</em></span> 
     </span>
     <span class='ocr_line' id='line_1_36' title="bbox 191 2830 2052 2877; baseline -0.001 -13"><span class='ocrx_word' id='word_1_381' title='bbox 191 2831 352 2865; x_wconf 85' lang='lat' dir='ltr'><em>Parisius</em></span> <span class='ocrx_word' id='word_1_382' title='bbox 379 2832 616 2874; x_wconf 81' lang='lat' dir='ltr'><em>studentium,</em></span> <span class='ocrx_word' id='word_1_383' title='bbox 639 2832 791 2866; x_wconf 86' lang='lat' dir='ltr'><em>salutem</em></span> <span class='ocrx_word' id='word_1_384' title='bbox 819 2833 855 2865; x_wconf 92' lang='lat' dir='ltr'><em>in</em></span> <span class='ocrx_word' id='word_1_385' title='bbox 883 2834 1050 2866; x_wconf 87' lang='lat' dir='ltr'><em>Domino.</em></span> <span class='ocrx_word' id='word_1_386' title='bbox 1077 2835 1207 2866; x_wconf 81' lang='lat' dir='ltr'><em>Notum</em></span> <span class='ocrx_word' id='word_1_387' title='bbox 1236 2833 1387 2865; x_wconf 85' lang='lat' dir='ltr'><em>facimus</em></span> <span class='ocrx_word' id='word_1_388' title='bbox 1413 2832 1511 2876; x_wconf 86' lang='lat' dir='ltr'><em>quod</em></span> <span class='ocrx_word' id='word_1_389' title='bbox 1541 2845 1607 2865; x_wconf 84' lang='lat' dir='ltr'><em>nos</em></span> <span class='ocrx_word' id='word_1_390' title='bbox 1635 2832 1823 2877; x_wconf 88' lang='lat' dir='ltr'><em>Philippus</em></span> <span class='ocrx_word' id='word_1_391' title='bbox 1856 2830 2052 2870; x_wconf 81' lang='lat' dir='ltr'><em>Parentis¹,</em></span> 
     </span>
    </p>
   </div>
   <div class='ocr_carea' id='block_1_11' title="bbox 193 2896 2052 2944">
    <p class='ocr_par' dir='ltr' id='par_1_11' title="bbox 193 2896 2052 2944">
     <span class='ocr_line' id='line_1_37' title="bbox 193 2896 2052 2944; baseline -0.001 -14"><span class='ocrx_word' id='word_1_392' title='bbox 193 2904 313 2931; x_wconf 85' lang='lat' dir='ltr'><em>rector</em></span> <span class='ocrx_word' id='word_1_393' title='bbox 334 2899 589 2932; x_wconf 86' lang='lat' dir='ltr'><em>Universitatis</em></span> <span class='ocrx_word' id='word_1_394' title='bbox 619 2899 793 2944; x_wconf 87' lang='lat' dir='ltr'><em>predicte,</em></span> <span class='ocrx_word' id='word_1_395' title='bbox 815 2899 999 2932; x_wconf 86' lang='lat' dir='ltr'><em>Johannes</em></span> <span class='ocrx_word' id='word_1_396' title='bbox 1022 2900 1064 2932; x_wconf 91' lang='lat' dir='ltr'><em>de</em></span> <span class='ocrx_word' id='word_1_397' title='bbox 1088 2900 1243 2944; x_wconf 81' lang='lat' dir='ltr'><em>Karolay</em></span> <span class='ocrx_word' id='word_1_398' title='bbox 1269 2900 1386 2932; x_wconf 90' lang='lat' dir='ltr'><em>dictus</em></span> <span class='ocrx_word' id='word_1_399' title='bbox 1420 2899 1594 2943; x_wconf 73' lang='lat' dir='ltr'><em>Maurycii</em></span> <span class='ocrx_word' id='word_1_400' title='bbox 1623 2898 1819 2942; x_wconf 83' lang='lat' dir='ltr'><em>theologie,</em></span> <span class='ocrx_word' id='word_1_401' title='bbox 1851 2899 1978 2930; x_wconf 87' lang='lat' dir='ltr'><em>Petrus</em></span> <span class='ocrx_word' id='word_1_402' title='bbox 2009 2896 2052 2928; x_wconf 90' lang='lat' dir='ltr'><em>de</em></span> 
     </span>
    </p>
   </div>
  </div>
 </body>
</html>
