2488 3386
435 325 477 356 56
1014 333 1333 355 CHARTULARIUM
1369 333 1559 354 uunvsns.
1598 332 1725 353 rmus.
2200 318 2300 355 [1358

434 410 452 431 t.
469 407 554 433 XXIV,
571 407 639 435 1878,
663 415 688 438 p.
712 408 756 430 548
772 409 831 438 sq.).
848 407 916 435 Quid
937 415 1005 438 mag.
1030 407 1119 430 Simon
1135 406 1316 437 Lingoneusis,
1337 409 1428 437 postea
1451 415 1521 437 mag.
1539 406 1670 437 generalis
1693 405 1756 429 Ord.
1779 405 1882 434 Praeti„
1902 407 1978 428 antea
2002 404 2093 435 egerit,
2112 404 2167 436 jum
2185 404 2299 428 diximus

433 455 451 474 t.
469 452 491 474 11
509 451 647 481 Chartul.,
663 456 692 474 n⁰
708 452 776 480 1052,
793 455 845 475 not.
863 453 889 479 2;
907 451 1028 475 similiter
1043 451 1105 483 quid
1122 459 1193 482 mag.
1209 451 1336 474 Robertus
1354 451 1384 474 de
1400 450 1520 479 Corbcia,
1536 450 1610 479 ibid„
1627 459 1653 481 p.
1669 451 1722 478 597,
1740 453 1793 473 not.
1812 450 1848 477 16,
1866 452 1891 473 et
1905 449 1974 472 infra
1990 454 2019 472 n⁰
2032 449 2101 472 1306.

527 536 548 559 1.
566 536 747 567 Raymundum
765 536 869 567 Saquet,
884 536 936 567 qui,
954 544 1013 559 cum
1028 539 1097 559 esset
1112 537 1202 559 decan.
1219 535 1281 558 eccl.
1299 535 1402 558 Belvac.
1419 538 1444 558 et
1462 535 1513 566 leg.
1530 535 1629 559 doctor.
1646 543 1687 558 un.
1707 535 1777 564 1334,
1793 534 1885 558 Octob.
1902 534 1940 562 22,
1958 535 2042 557 factus
2055 536 2095 556 est
2109 533 2191 564 episc.
2206 533 2299 557 Mox-in.

434 580 506 611 (Reg.
520 580 577 602 Vnt.
600 580 659 603 Joh.
676 580 752 606 XXII.
778 584 806 602 ¹1⁰
830 580 884 609 108,
905 589 947 611 ep.
967 581 998 610 4),
1021 589 1063 603 an.
1084 580 1152 608 1356,
1172 580 1248 603 Febr.
1272 580 1310 607 10,
1332 579 1426 602 transl.
1445 579 1476 602 ud
1503 579 1622 610 Lugdun.
1642 579 1714 610 (ch.
1740 579 1818 602 Aven.
1835 578 1979 601 Innocentii
1994 578 2036 605 VI,
2054 578 2105 601 vol.
2124 578 2188 605 le,
2213 578 2230 601 f.
2246 579 2299 607 53);

433 624 478 647 sed
491 624 544 655 jam
561 627 620 647 unte
636 625 701 655 Aug.
718 625 756 653 25,
772 632 812 648 un.
831 625 900 653 1358,
916 624 983 647 diem
1005 633 1157 655 supremum
1177 624 1280 647 clausit.
1294 624 1351 647 Vid.
1370 623 1439 646 infru
1458 623 1490 646 ad
1509 631 1550 646 an.
1573 624 1642 652 1363,
1663 623 1723 646 Feb.
1739 624 1752 646 3
1766 626 1791 646 et
1803 623 1841 646 26.
1853 623 1915 646 —2.
1933 623 1997 645 Cum
2015 625 2084 645 esset
2099 621 2300 645 archidiaconus

433 668 492 691 Brie
512 668 538 691 in
558 669 621 692 eccl.
637 668 772 697 Mcldens„
789 677 830 691 nn.
848 669 916 698 1334,
933 668 1025 692 Octob.
1040 669 1077 697 12,
1098 670 1182 692 sactus
1198 672 1238 691 est
1255 668 1335 699 episc.
1352 669 1477 691 Meldens.
1496 668 1568 699 (Reg.
1584 667 1645 691 soh.
1660 668 1736 695 xxn,
1758 671 1786 690 n⁰
1804 668 1858 696 108,
1875 675 1916 698 ep.
1937 667 1988 696 14);
2005 675 2050 690 cin.
2065 667 2135 694 1351,
2150 666 2259 690 Januar.
2276 667 2300 696 3,

434 713 592 735 transfertur
606 713 639 735 ad
657 712 823 736 Noviomens.
842 713 896 736 sed.
914 713 986 744 (Reg.
1002 713 1082 736 Clem.
1102 713 1142 741 Vl,
1159 721 1200 736 an.
1218 713 1259 741 lx,
1275 716 1337 735 tom¹
1356 713 1374 742 1,
1392 712 1435 735 sol.
1453 713 1506 742 19);
1527 720 1569 735 an.
1586 712 1654 739 1352,
1673 711 1747 734 Febr.
1767 712 1790 740 8,
1806 711 1839 734 ad
1854 711 1938 734 Paris.
1955 711 2049 734 eccles.
2065 711 2137 742 (neg.
2157 711 2238 734 Clem.
2256 710 2299 740 Vl,

433 760 462 779 n0
476 757 530 785 206,
542 764 582 787 ep,
594 757 644 786 40),
657 757 785 779 translato
799 757 874 779 Petro
890 757 922 779 nd
936 757 1073 788 Rotomag.
1089 757 1187 780 sedem.
1201 770 1232 774 —
1245 758 1268 780 3.
1284 757 1312 779 V.
1332 756 1468 784 Charcul.‚
1486 756 1518 785 Π,
1534 764 1562 787 p.
1578 758 1631 785 550,
1648 760 1676 778 n⁰
1689 755 1758 784 1090,
1773 758 1825 778 not.
1843 756 1865 784 2,
1879 758 1904 778 et
1918 763 1944 786 p.
1960 756 2014 784 720,
2030 758 2055 778 et
2070 754 2139 778 infru
2154 759 2183 777 n⁰
2198 755 2268 779 1279.

438 953 579 990 1240.
606 962 809 988 concordatum
825 963 898 988 intet-
912 963 1043 988 nationes
1060 963 1241 988 Pit-ardicam
1258 966 1284 989 et
1299 962 1490 997 Anglicanam
1506 962 1541 988 de
1555 962 1662 996 finibus
1675 962 1886 998 provinciarum
1903 965 1930 987 et
1945 961 2078 987 locorum,

1683 1049 1760 1078 1358,
1775 1049 1838 1074 «Iulii
1849 1049 1884 1078 12,
1901 1049 2013 1074 Parisiis.

523 1138 562 1169 In
591 1138 737 1170 nomine
764 1138 922 1178 Domini,
947 1150 1063 1170 amen.
1090 1138 1266 1170 Noverint
1286 1137 1446 1170 universi
1469 1149 1621 1182 presens
1647 1136 1832 1181 publicum
1854 1136 2134 1168 instrumentum
2156 1136 2301 1181 inspec-

433 1204 517 1243 turi,
535 1204 631 1248 quod
652 1216 746 1236 anno
767 1203 810 1236 ab
833 1205 1084 1237 Incarnatione
1106 1204 1268 1248 ejusdem
1294 1205 1389 1245 1358,
1415 1204 1472 1236 die
1494 1203 1707 1236 duodecima
1728 1202 1826 1243 Julii,
1852 1202 2051 1235 indictione
2073 1202 2298 1244 undecima¹,

433 1270 663 1315 pontificatus
693 1270 912 1303 sanctissimi
943 1271 979 1302 in
1006 1270 1152 1304 Christo
1181 1271 1292 1315 patris
1314 1283 1352 1303 ac
1374 1270 1510 1302 domini
1533 1269 1669 1302 domini
1698 1269 1901 1302 Innocentii
1928 1269 2048 1302 divina
2073 1269 2299 1314 providentia

433 1348 521 1380 pape
546 1337 593 1369 VI
623 1337 716 1369 anno
744 1338 775 1377 6,
805 1337 840 1369 ἰη
871 1337 941 1369 mci
969 1337 1099 1369 notarii
1127 1336 1263 1381 publici
1294 1337 1513 1381 testiumque
1539 1336 1829 1380 subscriptorum
1852 1347 1890 1368 ac
1912 1335 2023 1368 totius
2044 1335 2300 1369 Universitatis

432 1403 647 1435 Parisiensis
668 1404 850 1447 presentia
871 1403 963 1448 apud
994 1404 1028 1436 S.
1055 1403 1270 1436 Maturinum
1294 1403 1405 1435 Paris.
1432 1403 1467 1435 in
1489 1402 1646 1447 capitulo
1668 1402 1753 1435 dicti
1775 1402 1845 1434 loci
1867 1409 2015 1447 propter
2035 1401 2103 1435 hoc
2129 1414 2299 1447 persona—

431 1469 514 1502 liter
534 1469 720 1502 constituti
742 1469 970 1502 venerabiles
996 1476 1027 1502 et
1055 1470 1204 1502 discreti
1224 1470 1291 1502 viri
1323 1469 1483 1514 magistri
1506 1469 1726 1503 Guillelmus
1748 1469 1791 1501 de
1817 1468 1990 1501 Alckines
2011 1475 2046 1502 et
2076 1468 2300 1502 Remboldus

430 1537 552 1569 Vener
573 1536 617 1568 de
638 1536 853 1577 Gamundia,
873 1542 1126 1580 procuratores
1149 1542 1183 1568 et
1204 1536 1453 1581 procuratorio
1476 1536 1621 1568 nomine
1643 1536 1842 1576 nationum,
1869 1535 2103 1568 Picardorum
2128 1535 2300 1569 videlicet

431 1608 467 1634 et
486 1601 735 1647 Anglicorum,
763 1602 881 1634 dictus
903 1602 1123 1636 Guillelmus
1145 1609 1357 1647 procurator
1377 1602 1608 1635 Picardorum
1638 1609 1671 1634 et
1693 1602 1812 1635 dictus
1840 1601 2064 1635 Rcmboldus
2085 1609 2300 1647 procurator

430 1668 666 1713 Anglicoruiu
694 1675 901 1701 asserentes
929 1668 1038 1713 quod,
1066 1681 1145 1701 cum
1174 1669 1308 1701 dudum
1340 1669 1386 1701 lis
1414 1675 1449 1701 et
1478 1669 1551 1701 litis
1580 1669 1727 1701 materia
1757 1680 1821 1701 seu
1850 1668 2032 1702 discordia
2062 1669 2157 1702 inter
2184 1669 2298 1703 dictas

431 1734 595 1767 nationes
615 1735 744 1767 fuisset
766 1741 858 1767 mota
881 1747 945 1767 seu
967 1734 1114 1767 suborta
1137 1747 1247 1779 super
1267 1735 1500 1768 distinctione
1522 1735 1644 1767 finium
1668 1742 1701 1767 et
1732 1735 1883 1767 limitum
1911 1735 2085 1768 dictarum
2112 1735 2296 1768 nationum

430 1812 559 1833 versus
587 1807 706 1845 partes
734 1801 933 1841 Alemauie,
962 1801 1005 1833 de
1033 1813 1215 1834 consensu
1243 1801 1415 1834 dictarum
1448 1802 1632 1834 nationum
1662 1808 1696 1834 et
1726 1808 1999 1846 procuratorum
2026 1801 2224 1835 eorundem
2253 1801 2297 1836 ad

431 1866 611 1911 ejusmodi
633 1867 850 1899 discordiam
874 1867 1067 1900 sedandam
1091 1879 1232 1900 necnon
1254 1867 1359 1900 finem
1382 1868 1418 1900 in
1439 1867 1648 1912 hujusmodi
1677 1867 1738 1900 lite
1760 1874 1795 1900 et
1819 1867 2067 1900 controversia
2088 1868 2295 1913 ponendum

430 1939 466 1965 et
485 1932 619 1965 bouum
642 1933 752 1977 pacis,
780 1934 883 1978 cujus
912 1933 1023 1966 nichil
1051 1934 1192 1974 melius,
1223 1934 1317 1966 inter
1337 1934 1435 1979 ipsas
1457 1934 1662 1979 ponendum
1685 1946 1724 1966 ac
1746 1934 1851 1966 etiam
1873 1934 2153 1979 procurandum,
2180 1941 2297 1968 certas

430 2011 606 2044 personas
627 1999 710 2032 hinc
732 2000 816 2032 inde
837 1999 1029 2044 elegerunt
1050 2007 1084 2033 et
1104 2000 1198 2032 inter
1219 2012 1257 2033 se
1280 2001 1556 2034 nominaverunt
1576 1990 1809 2033 'Picardorum
1833 2001 1929 2033 natio
1951 2007 1985 2033 et
2005 2001 2102 2034 natio
2124 2001 2298 2047 Anglicoy

430 2077 508 2098 rum
530 2066 621 2098 infra
642 2065 879 2110 subscriptas,
898 2066 1100 2099 ordinando
1122 2073 1155 2099 et
1177 2067 1375 2099 asserendo
1397 2067 1508 2111 quod,
1526 2067 1703 2111 quidquid
1726 2079 1789 2112 per
1806 2067 1949 2100 easdem
1973 2073 2072 2100 esset
2091 2067 2295 2101 ordinatum

431 2119 467 2164 et·
484 2132 707 2171 distinctum,
724 2133 853 2165 sactum
877 2144 941 2165 seu
959 2133 1062 2165 etiam
1081 2133 1294 2177 judicatum,
1313 2134 1392 2178 ipse
1413 2134 1579 2166 nationes
1600 2141 1634 2166 et
1655 2140 1910 2178 procuratores
1932 2134 2127 2166 earundem
2150 2134 2297 2167 nomine

430 2198 679 2242 procuratorio
701 2205 736 2231 et
756 2210 821 2243 pro
843 2199 933 2243 ipsis
955 2206 1133 2240 tenerent,
1152 2200 1381 2241 ratificareut,
1400 2212 1439 2233 ac
1461 2202 1497 2232 in
1519 2206 1732 2245 perpetuum
1756 2200 1897 2233 firmum
1920 2207 1955 2233 et
1975 2200 2104 2233 stabile
2124 2200 2298 2246 approba-

430 2271 523 2306 rent,
541 2264 783 2309 qualicunque
804 2265 1058 2298 reclamatione
1076 2266 1236 2299 sacienda
1255 2278 1318 2311 per
1339 2278 1378 2299 se
1394 2266 1451 2299 vel
1472 2278 1592 2299 earum
1611 2266 1702 2299 alios
1719 2278 1968 2300 successores.
1986 2266 2128 2309 Quibus
2149 2267 2294 2312 quidem

430 2330 683 2363 tractatoribus
713 2331 850 2375 pluries
877 2338 912 2364 et
941 2331 1090 2376 pluries,
1120 2345 1159 2365 ac
1187 2333 1222 2364 in
1248 2333 1404 2365 diversis
1432 2333 1523 2366 locis
1554 2333 1661 2366 simul
1683 2333 1950 2378 congregatis',
1977 2333 2022 2365 de
2049 2332 2227 2366 bonorum
2257 2345 2296 2366 ac

431 2397 628 2441 peritorum
650 2403 717 2429 tam
739 2398 890 2441 jurium,
919 2410 1022 2442 quam
1046 2405 1079 2431 et
1107 2398 1266 2440 illorum,
1294 2399 1355 2443 qui
1385 2406 1505 2444 partes
1527 2411 1638 2444 super
1658 2399 1791 2444 quibus
1811 2399 1928 2432 suerat
1947 2405 1983 2432 et
2002 2406 2078 2432 erat
2096 2400 2294 2440 contentio,

431 2463 702 2502 ordinaverunt,
721 2470 753 2496 et
775 2464 994 2503 unanimiter
1013 2465 1326 2498 concordaverunt
1346 2465 1382 2497 in
1405 2465 1511 2498 modo
1533 2466 1594 2510 qui
1616 2466 1781 2510 sequitur
1802 2472 1837 2498 et
1856 2466 1892 2498 in
1911 2466 2036 2498 forma.

520 2529 612 2563 Cum
632 2529 719 2562 alias
740 2530 904 2563 nationes
921 2531 1156 2575 Anglicorum
1175 2538 1210 2564 et
1230 2531 1462 2564 Picardorum
1480 2531 1700 2564 venerabilis
1721 2531 1831 2564 studii
1853 2532 2070 2564 parisiensis
2090 2532 2297 2577 litigassent

431 2606 494 2627 seu
516 2595 782 2640 disceptassent
802 2608 912 2640 super
932 2596 1122 2638 limitibus,
1141 2598 1318 2638 terminis,
1337 2597 1471 2630 finibus
1492 2610 1531 2630 ac
1548 2597 1839 2634 districtionibus
1856 2598 2052 2630 earundem
2074 2598 2294 2639 nationum',

431 2661 557 2694 eedem
585 2662 763 2703 nationes,
791 2663 1065 2696 considerantes
1093 2664 1258 2708 antiquas
1286 2670 1320 2696 et
1350 2664 1539 2709 preteritas
1560 2664 1734 2697 amicitias
1756 2664 1887 2697 multas
1914 2671 1949 2697 et
1977 2676 2126 2709 magnas
2156 2664 2296 2698 habitas

430 2727 525 2760 inter
545 2728 643 2772 ipsas
670 2740 709 2760 ac
739 2729 926 2773 supposita
947 2729 1157 2770 earundem,
1186 2742 1248 2774 pro
1270 2729 1366 2762 bono
1388 2730 1485 2774 pacis
1506 2737 1541 2763 et
1565 2730 1760 2763 concordie
1782 2730 1889 2762 finem
1910 2730 2036 2763 litibus
2056 2742 2095 2763 ac
2115 2730 2294 2776 discepta-

430 2793 591 2826 tionibus
613 2794 802 2839 premissis
830 2795 1061 2828 concorditer
1081 2796 1268 2840 imponere
1297 2796 1498 2841 cupientes,
1526 2803 1645 2829 certos
1667 2796 1859 2838 dederunt,
1886 2797 2146 2830 ordinaverunt
2166 2804 2202 2830 et
2221 2796 2295 2830 ele-

429 2861 582 2905 gerunt‘
605 2866 814 2894 tractatores
834 2861 933 2894 viros
955 2862 1127 2906 providos
1149 2869 1182 2895 et
1203 2862 1395 2904 discretos,
1414 2863 1509 2896 natio
1530 2862 1700 2896 videlicet
1720 2863 1951 2896 Picardorum
1974 2863 2169 2908 magistros
2190 2863 2294 2897 Guil-
