2488 3386
437 351 499 383 572
1015 358 1333 380 οΗΑΒτυιΑιιιυΜ
1371 358 1560 380 uruvnns.
1598 358 1726 380 rmus.
2201 349 2300 385 [1379

436 436 551 458 Auctar.
575 433 713 460 Chartal..
737 433 755 461 1,
777 433 830 455 528.
849 434 886 455 45.
911 446 941 449 —
958 433 996 455 21.
1017 433 1080 455 Mss.
1097 440 1102 454 ·.
1121 440 1132 454 α
1151 431 1298 454 Meliodnno
1320 441 1341 454 n.
1366 432 1441 455 Recte
1462 432 1596 457 Vidimus.
1619 445 1650 450 ——
1672 433 1710 456 22.
1734 433 1875 464 Inscriptio
1897 433 1970 456 deest
1989 433 2014 456 in
2041 434 2163 459 Vidimus
2182 439 2207 458 et
2229 436 2299 467 apud

435 479 493 501 Bul.
510 479 537 501 ln
555 477 621 508 orig.
642 477 756 508 primum
779 485 827 508 pro
851 476 1021 507 inscriptione
1045 476 1160 507 spatium
1182 475 1390 507 relinquebatur,
1409 479 1501 507 postea
1523 477 1675 508 suppletum
1698 480 1747 501 est.
1770 491 1797 494 —
1823 478 1861 500 23.
1882 478 1980 509 Apogr.
2003 485 2008 500 z
2033 487 2044 500 «
2063 487 2078 501 a
2097 479 2216 509 piscibus
2233 488 2255 504 υ.
2269 494 2300 498 -

434 523 471 545 24.
490 523 586 553 Apogr.
609 530 614 544 z
635 532 647 543 «
663 523 733 552 regis
750 530 770 544 η.
791 535 817 539 —
841 522 879 544 25.
899 521 1006 544 Januar.
1029 522 1050 548 8,
1068 525 1096 543 n⁰
1118 520 1188 543 1616.
1209 533 1240 537 -—-
1262 521 1299 543 26.
1322 520 1470 543 Cardinalis
1494 521 1696 544 Lemovicensis.
1713 535 1743 539 —
1758 522 1851 558 27:¹3⁸
1870 521 1999 553 Agrifolio
2019 525 2044 545 et
2064 523 2252 547 pictavensem.
2268 538 2299 542 —

434 568 472 589 28.
496 567 553 589 Bul.
569 574 574 589 z
597 575 607 588 a
628 574 696 597 pape
714 574 735 588 )>.
751 580 781 583 —
799 566 836 588 29.
852 565 954 596 Ubique
973 573 978 587 ⁴.
997 575 1008 586 α
1024 567 1150 587 curarunt
1166 574 1187 587 ».
1202 578 1234 581 —
1248 565 1288 588 30.
1304 565 1400 596 Apogr.
1417 573 1422 588 ·.
1440 573 1451 588 ‹(
1469 565 1600 596 expressis
1616 575 1638 588 ³2.
1655 579 1685 583 -—
1700 566 1738 588 31.
1757 566 1899 597 Perperam
1919 567 2075 598 quandoque
2092 575 2122 590 ex
2137 567 2185 591 hoc
2205 568 2300 592 insere-

434 611 518 638 hatur,
538 610 741 634 Universitntem
760 610 823 632 nihil
844 609 1013 632 conclusisse.
1030 610 1129 632 Revera
1144 611 1230 631 tamen
1249 609 1413 632 Universitas
1430 617 1491 632 suus
1507 609 1708 633 deliberationes
1724 618 1772 641 pro
1788 619 1850 634 vera
1865 611 2031 634 conclusione
2046 614 2071 634 et
2083 612 2299 637 determinatione

433 655 555 682 habebat,
579 658 607 678 ut
625 663 638 678 e
662 654 751 677 multis
772 654 836 677 locis
859 654 883 677 in
910 653 1013 680 rotulis,
1036 653 1167 684 imprimis
1189 661 1251 676 vero
1266 661 1279 676 e
1295 662 1322 684 p.
1339 654 1384 677 576
1399 657 1423 677 et
1438 662 1469 677 ex
1483 654 1595 685 epistola
1615 654 1755 678 Clementis
1771 659 1800 677 n⁰
1820 655 1880 678 1630
1899 659 2019 686 apparet.
2036 656 2141 679 Minime
2155 660 2252 686 tamen,
2274 660 2299 681 et

434 700 539 731 quidem
557 703 665 730 propter
680 702 816 728 rectorem,
833 699 1036 721 instrumentum
1052 698 1129 728 liujus
1146 697 1382 727 determinationis,
1399 701 1427 721 ut
1445 706 1487 721 an.
1504 699 1573 728 1383,
1590 699 1676 727 Febr„
1695 700 1842 722 confectum
1862 703 1909 723 est.
1926 713 1957 717 —
1971 701 2009 723 32.
2026 700 2119 723 Postea
2141 701 2256 732 spatium
2271 701 2297 725 in

433 744 554 767 omnibus
575 743 663 766 mssfiss.
680 757 710 760 —
724 744 761 766 33.
784 742 948 773 Subscriptio
971 742 1132 765 notariorum
1149 742 1221 764 dccst
1236 742 1262 764 in
1280 742 1408 766 Vidimus
1428 745 1453 766 et
1472 743 1543 774 apud
1564 743 1700 771 Eulaeum,
1717 744 1787 775 apud
1810 752 1886 775 quem
1903 744 2052 768 immediate
2067 745 2186 776 sequitur
2200 746 2298 769 instru-

434 792 547 811 mentum
564 788 632 811 iusra
648 792 675 810 n⁰
693 789 751 810 1626
763 787 870 810 editum.

437 897 576 933 1625.
600 905 764 931 Declaratio
779 904 932 939 facultatis
950 904 1109 930 medicinae
1121 913 1174 940 pro
1193 903 1331 930 Clemente
1350 905 1407 930 Vll.

1673 948 1750 977 1379,
1766 949 1827 974 Maii
1837 949 1881 978 24.
1897 949 2010 975 Parisiis.

521 1024 560 1055 ln
588 1023 732 1055 nominc
760 1022 916 1061 Domini,
950 1033 1065 1054 amen.
1096 1022 1163 1053 Per
1190 1020 1258 1054 hoc
1293 1033 1444 1066 presens
1475 1020 1658 1066 publicum
1695 1022 1975 1056 instrumentum
2006 1025 2146 1057 cunctis
2180 1031 2296 1070 pateat

431 1090 628 1130 evidenter,
659 1089 755 1133 quod
785 1100 878 1121 anno
910 1088 1073 1132 ejusdem
1105 1087 1249 1120 Domini
1284 1087 1479 1120 millesimo
1509 1088 1765 1121 trecentesimo
1793 1090 2065 1134 septuagesimo
2095 1103 2204 1132 nono,
2236 1091 2294 1125 die

429 1156 598 1189 vicesima
619 1162 742 1200 quarta
771 1155 907 1187 mensis
938 1155 1034 1195 Maii,
1056 1153 1144 1187 hora
1173 1154 1390 1199 pulsationis
1422 1154 1536 1199 prime
1565 1155 1674 1187 Beate
1701 1155 1813 1188 Marie
1841 1156 2071 1198 Parisiensis,
2094 1157 2294 1192 indictione

429 1223 600 1264 secunda,
631 1221 861 1267 pontificatus
891 1221 1112 1254 sanctissimi
1147 1221 1183 1253 in
1214 1220 1360 1254 Christo
1394 1220 1505 1265 patris
1537 1233 1576 1253 ac
1607 1221 1745 1254 domini
1780 1223 1896 1255 nostri
1926 1223 2063 1256 domini
2094 1224 2293 1259 Clementis

428 1289 546 1322 divina
574 1288 800 1334 providentia
829 1300 917 1332 pape
944 1287 1088 1332 septimi
1109 1299 1203 1320 anno
1226 1287 1355 1332 primo,
1376 1287 1618 1320 Universitate
1646 1288 1901 1333 magistrorum
1928 1290 2130 1335 regentium
2158 1297 2193 1324 et
2220 1303 2293 1325 non

427 1356 629 1400 regentium
655 1355 699 1388 ad
728 1354 1049 1399 congregationem
1078 1354 1240 1398 ejusdem
1269 1354 1526 1387 Universitatis
1558 1361 1862 1400 congregatorum
1892 1362 1927 1389 et
1956 1368 2021 1401 per
2046 1357 2291 1402 juramentum

426 1429 703 1456 convocatorum
725 1422 761 1454 in
782 1421 938 1466 capitulo
965 1421 1084 1454 Sancti
1112 1421 1287 1453 Rei-nardi
1309 1420 1526 1454 parisiensis
1547 1433 1612 1466 per
1634 1421 1878 1455 venerabilem
1901 1429 1936 1455 et
1956 1423 2152 1456 discretum
2174 1424 2290 1457 virum

426 1490 635 1534 magistrum
657 1489 855 1522 Johannem
879 1488 922 1520 de
945 1487 1100 1528 Str-alen,
1126 1494 1211 1520 tunc
1232 1488 1326 1520 dicte
1344 1487 1601 1521 Universitatis
1622 1495 1814 1529 rectorem,
1837 1501 1948 1534 super
1968 1490 2185 1535 quibusdam
2207 1491 2291 1524 arti-

425 1556 516 1589 culis
537 1557 676 1595 sactam,
701 1567 852 1600 quorum
875 1555 1013 1600 primus
1034 1554 1208 1587 articulus
1230 1561 1305 1587 erat
1330 1566 1441 1599 super
1461 1555 1703 1599 responsione
1725 1555 1842 1588 danda
1863 1555 2011 1589 domino
2033 1564 2159 1590 nostro
2181 1559 2290 1591 Fran-

424 1634 547 1655 corum
570 1622 647 1667 regi
669 1634 778 1666 super
794 1620 1010 1666 quibusdam
1032 1621 1163 1654 litteris
1185 1627 1219 1653 et
1240 1632 1360 1653 earum
1384 1621 1619 1654 continentiis
1641 1621 1735 1654 dicte
1753 1622 1988 1655 Universitati
2009 1623 2157 1657 directis
2179 1635 2290 1670 super

423 1690 514 1722 facto
532 1689 720 1721 electionis
742 1688 827 1721 dicti
849 1688 985 1720 domini
1007 1688 1123 1720 nostri
1144 1687 1344 1721 Clementis
1365 1694 1400 1720 et
1420 1687 1624 1720 intrusione
1646 1687 1892 1721 Bartholomei
1913 1690 2093 1734 quondam
2117 1691 2289 1724 Barensis

423 1755 699 1800 archiepiscopi,
723 1754 925 1799 positisque
947 1754 983 1786 in
1005 1754 1111 1786 dictis
1137 1753 1268 1786 litteris
1289 1753 1471 1786 contentis
1491 1754 1527 1786 in
1550 1753 1814 1787 deliberatione
1836 1755 1930 1788 dicte
1948 1756 2203 1790 Universitatis
2224 1769 2289 1802 per

423 1822 554 1854 dictum
578 1828 767 1862 rectorem,
791 1821 1050 1866 requisitisque
1072 1832 1136 1865 per
1159 1820 1292 1853 dictum
1316 1827 1492 1853 rectorem
1519 1820 1690 1854 omnibus
1714 1828 1749 1854 et
1774 1821 1932 1867 singulis
1960 1823 2144 1868 magistris
2170 1824 2288 1869 cujus-

422 1901 574 1933 cumque
596 1888 772 1921 facultatis
804 1900 867 1933 per
888 1899 1012 1920 eorum
1035 1888 1252 1932 juramenta,
1281 1893 1458 1932 quatenus
1479 1887 1550 1932 ipsi
1572 1887 1736 1932 magistri
1758 1899 1869 1933 super
1890 1889 2027 1922 eisdem
2049 1889 2181 1923 litteris
2201 1890 2288 1923 deli-

421 1955 604 1996 berarent,
634 1955 848 2000 postpositis
876 1954 1167 1999 quibuscumque
1200 1953 1403 1995 favoribus,
1435 1954 1621 1995 amicitiis,
1650 1954 1868 1996 inimicitiis,
1900 1955 2012 1997 odiis,
2042 1956 2186 1990 motivis
2221 1969 2286 1991 seu

422 2021 747 2054 deliberationibus
773 2021 1052 2066 particularibus
1078 2020 1383 2065 quibuscumque,
1405 2020 1636 2054 facultatibus
1666 2027 1700 2054 et
1728 2021 1936 2055 nationibus
1966 2023 2009 2055 ad
2041 2029 2177 2068 partem
2199 2023 2286 2057 sub-

422 2089 556 2129 tractis,
582 2095 621 2121 ut
641 2089 752 2121 moris
773 2092 865 2129 [est],
894 2088 937 2120 ad
966 2087 1249 2120 deliberationes
1271 2098 1355 2120 suas
1377 2086 1616 2132 colligendas,
1645 2087 1813 2121 facultate
1843 2089 2022 2122 medicine
2052 2101 2117 2134 per
2137 2102 2286 2124 venera-

420 2155 528 2188 bilem
549 2155 666 2188 virum
694 2155 906 2200 magistrum
926 2154 1125 2187 Johannem
1153 2154 1197 2187 de
1226 2153 1466 2194 Bellomonte,
1489 2153 1664 2187 decanum
1693 2154 1788 2187 dicte
1816 2155 1995 2188 facultatis
2026 2156 2217 2198 medicine,
2240 2157 2284 2190 ad

421 2228 555 2266 partem
577 2228 784 2262 convocata,
808 2222 844 2253 in
866 2233 934 2265 qua
957 2220 1124 2254 facultate
1150 2221 1296 2253 fuerunt
1317 2219 1546 2253 venerabiles
1571 2227 1605 2253 et
1626 2220 1775 2254 discreti
1798 2221 1866 2254 viri
1886 2222 2050 2267 magistri

507 2302 652 2328 Johauues
666 2303 701 2328 de
718 2302 835 2331 Guistri,
1452 2301 1599 2327 Johannes
1612 2301 1752 2332 Charton,

507 2349 649 2375 Evrardus
663 2350 698 2375 de
713 2349 858 2379 Contiaco,
1452 2349 1598 2376 Johannes
1614 2350 1731 2384 Saffray,

507 2397 655 2422 Gervasius
670 2397 834 2427 Christiani,
1450 2398 1597 2425 Johannes
1611 2399 1647 2425 de
1661 2399 1852 2427 Bellomonte.
1865 2399 1992 2426 decanus
2003 2400 2078 2427 dicte
2091 2400 2245 2429 facultatis.

507 2444 662 2469 Guibertus
677 2444 711 2469 dc
726 2444 846 2473 Celset0‚
1449 2445 1580 2471 Nicolaus
1594 2446 1630 2472 de
1642 2445 1757 2476 Olivisl,

508 2492 591 2524 Ilugo
606 2491 793 2521 Tenoulleti⁴‚
1449 2494 1597 2520 Johannes
1613 2493 1765 2529 [Voignon]
1781 2494 1816 2521 de
1832 2495 2027 2528 Pouligniaco,

505 2539 650 2565 Johannes
664 2540 699 2565 dc
715 2540 812 2569 Marla,
1448 2543 1596 2569 Johannes
1608 2543 1731 2573 Croise⁵‚

506 2588 630 2613 Herveus
644 2587 871 2620 Quemmaroti2,
1449 2590 1544 2616 Guido
1560 2590 1690 2620 Guerini,

503 2635 627 2660 Thomas
641 2635 676 2661 dc
691 2635 836 2668 Voyenna,
1448 2640 1548 2666 Petrus
1564 2639 1694 2669 Boeheti,

504 2683 603 2708 Petrus
618 2682 761 2711 Belliardi,
1446 2690 1473 2714 et
1488 2688 1660 2721 Radulphus
1672 2688 1708 2714 de
1723 2688 1831 2716 uerbis.

503 2731 677 2757 Guillelmus
691 2731 726 2757 de
743 2731 919 2761 Ostreselless,

415 2810 577 2854 magistri
608 2810 644 2841 in
674 2810 868 2848 medicina;
898 2810 1061 2855 ipsisque
1092 2813 1267 2857 expositis
1298 2826 1362 2859 per
1389 2815 1524 2848 dictum
1554 2815 1729 2848 decanum
1760 2815 1797 2848 in
1828 2816 2090 2850 deliberatione
2121 2818 2274 2863 predicti

414 2876 565 2908 rectoris
595 2876 736 2920 positis,
765 2876 882 2908 dictus
910 2877 1067 2910 decanus
1097 2878 1197 2923 ipsos
1225 2891 1352 2914 omnes
1380 2888 1415 2914 et
1444 2881 1611 2927 singulos
1633 2882 1835 2927 requisivit,
1858 2890 1897 2916 ut
1926 2883 2126 2917 secundum
2157 2885 2273 2929 posita
