2488 3386
179 352 274 389 1357]
594 364 640 385 ΑΒ
675 364 782 385 ,anuo
817 363 948 386 mecm.
982 362 1113 390 USQUE
1149 362 1196 383 AD
1232 362 1497 383 BENEDtCTUM
1530 363 1619 384 xui.
1997 354 2039 386 49

176 439 220 462 105
236 440 306 470 sqq.)
324 446 429 469 semper
443 438 507 461 baec
525 437 632 460 indictio
650 440 765 460 notatur.
782 451 813 454 —
827 437 851 460 2.
869 437 926 459 Vid.
946 444 1026 467 supra
1042 440 1070 458 n⁰
1088 436 1157 458 1234.
1175 448 1206 452 -—
1221 435 1242 458 3.
1260 435 1308 458 ΜΒ.
1327 443 1331 457 ·.
1352 444 1362 457 (ι
1380 435 1431 466 ipsi
1448 444 1469 458 n.
1484 449 1513 452 —
1528 436 1551 459 4.
1569 436 1616 458 Ms.
1634 444 1638 458 z
1658 445 1668 458 «
1685 436 1739 458 sivo
1755 446 1776 458 n.
1798 450 1826 453 —
1847 439 1868 459 5.
1888 437 1988 460 Evrard
2010 437 2041 459 (10

176 483 261 514 conti,
278 483 321 514 qui
337 482 439 514 primus
458 482 634 512 problemata
658 482 774 506 Aristot.
797 481 822 504 in
839 481 957 512 linguam
975 480 1103 504 Gallicam
1118 479 1242 507 traduxit,
1260 479 1285 501 in
1308 479 1375 502 Bibl.
1395 483 1447 502 nat.
1465 479 1559 509 Pau-ts„
1579 488 1641 502 mss.
1663 481 1744 509 franc.
1766 481 1851 508 24281,
1874 481 1959 503 24282.
1983 481 2039 503 Via.

176 527 280 555 Delisle,
297 528 360 552 Cab.
375 528 420 551 des
437 533 510 555 mss.y
528 527 560 555 ll,
579 526 638 558 2243
653 526 698 555 111,
714 526 766 549 183.
780 527 843 550 -6,
858 526 893 548 De
908 525 959 548 isto
975 528 1000 547 et
1013 524 1131 555 sequenti
1149 524 1286 552 chamut,
1304 524 1335 553 11,
1356 523 1443 547 Indis.
1457 537 1484 540 —
1496 525 1517 547 7.
1535 524 1592 547 Vid.
1611 524 1748 550 Chartul„
1767 525 1798 552 u,
1812 525 1866 547 638.
1881 538 1911 542 -
1926 526 1947 547 8.
1964 525 2042 551 ibid..

176 572 208 600 ΙΙ,
225 573 279 595 634.
291 585 319 588 —
333 572 356 594 9.
373 571 533 594 Berthetelti.
552 584 579 588 —
598 571 635 593 10.
654 570 710 593 Vid.
731 570 870 598 Chartul.,
890 569 921 598 11,
940 569 994 592 639.
1014 582 1037 586 -
1058 569 1095 591 11.
1112 568 1190 596 11)1ᾱ.,
1208 569 1262 590 634.

181 733 321 769 1236.
345 743 493 767 Decretum
507 740 661 775 facultatis
675 740 835 766 medicinae
850 740 885 766 de
901 740 982 766 modo
1000 739 1125 774 eligendi
1140 739 1279 765 decanum
1296 743 1321 764 et
1337 739 1561 764 eaeaminalores.

1333 822 1382 847 135
1386 822 1406 850 7,
1422 821 1572 847 Decembris
1585 822 1627 850 23,
1646 822 1758 847 Parisiis.

266 908 305 939 In
327 906 473 939 nomine
495 906 653 947 Domini,
676 918 792 939 amen.
817 906 932 950 Super
953 917 995 938 eo
1018 905 1115 950 quod
1137 905 1232 937 inter
1257 905 1437 937 nationem
1461 904 1682 937 Gallicorum
1710 916 1752 936 ex
1781 917 1848 937 una
1875 911 1988 949 parte,
2011 913 2045 938 et

176 973 408 1006 Picardorum
430 985 469 1006 ac
490 974 779 1005 Normannorum
798 972 964 1005 nationes
981 984 1023 1004 ex
1044 972 1167 1012 altera,
1190 971 1225 1003 in
1246 971 1413 1003 facultate
1434 971 1613 1003 medicine
1635 971 1795 1003 Parisius
1816 972 2042 1012 constitutas,

177 1040 221 1072 de
242 1040 349 1072 modo
371 1039 532 1084 eligendi
554 1039 728 1072 decanum
751 1039 867 1084 ipsius
888 1038 1066 1071 facultatis
1087 1050 1126 1071 ac
1144 1038 1406 1070 examinatores
1423 1037 1615 1070 scolarium
1634 1049 1763 1070 cursus
1781 1049 1868 1070 suos
1884 1038 2045 1083 incipere

175 1106 373 1140 volentium
396 1106 432 1138 in
454 1106 576 1138 eadem
605 1105 751 1138 suborta
779 1106 909 1138 fuisset
930 1105 1034 1149 brige
1056 1111 1087 1137 et
1110 1104 1293 1137 discordie
1321 1104 1479 1144 materia,
1502 1104 1544 1136 ad
1571 1116 1660 1148 quas
1681 1104 1826 1148 quidem
1853 1105 2043 1145 sedandas,

176 1172 416 1217 pacificandas
434 1172 578 1217 fineque
597 1172 718 1205 debite
737 1172 977 1212 terminatum,
996 1178 1187 1216 ceteraque
1205 1171 1383 1207 faciendo,
1402 1183 1471 1215 que
1490 1177 1522 1203 01
1545 1177 1650 1215 prout
1673 1170 1708 1202 111
1726 1171 1880 1215 quodam
1900 1171 2044 1215 publico

176 1239 418 1271 instrumento
440 1238 508 1271 sub
530 1239 637 1283 signo
666 1246 701 1271 et
726 1238 997 1283 subscriptione
1023 1238 1170 1270 discreti
1198 1238 1265 1270 viri
1292 1237 1454 1282 magistri
1481 1237 1647 1269 Gervasii
1679 1237 1875 1270 Christiani
1896 1238 1931 1270 in
1953 1238 2045 1271 dicta

175 1304 342 1338 facultate
363 1311 440 1338 actu
464 1305 640 1350 regentis,
664 1305 799 1349 publici
822 1304 1000 1349 imperiali
1022 1304 1233 1337 auctoritate
1254 1304 1396 1344 notarii,
1419 1304 1585 1336 confecto
1614 1303 1757 1348 plenius
1779 1304 2042 1345 comine111ur¹,

175 1371 404 1405 venerabiles
426 1378 461 1404 et
486 1371 635 1404 discreti
656 1372 723 1404 viri
751 1371 914 1416 magistri
941 1371 1127 1403 Ebrardus
1154 1371 1198 1403 (10
1225 1371 1331 1403 Conti
1358 1377 1390 1402 et
1412 1370 1612 1402 Guibertus
1634 1370 1678 1402 (10
1700 1370 1858 1411 0013010,
1883 1372 2045 1416 magistri

177 1445 347 1482 regentes
375 1438 412 1470 in
440 1438 533 1470 dicta
559 1437 738 1478 facultate,
771 1438 926 1470 fuissent
954 1437 997 1470 ab
1022 1437 1145 1470 eadem
1178 1437 1344 1469 facultate
1372 1448 1544 1481 expresse
1571 1443 1605 1469 et
1626 1437 1832 1481 specialiter
1854 1437 2012 1482 deputati
2037 1450 2043 1470 :

176 1504 344 1537 noverint
365 1504 527 1537 universi
554 1504 621 1537 1100
648 1510 801 1549 presens
827 1504 1010 1549 publicum
1038 1504 1318 1536 instrumentum
1342 1503 1554 1548 inspecturi,
1581 1503 1677 1548 quod
1699 1516 1792 1535 anno
1814 1516 1831 1535 a
1857 1504 2045 1537 Nativitate

176 1570 339 1615 ejusdem
378 1571 523 1603 Domini
563 1571 757 1603 millesimo
797 1571 1043 1603 tricentesimo
1081 1570 1384 1615 quinquagesimo
1422 1570 1589 1614 septimo.
1623 1570 1821 1602 indictione
1858 1571 2045 1604 undecima

176 1637 376 1670 secundum
409 1649 544 1670 morem
574 1638 753 1678 Francie²‚
785 1638 922 1670 mensis
950 1637 1162 1670 Decembris
1197 1637 1255 1669 die
1287 1637 1462 1682 vigesima
1492 1637 1607 1677 tertia,
1638 1637 1868 1681 pontificatus
1895 1638 2046 1670 sanctis—

176 1704 258 1736 simi
279 1704 315 1736 in
341 1703 487 1737 Christo
514 1705 625 1749 patris
651 1716 689 1737 ac
719 1704 856 1736 domini
882 1704 997 1736 nostri
1025 1704 1162 1736 domini
1195 1704 1397 1736 Innocentii
1427 1703 1548 1736 divina
1578 1704 1803 1748 providentia
1835 1716 1923 1748 pape
1955 1705 2045 1737 sexti

175 1782 269 1802 anno
296 1770 436 1815 quinto,
459 1771 619 1803 Parisius
648 1771 683 1803 in
711 1770 868 1815 capitulo
900 1771 1019 1803 Sancti
1047 1770 1230 1811 Maturini7
1260 1770 1518 1803 assistentibus
1546 1770 1680 1802 ibidem
1713 1770 1983 1804 venerabilibus
2012 1779 2045 1804 et

176 1837 451 1881 circumspectis
472 1837 560 1870 viris
582 1837 767 1882 magistris
794 1837 905 1869 Adam
933 1837 977 1870 de
1006 1837 1242 1877 Francovilla7
1272 1836 1526 1869 Bartholomco
1555 1837 1737 1877 Bennetti,
1762 1839 1867 1869 Petro
1890 1839 1979 1882 Lupi
2001 1838 2044 1870 de

176 1902 375 1944 Montibus,
401 1903 564 1936 Johanne
591 1903 635 1936 de
661 1904 932 1944 Autissiodoro„
964 1903 1125 1936 Ebrardo
1150 1903 1193 1936 de
1221 1903 1341 1944 Comi,
1369 1903 1516 1935 Nicolao
1538 1903 1582 1936 (le
1605 1904 1825 1945 Savoneriis,
1848 1904 2043 1937 Guillelmo

176 1968 320 2010 Osberi‚
353 1970 543 2002 Dominico
572 1970 616 2003 de
646 1970 826 2010 Clavasio,
858 1970 1045 2015 Guyberto
1073 1970 1117 2002 de
1146 1970 1305 2010 Celseto,
1341 1970 1503 2002 Arnoldo
1535 1970 1578 2002 (10
1609 1970 1768 2015 Capella7
1802 1971 1966 2004 Johanne
2000 1972 2043 2004 de

177 2035 306 2068 Sancto
328 2036 512 2077 Trudone,
537 2038 690 2081 Hugone
714 2036 921 2078 Tenoilleti7
945 2037 1039 2069 dicte
1060 2037 1238 2070 facultatis
1260 2037 1444 2081 magistris
1467 2043 1547 2069 actu
1573 2037 1800 2081 regentibus,
1825 2038 1961 2070 vocatis
1981 2051 2045 2083 per

176 2101 358 2134 bedellum
382 2103 555 2146 juratum,
593 2109 627 2135 ut
667 2104 778 2136 moris
811 2110 877 2143 est,
909 2103 953 2136 ad
983 2104 1304 2148 congregationem
1334 2103 1428 2136 dicte
1451 2103 1630 2136 facultatis
1660 2103 1793 2136 ibidem
1830 2105 2041 2146 faciendam7

175 2168 363 2213 ipsamque
393 2170 716 2214 congregationem
745 2169 835 2202 inibi
862 2170 1078 2203 facientibus
1106 2177 1141 2203 et
1172 2170 1523 2214 representantibus7
1552 2177 1790 2215 nostrumque
1821 2172 2040 2204 notariorum

175 2234 402 2279 publicorum
433 2242 466 2268 et
497 2236 642 2276 testium
677 2236 990 2281 infrascriptorum
1023 2237 1224 2281 presencia,
1258 2236 1498 2281 personaliter
1527 2237 1713 2270 constituti
1754 2238 1839 2270 dicti
1879 2239 2040 2283 magistri

177 2300 360 2334 Ebrardus
386 2308 419 2334 et
447 2301 647 2335 Guibertus
670 2303 802 2336 virtute
828 2303 1017 2347 potestatis
1045 2303 1181 2335 eisdem
1214 2302 1256 2335 ab
1285 2303 1408 2335 eadem
1438 2303 1604 2336 facultate
1631 2304 1801 2337 attribute
1823 2316 1932 2349 super
1957 2317 2042 2338 con—

175 2367 284 2400 tentis
301 2367 337 2400 in
359 2367 454 2400 dicto
478 2368 719 2401 instrumento
746 2369 1018 2409 ordinaverunt,
1042 2370 1281 2402 decreverunt
1308 2381 1372 2402 seu
1399 2370 1583 2402 decretum
1611 2377 1644 2402 01
1671 2371 1934 2403 ordinationem
1958 2373 2040 2404 sua³

176 2433 498 2479 promulgaverunt
518 2435 554 2467 in
576 2436 720 2468 modum
745 2436 805 2480 qui
823 2436 988 2481 sequitur
1008 2443 1042 2469 et
1062 2436 1098 2468 in
1118 2437 1266 2468 formam
1292 2448 1298 2468 :

262 2500 443 2533 Videlicet
476 2501 573 2546 quod
604 2502 939 2547 quocienscumque
968 2503 1003 2534 in
1030 2502 1117 2535 hora
1145 2502 1335 2535 electionis
1365 2503 1490 2535 decani
1530 2503 1624 2536 dicte
1663 2503 1841 2536 facultatis
1879 2504 2041 2536 faciende

174 2566 309 2599 fuerint
329 2567 488 2600 Parisius
510 2568 672 2613 magistri
690 2575 860 2613 regentes
882 2569 918 2601 in
936 2569 1029 2601 dicta
1050 2569 1216 2602 facultate
1234 2569 1277 2601 (10
1295 2569 1454 2613 qualibet
1476 2570 1620 2602 natione
1638 2570 1789 2613 (scilicet
1806 2570 2040 2611 Gallicorum,

175 2632 420 2674 Picardorum,
450 2635 738 2667 Normannorum
770 2642 804 2668 01
828 2635 1077 2681 Anglicorum)
1100 2648 1195 2668 unus
1220 2635 1276 2668 vel
1299 2636 1435 2680 plures,
1460 2643 1490 2668 et
1518 2637 1554 2668 in
1577 2636 1669 2677 1000,
1693 2636 1752 2669 111)1
1783 2637 1927 2669 debebit
1950 2637 2040 2669 dicta

176 2698 304 2731 electio
334 2699 522 2742 celebrari,
556 2707 710 2745 quatuor
736 2702 905 2746 juniores
933 2702 1142 2746 hujusmodi
1173 2702 1427 2747 magistrorum
1459 2709 1494 2735 et
1524 2703 1706 2735 nationum
1740 2709 1822 2735 tunc
1852 2703 1887 2734 in
1918 2703 2040 2735 cadem

176 2764 354 2798 electione
384 2765 602 2799 celebranda
634 2767 831 2800 existentes
860 2768 1034 2801 decanum
1068 2769 1267 2814 predictum
1300 2768 1437 2813 eligent
1467 2769 1574 2800 modo
1597 2775 1630 2801 01
1655 2769 1767 2801 forma
1798 2769 1976 2801 contentis
2008 2769 2043 2800 111

177 2837 308 2864 statuto
335 2843 446 2876 super
474 2832 684 2877 hujusmodi
715 2834 893 2867 electione
922 2835 1049 2867 decani
1082 2835 1247 2867 confecto
1274 2835 1309 2867 111
1335 2835 1428 2867 libro
1456 2847 1519 2867 seu
1547 2835 1703 2879 registro
1730 2835 1845 2879 ipsius
1866 2834 2044 2866 facultatis

177 2904 358 2938 annotato,
382 2905 417 2931 et
438 2899 467 2931 si
489 2899 533 2932 de
555 2912 623 2932 una
645 2900 701 2933 vel
724 2900 864 2934 duabus
886 2901 1094 2933 nationibus
1116 2901 1239 2933 nullus
1260 2902 1434 2945 magister
1454 2908 1531 2933 actu
1555 2913 1687 2945 regens
1710 2901 1743 2932 in
1767 2901 1857 2932 dicta
1879 2900 2045 2932 facultate

301 2958 350 2974 *W
369 2956 463 2980 Chare.
486 2957 563 2981 Univ.
583 2958 677 2982 Paris.
698 2958 742 2980 111.
1908 2959 1919 2963 “
