2488 3386
456 376 519 408 240
1035 383 1350 406 annTULARmM
1385 382 1573 404 UNIVERS.
1610 381 1737 403 PAms.
2221 365 2319 402 [1379

461 501 599 538 1425.
623 510 766 536 lohannes
780 510 815 536 de
831 510 983 543 lienem-ia,
1002 513 1094 535 rector
1113 509 1312 534 Universitatis
1328 507 1443 533 electus

1639 562 1714 589 1379,
1732 560 1848 586 Octobris
1865 561 1902 590 10,
1918 560 2030 586 Parisiis.

544 650 649 682 Anno
672 649 815 682 Domini
838 650 935 689 1379,
954 648 1011 681 die
1032 660 1053 680 x
1074 646 1257 687 Octobris,
1282 646 1421 679 electus
1448 646 1515 678 suit
1541 645 1577 677 in
1606 651 1782 677 rectorem
1805 643 2061 677 Universitatis
2088 642 2200 675 Paris.
2223 654 2316 688 mag.

455 715 638 749 Johannes
667 716 710 748 de
739 715 929 756 Roneuria,
958 714 1121 747 Tullens.
1153 713 1262 750 dioc..
1292 719 1327 745 et
1355 712 1422 745 hoc
1454 724 1518 756 pro
1547 711 1705 744 secunda
1731 710 1843 743 vice¹.
1874 711 1913 742 In
1941 711 2045 754 cujus
2071 709 2224 742 rectoria
2249 720 2319 754 que

456 782 544 815 facta
567 789 662 822 sunt,
689 782 725 814 in
751 782 875 827 papiro
897 781 1141 814 continentur.

548 880 614 902 Mus.
630 878 748 902 Britann.
766 887 815 902 ms.
830 879 890 901 add.
904 879 988 901 17:304.
1007 878 1050 900 sol.
1068 878 1121 900 1115.

549 964 571 987 1.
587 964 701 987 Primum
719 972 761 987 nn.
780 964 848 992 1373,
863 963 919 986 Oct.
936 963 974 985 10.

462 1107 601 1144 1426.
627 1126 640 1141 a
659 1116 776 1141 Rotulus
793 1116 957 1141 nunciorum
976 1114 1174 1140 Universitatis
1190 1114 1374 1139 Parisiensis.
1393 1123 1406 1138 ›>

546 1198 602 1221 Vid.
623 1198 654 1221 ad
671 1197 806 1229 sequentia
822 1196 1042 1220 introductionem
1059 1196 1092 1219 ad
1108 1200 1157 1218 num
1172 1196 1240 1223 1428,
1258 1203 1318 1218 nam
1334 1195 1436 1218 rotulus
1450 1194 1601 1218 nuntiorum
1618 1194 1707 1217 intime
1723 1194 1845 1217 cohaeret
1857 1201 1916 1216 cum
1934 1193 2020 1217 rotulo
2035 1192 2231 1217 Universitatis.

1529 1275 1604 1303 1378,
1618 1274 1731 1301 Νονενηό.
1750 1274 1872 1303 14-1379,
1887 1274 1972 1300 octob.
1988 1275 2033 1301 28.

544 1363 615 1394 lste
650 1368 730 1394 sunt
770 1360 1056 1406 supplicationes
1091 1360 1307 1393 nunciorum
1343 1359 1601 1392 Universitatis
1637 1358 1856 1391 Parisiensis
1891 1359 1953 1403 qui
1987 1358 2173 1392 humiliter
2201 1364 2322 1392 vestre

455 1428 633 1461 sanctitati
660 1427 865 1472 supplicant
890 1427 1059 1472 quatinus
1086 1427 1184 1471 ipsas
1207 1426 1410 1472 dignemini
1439 1426 1585 1470 signare
1608 1425 1701 1458 sicut
1731 1431 1816 1458 sunt
1846 1431 1881 1457 et
1912 1424 1956 1458 de
1984 1425 2064 1458 data
2093 1424 2321 1458 familiarium

455 1494 619 1539 ejusdem
640 1494 853 1526 sanctitatis.

543 1592 623 1618 Motu
638 1592 755 1625 proprio
770 1591 970 1625 providemus¹
984 1591 1110 1617 Johanni
1126 1591 1161 1616 (10
1175 1590 1310 1620 Sanctis‘2,
1326 1598 1388 1617 can.
1404 1598 1462 1624 reg.
1479 1591 1505 1617 S.
1519 1590 1642 1624 Crispini
1659 1590 1689 1616 in
1700 1590 1790 1616 Cavea
1800 1597 1891 1623 prope
1902 1589 2095 1618 Suessionem.
2108 1588 2179 1616 Ord.
2196 1589 2222 1615 S.
2235 1589 2322 1623 Aug..

456 1649 532 1674 mag.
550 1641 580 1666 in
596 1641 684 1667 theol.
703 1641 826 1666 Parisius
840 1640 953 1673 regenti
968 1648 999 1666 ac
1015 1640 1124 1666 nuncio
1140 1648 1192 1673 pro
1207 1640 1318 1666 eadem.

545 1689 664 1723 Symoni
679 1690 714 1715 de
728 1689 892 1715 Cramaudo
900 1688 921 1719 ³,
937 1689 981 1715 lic.
997 1689 1025 1714 in
1043 1689 1098 1722 lcg.
1112 1689 1274 1714 Aurelianis
1289 1689 1424 1722 rigorose,
1437 1690 1466 1714 ct
1478 1688 1590 1714 doctori
1601 1688 1706 1714 decret.
1721 1688 1842 1714 Parisius
1857 1687 1979 1721 regenti,
1997 1687 2107 1713 nuncio
2121 1695 2174 1721 pro
2189 1686 2325 1713 facultate

456 1738 641 1765 decretorum
656 1738 701 1771 [de
716 1746 778 1764 can.
796 1738 863 1764 0001.
883 1737 992 1772 Paris.].

545 1787 679 1813 Nicholao
693 1787 729 1813 de
742 1787 838 1816 Olivis,
853 1787 919 1813 cler.
937 1787 1069 1813 Remens.
1087 1787 1172 1815 dioc..
1190 1787 1219 1812 in
1235 1788 1288 1812 art.
1307 1788 1333 1812 01
1351 1787 1427 1812 med.
1442 1786 1564 1812 Pal-isius
1580 1794 1657 1820 mag.
1675 1794 1707 1812 ac
1722 1786 1831 1812 ibidem
1847 1785 1958 1819 regenti
1974 1785 2003 1811 in
2020 1785 2156 1812 facultate
2170 1784 2323 1814 medicine.

457 1836 566 1862 nuncio
581 1843 634 1869 pro
645 1836 747 1862 eadem
763 1836 899 1861 facultate
915 1834 961 1870 [de
976 1843 1039 1861 can.
1057 1836 1123 1861 cccl.
1142 1836 1296 1868 Remensff.

546 1884 707 1910 Guillermo
722 1884 747 1910 10
762 1884 828 1913 Dos,
845 1884 912 1910 cler.
931 1884 1072 1910 Briocens.
1090 1884 1176 1913 dioc..
1194 1892 1271 1917 mag.
1288 1884 1318 1909 in
1340 1886 1407 1912 art..
1425 1885 1524 1910 scolari
1548 1885 1579 1910 in
1601 1884 1707 1910 decret.
1726 1884 1849 1910 Parisius
1869 1884 1899 1909 in
1919 1884 2025 1917 quarto
2040 1890 2128 1912 anno.
2146 1882 2197 1917 qui
2211 1882 2280 1909 alias
2294 1881 2325 1908 in

457 1933 509 1959 fac.
527 1933 615 1959 theol.
631 1933 687 1958 suit
703 1933 815 1959 scolaris
830 1941 881 1965 per
896 1941 942 1958 sex
955 1940 1047 1958 annos
1062 1934 1090 1958 et
1105 1933 1192 1962 ultra,
1210 1933 1319 1959 nuncio
1335 1935 1394 1959 nat.
1413 1933 1512 1959 Gallie.
1531 1933 1576 1966 [(10
1591 1941 1654 1959 can.
1672 1933 1740 1959 0001.
1757 1933 1992 1965 Cenomanens.].

547 1982 630 2008 Petro
646 1981 796 2007 Bertrandi
810 1981 845 2007 de
861 1982 969 2011 Bievra,
987 1982 1171 2008 Laudunens.
1189 1982 1274 2010 dioc..
1292 1990 1369 2015 mag.
1387 1982 1417 2007 in
1433 1983 1487 2008 art.
1504 1984 1533 2008 et
1548 1982 1609 2008 hac.
1631 1982 1662 2007 in
1682 1982 1788 2008 decret.
1811 1981 1842 2007 in
1858 1982 1964 2015 quarto
1979 1988 2057 2007 anno
2077 1980 2195 2010 lecture,
2216 1979 2327 2006 nuncio
2343 2001 2347 2004 ,

458 2037 511 2064 pro
526 2037 603 2063 mag.
621 2031 681 2055 nat.
698 2030 806 2056 Picard.
824 2030 869 2062 [de
884 2037 946 2055 can.
965 2030 1031 2056 eccl.
1050 2030 1258 2063 Laudunens.].

547 2079 648 2111 Egidio
660 2079 695 2105 de
710 2079 826 2112 Campis
836 2078 852 2107 l,
868 2079 1040 2112 ltothomag.
1056 2079 1195 2109 subdiac,
1208 2087 1285 2112 mag.
1302 2080 1332 2105 in
1346 2081 1411 2109 art„
1425 2080 1493 2106 alias
1504 2079 1607 2106 rectori
1621 2079 1819 2105 Universitatis
1830 2079 1928 2108 Paris..
1941 2078 2094 2112 quondam
2109 2077 2209 2104 scolari
2223 2077 2254 2103 in
2269 2077 2324 2111 leg.

458 2128 489 2153 in
504 2128 589 2153 tertio
605 2135 655 2153 sue
669 2127 826 2153 auditionis
840 2135 927 2157 anno,
945 2128 1021 2153 bace.
1040 2128 1165 2153 formato
1180 2128 1210 2153 in
1226 2129 1327 2158 theol,
1345 2129 1454 2155 nuncio
1470 2136 1523 2162 pro
1539 2130 1598 2154 nat.
1616 2128 1770 2154 Normanie
1783 2128 1829 2161 [de
1843 2135 1907 2154 can.
1925 2127 1992 2154 0001.
2010 2126 2207 2160 Rothomag.].

548 2176 709 2202 Guillermo
725 2176 759 2202 de
774 2175 929 2205 Trebron⁵‚
947 2177 1113 2202 Moraviens.
1131 2177 1216 2206 dioc.,
1234 2185 1310 2211 mag.
1329 2178 1358 2203 in
1374 2179 1440 2207 art„
1454 2178 1530 2204 hacc.
1544 2178 1575 2203 in
1591 2177 1680 2203 theol.
1700 2177 1823 2203 Parisius
1838 2170 1973 2206 formato,
1990 2175 2100 2202 nuncio
2115 2183 2168 2209 pro
2183 2174 2328 2208 magistris

460 2226 519 2251 nat.
537 2225 648 2257 Anglic.
669 2224 714 2259 [de
730 2232 792 2250 can.
807 2225 874 2251 0001.
893 2225 1078 2258 Glascuens.].

548 2273 703 2307 Radulpho
724 2273 841 2302 odonis.
863 2274 928 2299 cler.
951 2274 1164 2300 constanciens.
1186 2275 1272 2303 dioc..
1295 2275 1406 2301 bedello
1429 2275 1583 2309 principali
1606 2276 1665 2300 nat.
1692 2274 1846 2300 Normanie
1867 2274 2019 2300 Universit.
2038 2273 2135 2302 Paris..
2153 2272 2240 2298 misso
2258 2279 2328 2298 cum

461 2322 584 2348 nunciis.
2077 2321 2114 2355 [8]

552 2410 627 2442 Fiat
651 2416 749 2442 motu
775 2410 921 2454 proprio
952 2422 1017 2455 pro
1046 2410 1216 2444 omnibus
1244 2418 1351 2455 prout
1381 2411 1417 2444 in
1446 2410 1777 2456 supplicationibus
1805 2410 2024 2443 continetur.
2054 2409 2097 2443 G.
2126 2430 2171 2433 —
2199 2410 2327 2442 Datum

464 2476 599 2508 Fundis
622 2476 761 2508 decimo
779 2483 903 2509 octavo
926 2476 995 2509 kal.
1017 2477 1242 2518 Decembris,
1267 2490 1361 2510 anno
1384 2478 1513 2523 primo.

556 2572 617 2603 Reg.
636 2573 693 2595 Vnt.
709 2573 800 2604 Suppl.
818 2574 957 2597 Clementis
971 2575 1025 2601 VII,
1038 2582 1079 2598 an.
1096 2575 1117 2602 1,
1135 2583 1160 2606 p.
1178 2576 1200 2604 1,
1213 2576 1256 2599 fol.
1275 2575 1344 2599 204b.
1359 2589 1389 2592 —
1402 2575 1580 2606 Unaquaeque
1591 2575 1683 2606 petitio
1697 2575 1722 2598 in
1734 2576 1784 2599 fine
1800 2575 1938 2607 signatur:
1954 2584 1966 2596 (ι
1981 2574 2011 2598 G.
2029 2584 2051 2596 υ.
2064 2586 2095 2591 -·
2106 2572 2183 2601 ibid„
2199 2572 2245 2596 sol.
2257 2571 2328 2599 181‘2

462 2619 546 2639 exstat
563 2625 573 2638 α
593 2617 701 2640 Rutulus
718 2617 869 2640 nuntiorum
883 2618 1004 2641 Univers.
1022 2618 1105 2642 Paris.
1117 2628 1138 2646 υ,
1156 2619 1181 2642 in
1195 2628 1245 2651 quo
1259 2619 1345 2642 nuntii
1361 2628 1409 2650 pro
1425 2619 1538 2642 diversis
1555 2619 1732 2648 (scholaribus
1748 2620 1838 2649 etiam)
1856 2618 2016 2650 supplicant.

558 2700 579 2723 1.
598 2701 665 2723 Haec
686 2701 797 2723 formula
811 2704 869 2724 ante
890 2710 1018 2734 quemque
1039 2703 1203 2734 sequentium
1218 2705 1353 2735 repetitur,
1374 2714 1453 2736 quam
1476 2714 1522 2729 nos
1545 2706 1663 2729 consulte
1687 2705 1843 2728 omittimus.
1865 2718 1891 2721 —
1915 2704 1937 2727 2.
1956 2702 2017 2726 Fuit
2031 2701 2182 2725 licentiatus
2202 2700 2228 2723 in
2249 2699 2329 2723 theol.

465 2752 506 2767 an.
528 2744 587 2767 1374
610 2745 698 2774 (1375),
721 2748 746 2767 et
766 2753 808 2768 an.
830 2746 970 2774 1378-1379,
993 2747 1096 2777 quando
1118 2748 1167 2771 suit
1187 2749 1302 2777 nuntius,
1329 2750 1509 2780 praesentavit
1529 2750 1607 2773 etiam
1627 2750 1743 2773 rotulum
1768 2750 1797 2772 38
1819 2748 1964 2780 petentium
1989 2746 2150 2770 studentium
2169 2744 2262 2773 Paris.,
2286 2743 2331 2775 qui

465 2792 551 2811 tamen
568 2788 593 2810 in
609 2789 777 2820 sequentibus
796 2790 888 2812 rotulis
905 2794 1058 2821 repetuntur
1075 2791 1178 2823 (Suppl.
1195 2793 1276 2816 Clem.
1292 2794 1346 2822 VH,
1363 2802 1404 2818 an.
1422 2795 1442 2824 1,
1460 2803 1487 2825 p.
1505 2797 1526 2823 5,
1545 2796 1560 2818 f.
1584 2795 1623 2824 81,
1643 2794 1675 2817 nd
1697 2802 1740 2818 an.
1759 2794 1826 2820 1378,
1843 2793 1906 2816 Nov.
1925 2793 1973 2821 22).
1995 2792 2043 2814 An.
2060 2791 2129 2819 1379,
2145 2788 2270 2813 Novemb.
2291 2788 2330 2813 10.

467 2840 524 2855 cum
550 2836 618 2855 esset
640 2833 713 2864 prior
735 2833 868 2864 prioratus
895 2835 921 2857 S.
942 2835 1083 2860 Lamberti.
1104 2836 1221 2860 Laudun.
1245 2837 1336 2865 dioec..
1364 2840 1447 2861 sactus
1471 2842 1510 2862 est
1531 2839 1614 2862 abbas
1638 2839 1664 2862 S.
1684 2837 1813 2861 Vincentii
1837 2837 1978 2860 Silvanect.
2003 2836 2076 2866 (Reg.
2098 2835 2144 2858 Av.
2169 2833 2251 2857 Clam.
2274 2832 2331 2863 Vll,

466 2877 518 2900 vol.
533 2877 607 2904 XVII,
624 2878 668 2900 sol.
685 2879 732 2907 39).
752 2878 806 2900 Non
826 2878 902 2901 debet
921 2880 1045 2902 confundi
1063 2888 1121 2903 cum
1138 2881 1256 2904 ι1011311110
1278 2882 1309 2905 de
1330 2883 1442 2911 Sanctisy
1463 2883 1621 2906 cancellario
1646 2883 1709 2906 0001.
1732 2882 1863 2909 Αωὺίῐιη.,
1883 2881 1927 2912 qui
1949 2889 1990 2904 un.
2013 2880 2082 2909 1404,
2105 2879 2164 2902 Dec.
2187 2878 2224 2906 17,
2246 2878 2330 2900 sactus

467 2925 506 2944 est
517 2921 597 2952 episc.
616 2922 755 2952 Vapinens.
772 2923 843 2953 (Reg.
861 2924 939 2946 Aren.
957 2923 1018 2946 Ben.
1037 2925 1103 2953 Xlll,
1122 2926 1172 2949 vol.
1190 2926 1238 2954 XL,
1258 2927 1274 2949 s.
1294 2927 1370 2956 10971).
1388 2936 1434 2950 ner
1446 2928 1593 2951 etiamnum
1607 2927 1726 2950 Johanne
1740 2927 1770 2949 de
1784 2925 1895 2953 Sanctis,
1909 2925 1952 2956 qui
1970 2933 2012 2948 an.
2029 2924 2098 2953 1353,
2110 2922 2171 2946 Maii
2187 2922 2226 2954 11,
2240 2921 2267 2944 in
2281 2924 2331 2944 art.
