2488 3386
418 295 459 328 72
994 301 1311 325 anRTnLAmnM
1346 300 1535 323 unxvnns.
1572 299 1700 321 PARls.
2179 285 2277 322 [1361

421 420 560 457 1251.
583 428 734 458 JohanneS,
757 437 808 454 rex
829 429 1008 462 Francorum,
1033 427 1208 453 consiliariis
1227 427 1288 453 suis
1309 426 1445 461 scribens,
1471 429 1586 452 renovat
1607 424 1787 461 privilegium
1809 424 1997 460 exemptionis
2018 422 2144 449 Parisiis
2158 422 2278 449 studen-

505 478 573 503 tium
589 486 608 503 a
622 477 761 503 subsidiis
777 481 804 503 et
819 477 1048 513 impositionibus
1065 476 1288 512 quibuscunque.
1306 474 1410 502 Donne
1424 474 1440 501 ὲ
1455 475 1532 502 Paris
1543 475 1569 501 le
1588 475 1711 508 12²j0ur
1725 474 1761 500 de
1776 472 1888 500 Fevrier
1901 473 1959 499 l'an
1974 473 2010 500 de
2022 479 2104 506 grace
2121 472 2197 499 1360.

1602 559 1671 587 1361,
1687 557 1819 584 Februarii
1831 558 1867 587 12,
1879 557 1991 583 Parisiis.

509 646 575 668 Mus.
594 645 712 668 Britann.
727 653 775 668 ms.
792 645 874 668 addit.
892 645 976 673 17304,
994 645 1038 668 fol.
1056 645 1109 671 137,
1124 658 1152 662 -—
1168 644 1292 672 Bulaeus,
1309 644 1351 672 IV,
1366 643 1424 671 3615
1445 642 1561 667 Recueil
1574 643 1619 667 des
1630 642 1779 672 privileges
1796 642 1829 666 de
1848 641 2030 670 l'Um'versite,
2046 649 2074 672 p.
2093 641 2131 664 81.
2152 640 2276 665 Ordonn.

413 691 459 714 des
471 690 528 714 rois
541 690 573 713 de
588 689 706 717 France,
724 689 770 717 111,
785 690 840 712 458.

418 815 559 852 1252.
583 824 726 850 lohannes
743 824 912 854 Blanchart,
928 828 983 850 art.
1006 827 1034 850 et
1049 823 1149 850 medic.
1167 823 1312 858 magister,
1331 825 1455 849 testatur
1472 831 1503 848 se
1523 822 1665 858 recepisse
1680 831 1698 848 a
1714 822 1822 848 decano
1836 820 1990 856 facultatis
2006 820 2166 847 medicinae
2181 821 2280 856 viginti

557 873 629 899 duos
645 875 758 907 regales
774 874 886 899 ratione
901 873 948 898 sui
964 873 1075 898 itineris
1090 872 1130 898 ad
1145 872 1254 898 curiam
1269 873 1347 898 Rom.

1426 921 1502 950 1360,
1514 920 1602 946 Martii
1614 920 1716 949 7-1361,
1732 919 1803 946 Febr.
1817 920 1862 949 27,
1878 920 1991 946 Parisiis.

502 1006 691 1039 Universis
708 1011 898 1050 presentes
916 1005 1053 1037 litteras
1070 1004 1303 1049 inspecturis,
1322 1003 1486 1036 officialis
1502 1003 1720 1036 parisiensis
1737 1003 1888 1036 salutem
1906 1003 1943 1035 in
1960 1003 2127 1036 Domino.
2145 1004 2277 1047 Notum

408 1072 561 1105 facimus
578 1072 676 1116 quod
696 1083 815 1104 coram
837 1071 943 1104 nobis
967 1077 1115 1116 propter
1134 1070 1202 1103 hoc
1227 1069 1468 1115 personaliter
1489 1070 1709 1102 constitutus
1729 1069 1949 1120 venerabilis
1971 1076 2007 1112 et
2026 1069 2207 1103 discretus
2222 1063 2278 1104 vir

411 1138 585 1183 magister
606 1137 789 1171 Johannes
813 1137 1066 1178 Blanchardi¹,
1089 1148 1182 1181 mag.
1205 1137 1242 1169 in
1263 1136 1402 1169 artibus
1427 1143 1462 1169 et
1483 1136 1520 1168 in
1540 1136 1733 1176 medicina,
1756 1136 1971 1181 recognovit
1990 1147 2030 1168 se
2050 1135 2223 1170 habuisse
2243 1143 2279 1170 et

410 1204 594 1249 recepisse
615 1216 633 1236 a
656 1203 856 1237 venerabili
878 1210 913 1236 et
935 1203 1093 1236 discreto
1118 1203 1197 1236 viro
1219 1202 1397 1236 Guiberto
1423 1202 1467 1235 de
1488 1202 1670 1243 Celseto²‚
1697 1202 1833 1235 decano
1854 1202 2033 1235 facultatis
2053 1202 2276 1237 medicorum

410 1270 582 1310 Parisius,
601 1269 731 1314 viginti
759 1269 851 1302 duos
872 1269 1015 1315 regales
1042 1270 1120 1302 auri
1144 1269 1187 1302 de
1211 1281 1305 1302 cuno
1328 1269 1444 1302 nostri
1467 1269 1603 1302 domini
1623 1268 1799 1302 Johannis
1827 1268 1926 1314 regis
1949 1269 2113 1310 Francie,
2139 1270 2277 1303 ratione

409 1343 445 1369 et
471 1348 577 1369 causa
610 1336 751 1369 itineris
779 1336 935 1369 faciendi
962 1336 1005 1369 ad
1035 1336 1169 1369 curiam
1201 1337 1395 1369 Romanam
1426 1347 1507 1368 cum
1535 1335 1655 1368 rotulo
1681 1335 1936 1368 Universitatis
1965 1336 2184 1370 Parisiensis
2211 1348 2277 1382 pro

407 1403 591 1436 communi
619 1409 654 1435 et
684 1414 749 1447 pro
771 1402 924 1435 utilitate
952 1409 987 1435 et
1014 1403 1177 1447 prosectu
1205 1402 1366 1434 omnium
1393 1402 1648 1447 magistrorum
1673 1401 1835 1446 predicte
1856 1402 2112 1435 Universitatis
2138 1409 2174 1435 et
2201 1409 2277 1436 tan-

408 1481 513 1513 quam
536 1469 692 1501 nuncius
713 1469 891 1501 facultatis
913 1469 1091 1501 medicine
1113 1468 1319 1513 specialiter
1335 1468 1542 1513 deputatus,
1560 1468 1604 1500 de
1625 1467 1758 1512 quibus
1774 1468 1904 1513 viginti
1925 1467 2069 1501 duobus
2090 1463 2275 1514 regalibus

409 1535 529 1568 dictus
552 1535 723 1580 magister
742 1535 926 1568 Johannes
947 1535 1137 1568 Blancardi
1161 1547 1200 1567 se
1222 1535 1336 1567 tenuit
1356 1546 1475 1568 coram
1496 1534 1603 1567 nobis
1626 1547 1691 1580 pro
1713 1541 1896 1576 contento,
1915 1541 1950 1568 et
1970 1535 2121 1580 quitavit
2140 1535 2275 1569 dictum

410 1602 623 1646 magistrum
645 1601 861 1635 Guibertum
890 1608 925 1634 et
949 1613 1076 1634 omnes
1097 1601 1200 1642 alios,
1226 1613 1379 1646 quorum
1406 1601 1570 1642 interest,
1594 1601 1740 1646 penitus
1763 1598 1798 1634 e't
1823 1613 2007 1646 expresse.
2031 1603 2159 1635 Datum
2179 1615 2274 1636 anno

411 1668 555 1700 Domini
578 1667 771 1700 millesimo
793 1668 882 1701 CCC
899 1669 968 1708 LX,
993 1668 1050 1700 die
1074 1667 1212 1701 sabbati
1234 1674 1315 1713 post
1335 1668 1583 1702 Reminiscere.
2268 1662 2271 1665 .

503 1764 579 1787 Arch.
597 1767 650 1788 nat.
674 1765 757 1788 Paris.
775 1765 833 1787 MM.
857 1765 910 1792 266,
929 1765 973 1788 sol.
996 1765 1066 1788 160⁶.
1085 1779 1111 1783 ·—
1127 1764 1312 1788 Verisimiliter
1337 1765 1522 1788 documentum
1542 1765 1656 1796 pertinet
1675 1765 1707 1787 nd
1730 1773 1773 1788 an.
1793 1765 1866 1789 1361:
1884 1773 1926 1788 an.
1942 1765 2011 1788 enim
2027 1766 2097 1796 1360,
2112 1766 2237 1793 Novemb.
2251 1767 2276 1798 3,

408 1811 494 1831 rector
508 1809 694 1832 Universitatis
710 1809 858 1840 proposuit,
874 1810 990 1832 rotulum
1005 1809 1061 1832 fieri
1077 1809 1109 1832 ad
1125 1817 1222 1840 papum
1238 1812 1348 1840 propter
1361 1809 1507 1840 jucundum
1522 1809 1592 1840 regis
1604 1809 1755 1838 adventum,
1772 1810 1817 1841 qui
1829 1810 1858 1832 13
1873 1809 2138 1839 Decemb.‚1ibertute
2152 1807 2274 1841 donatus,

409 1852 525 1876 Parisios
549 1853 666 1876 intravit.
688 1853 746 1877 Vid.
769 1853 827 1877 Lib.
850 1860 966 1883 procur.
994 1857 1054 1878 nat.
1080 1854 1190 1884 Anylic.
1209 1854 1235 1876 in
1259 1855 1378 1878 Λυσίαν.
1401 1853 1529 1878 chartul.
1558 1853 1678 1878 Univers.
1703 1854 1796 1878 Paris.
1824 1855 1860 1878 De
1882 1855 1968 1878 rotulo
1990 1855 2162 1886 praecedente
2186 1855 2276 1887 agitur

408 1897 473 1920 ibid.
492 1897 533 1920 ad.
553 1905 595 1920 un.
613 1898 680 1926 1359,
695 1897 827 1928 Septemb.
845 1899 883 1921 30.

503 1981 526 2004 1.
541 1982 658 2004 Fuerunt
675 1981 765 2012 plures
782 1981 880 2004 diversi
902 1981 1034 2004 Johnnnes
1057 1981 1201 2004 Blanchnrt
1215 1985 1276 2004 tunc
1298 1982 1424 2013 temporis
1439 1982 1548 2006 Parisiis
1565 1983 1699 2005 studentes
1715 1982 1778 2013 (vid.
1797 1983 1866 2006 infra
1882 1984 1915 2006 nd
1932 1991 1975 2007 an.
1991 1983 2061 2012 1362,
2081 1984 2207 2008 Novemb.
2223 1984 2273 2015 27.)

408 2025 459 2052 Qui
475 2033 556 2056 supra
573 2033 624 2048 non
644 2025 713 2048 idem
729 2033 758 2048 ac
773 2025 947 2048 cancellarius
971 2034 1013 2049 an.
1034 2026 1108 2054 1381;
1132 2026 1272 2054 nescimus,
1298 2029 1356 2049 uter
1378 2026 1456 2049 suerit
1477 2027 1589 2049 duorum
1612 2035 1655 2050 nn.
1680 2027 1740 2050 1362
1756 2030 1916 2061 notatarum.
1931 2041 1961 2045 —
1977 2029 1999 2051 2.
2016 2028 2065 2052 ΜΒ.
2082 2036 2087 2051 :
2106 2036 2118 2051 «
2134 2029 2237 2052 Snlceto
2251 2037 2274 2055 n.

409 2069 549 2100 Coi-ruptio
564 2069 641 2100 hujus
667 2069 779 2092 nominis
805 2078 885 2092 causa
909 2070 966 2098 fuit,
985 2078 1031 2092 cur
1049 2070 1074 2092 in
1092 2071 1278 2094 Commentar.
1294 2070 1442 2100 facultatis
1457 2071 1552 2095 medic.
1569 2073 1604 2100 (et
1617 2074 1709 2102 postea
1729 2080 1743 2094 n
1761 2072 1897 2102 Jourdain,
1912 2075 1965 2095 not.
1984 2080 2011 2103 p.
2030 2073 2084 2102 112)
2100 2073 2133 2096 ud
2155 2081 2199 2097 an.
2213 2073 2275 2096 1360

409 2122 421 2135 «
436 2113 568 2137 Gilhertus
580 2113 611 2136 de
629 2113 731 2136 Suleeto
750 2122 760 2136 n
780 2113 960 2137 nominaretur
973 2114 1087 2137 decanus
1105 2114 1247 2138 facultatis,
1265 2114 1307 2137 Sic
1322 2115 1385 2138 etin
1401 2116 1464 2146 Reg.
1479 2116 1560 2139 Aven.
1576 2115 1655 2146 Greg.
1670 2116 1712 2144 Xl,
1726 2116 1778 2139 vol.
1796 2116 1883 2145 XXIX,
1900 2118 1916 2141 f.
1936 2116 1999 2139 3961)
2015 2124 2020 2140 :
2038 2125 2050 2140 «
2066 2117 2098 2140 de
2120 2117 2232 2141 Suliceto
2250 2125 2272 2140 ν.

414 2286 553 2323 1253.
576 2295 727 2330 Iohannes,
746 2305 797 2322 rex
817 2298 994 2331 Francorum,
1012 2298 1214 2323 monasterium
1231 2298 1428 2333 religiosorum
1447 2300 1554 2335 prioris
1569 2303 1597 2326 et
1617 2300 1791 2326 scholarium
1813 2300 1927 2334 collegii
1949 2302 1976 2327 S.
1997 2300 2142 2326 Ber-nardi
2164 2301 2277 2334 Paria,-

497 2345 678 2370 existentium
690 2344 862 2379 jamdudum
880 2345 908 2370 in
925 2345 1031 2380 gardia
1045 2346 1120 2380 regis
1137 2347 1248 2372 ratione
1264 2347 1355 2373 studii
1370 2352 1397 2373 et
1418 2349 1617 2374 Universitatis
1632 2349 1738 2383 Paris„
1757 2350 1837 2384 cujus
1857 2349 2009 2375 membrum
2030 2358 2114 2374 uuum
2135 2350 2270 2384 existunt,

497 2393 525 2418 in
536 2402 590 2418 sua
602 2397 629 2419 et
639 2402 831 2419 successorum
841 2403 953 2419 suorum
963 2399 1105 2430 perpetua
1118 2396 1294 2431 protectione
1305 2397 1426 2432 suscipit
1437 2401 1464 2423 et
1476 2397 1566 2433 ponit,
1581 2401 1608 2423 et
1616 2398 1814 2433 praepositum
1828 2398 1934 2431 Paris.,
1954 2397 2003 2433 qui
2013 2401 2056 2423 est
2069 2406 2121 2433 pro
2137 2401 2271 2433 tempore,

496 2441 650 2477 specialem
666 2442 861 2476 gardiator-em
875 2443 980 2468 eisdem
998 2443 1126 2479 deputat.
1144 2444 1209 2470 Dat.
1228 2445 1351 2471 Parisius
1365 2453 1443 2472 anno
1458 2446 1577 2472 Domini
1592 2446 1747 2472 millesimo
1761 2446 1962 2473 trecentesimo
1977 2446 2162 2479 sexagesimo,
2174 2454 2278 2474 mense*

497 2490 654 2516 Februarii.
673 2501 686 2514 (ι
703 2491 850 2517 Celsitudo
865 2492 942 2525 regia
959 2502 982 2517 ».

1529 2544 1600 2572 1361,
1616 2551 1705 2569 mense
1719 2543 1855 2573 Februarii,
1871 2543 1986 2570 Parisiis.

501 2626 577 2649 Livi-e
592 2634 673 2657 rouge
688 2627 764 2655 vicus(
782 2628 816 2650 du
833 2627 965 2658 Chastelet
982 2627 1007 2650 in
1022 2628 1100 2656 ¹Arch.
1117 2631 1171 2652 nat.
1188 2629 1280 2659 Paris„
1297 2630 1326 2653 Y.
1342 2630 1366 2659 2,
1382 2630 1426 2653 fol.
1446 2630 1492 2653 27¹³
1508 2631 1593 2659 (antea
1609 2630 1674 2662 17¹³).
1690 2630 1820 2657 Chartul.
1838 2632 1967 2656 Convent.
1982 2631 2011 2655 S.
2027 2631 2183 2661 BeJVnaYdi,
2195 2631 2270 2660 ibid.,

407 2670 467 2693 MM.
484 2671 537 2699 366,
556 2670 600 2694 fol.
619 2672 648 2694 32
656 2670 676 2694 b.
