2488 3386
443 336 504 369 170
1016 343 1333 366 ana'i-ULAmUM
1368 341 1557 363 UNIVERS.
1595 342 1710 363 PARis
2119 364 2121 366 ,
2203 327 2301 364 [1367

442 420 528 452 sitas
557 431 697 451 necnon
724 419 876 463 predicti
902 418 1075 463 magister
1103 419 1230 450 Petrus
1257 423 1291 448 et
1316 417 1395 459 ejus
1426 415 1586 447 scolares
1615 427 1653 447 ac
1674 415 1741 448 alia
1766 415 1924 447 membra
1956 414 2154 459 singularia
2185 414 2302 459 ipsius

444 486 710 526 Universitatis,
740 497 891 517 unacum
922 484 1029 517 bonis
1063 484 1139 516 suis
1166 482 1347 515 universis
1377 482 1467 514 adeo
1495 482 1636 514 notorie
1658 488 1692 514 et
1720 481 1864 526 publice
1890 480 2104 522 existebant,
2132 481 2229 525 quod
2257 480 2301 513 de

443 552 565 584 eadem
590 551 740 596 predicti
769 551 872 583 miles
898 550 997 595 gueti
1023 551 1175 594 ejusque
1196 549 1447 581 locumtenens
1474 554 1509 580 et
1536 548 1738 581 servientes
1763 548 1879 580 nostri
1907 554 1965 580 aut
1995 547 2055 580 alii
2083 547 2301 591 quicumque

443 618 687 663 ignoranciam
711 617 925 662 pretendere
946 616 1152 649 nullatenus
1174 621 1363 660 potuerant
1385 626 1451 647 nec
1475 621 1652 659 poterant,
1670 614 1820 647 ausibus
1842 614 2045 647 temerariis
2066 613 2301 658 infringendo

442 692 476 717 ct
501 684 587 717 alias
618 684 865 728 multipliciter
890 682 1150 727 delinquendo,
1175 693 1213 714 ac
1241 682 1277 713 in
1304 681 1466 726 predicte
1493 681 1747 714 Universitatis
1775 687 1810 714 et
1833 681 1919 713 dicti
1942 680 2107 725 magistri
2136 680 2231 712 Petri
2258 680 2301 712 de

443 751 565 795 Zippa,
592 763 631 783 ac
653 750 845 783 scolarium
869 761 1016 782 suorum
1040 749 1285 793 predictorum
1308 748 1498 780 maximum
1526 748 1780 792 prejudicium,
1803 747 1986 792 injuriam,
2013 747 2186 787 dedecus,
2210 746 2302 779 vitu-

443 818 580 862 perium
606 824 640 849 et
661 828 865 861 gravamen,
891 815 997 848 nobis
1020 815 1205 847 humiliter
1228 814 1468 859 supplicando
1491 815 1689 847 remedium
1712 814 1861 859 justicie
1887 813 1957 847 sibi
1983 825 2094 859 super
2119 813 2300 854 exhiberi;

443 883 677 928 protestando
699 894 882 927 expresse,
901 882 998 926 quod
1020 893 1083 926 per
1105 893 1156 921 ea,
1180 893 1249 925 que
1271 881 1436 914 dixerant
1456 887 1491 914 et
1507 881 1675 914 dicebant
1695 881 1731 913 in
1754 881 1819 914 hac
1842 887 1941 925 parte
1964 880 2008 913 ad
2029 880 2135 912 finem
2158 879 2301 913 civilem

443 951 636 991 dumtaxat,
654 961 726 982 non
743 955 859 982 autem
877 948 1112 988 criminalem,
1130 948 1224 980 circa
1240 954 1392 980 mortem
1410 954 1445 980 et
1465 947 1709 980 membrorum
1731 947 1999 980 mutilacionem
2018 947 2248 980 tetenderant
2267 953 2303 979 et

443 1016 649 1056 tendebant,
677 1015 846 1060 quodque
870 1026 934 1059 per
956 1014 1047 1047 viam
1069 1014 1297 1058 judiciariam
1326 1014 1403 1047 sive
1433 1014 1633 1059 litigiorum
1662 1014 1878 1047 ordinariam
1909 1013 2108 1058 procedere
2129 1025 2194 1058 pro
2220 1024 2302 1058 pre—

442 1083 563 1115 missis
585 1082 790 1115 nullatenus
812 1081 1041 1113 intenderant
1063 1087 1123 1113 aut
1146 1080 1395 1122 intendebant,
1418 1081 1482 1113 sed
1504 1080 1611 1113 nobis
1633 1076 1810 1125 premissa
1827 1080 2122 1125 significaverant
2137 1086 2172 1112 et
2187 1079 2302 1125 signi-

442 1149 704 1192 ficabantjuxta
725 1159 814 1180 usus
835 1154 869 1180 et
892 1147 1178 1180 consuetudines
1200 1147 1235 1179 in
1258 1147 1381 1179 eadem
1411 1147 1654 1180 Universitate
1680 1147 1855 1180 hactenus
1878 1146 2104 1187 observatos,
2126 1158 2207 1179 cum
2228 1157 2302 1179 non

441 1221 535 1247 essct
555 1215 631 1247 sivo
653 1214 700 1246 sit
719 1214 945 1246 consuetudo
968 1213 1062 1246 dicte
1084 1214 1339 1246 Universitatis
1360 1220 1421 1246 aut
1436 1213 1681 1246 membrorum
1709 1213 1872 1258 ejusdem
1899 1213 2099 1258 procedere
2123 1224 2187 1258 per
2208 1212 2300 1246 viam

440 1282 650 1326 litigiorum,
675 1287 712 1313 ut
729 1279 906 1312 dicebant.

528 1347 669 1390 Quibus
686 1347 911 1391 querimonia
933 1353 968 1379 et
988 1346 1253 1391 supplicatione
1275 1346 1381 1380 nobis
1398 1347 1513 1388 sactis,
1537 1359 1604 1380 nos
1627 1354 1793 1392 tanquam
1817 1359 1926 1381 verus
1946 1353 2059 1392 pater,
2080 1346 2251 1379 dominus
2267 1351 2302 1378 et

441 1421 622 1459 protector
643 1413 898 1446 Universitatis
922 1413 1094 1458 predicte,
1122 1413 1195 1446 filie
1223 1414 1360 1454 nostre,
1389 1420 1422 1447 et
1449 1415 1527 1459 ojus
1554 1414 1812 1455 membrorum,
1835 1421 1930 1447 tanta
1951 1413 2095 1454 delicta,
2113 1424 2300 1453 excessus,

439 1481 590 1525 injurias
612 1487 646 1513 et
666 1480 883 1524 gravamina,
907 1480 937 1512 si
957 1491 1041 1513 vera
1066 1480 1222 1513 fuissent
1244 1487 1302 1513 aut
1327 1487 1464 1522 essent,
1487 1481 1666 1522 volentes,
1690 1488 1728 1514 ut
1749 1488 1927 1522 tenemur,
1953 1480 2097 1513 ulcione
2120 1479 2299 1524 condigna

435 1547 583 1592 justicie
606 1547 738 1591 puniri,
765 1546 899 1590 corrigi
927 1553 962 1579 et
981 1546 1178 1587 emendari,
1201 1547 1389 1592 ipsamque
1418 1548 1695 1581 Universitatem
1724 1554 1756 1581 et
1779 1549 1858 1593 ejus
1885 1547 2044 1580 membra
2074 1557 2302 1591 quecumque

440 1613 507 1647 sub
533 1620 656 1646 nostre
678 1613 825 1657 justicie
850 1612 967 1657 clipeo
994 1619 1029 1645 et
1054 1613 1268 1646 defensione
1293 1614 1330 1646 in
1357 1614 1454 1659 pacis
1485 1615 1679 1647 securitate
1708 1621 1744 1647 et
1771 1613 2030 1659 tranquillitate
2061 1611 2301 1654 manuteneri,

439 1680 553 1713 foveri
578 1686 613 1712 et
633 1679 853 1720 conservari,
875 1679 919 1711 ad
944 1679 1050 1711 finem
1079 1686 1116 1712 ut
1146 1680 1319 1713 maturius
1346 1687 1380 1713 et
1406 1682 1572 1714 securius
1602 1681 1885 1726 procederemus
1914 1681 1952 1713 in
1978 1680 2043 1713 hac
2073 1685 2173 1724 parte
2199 1678 2243 1711 de
2269 1685 2305 1712 et

440 1758 550 1791 super
570 1746 772 1791 premissis,
791 1757 855 1790 per
871 1752 989 1778 certos
1006 1746 1236 1779 consiliarios
1253 1754 1400 1780 nostros
1416 1748 1713 1781 informacionem
1731 1748 1811 1781 fieri
1826 1748 2043 1780 fecissemus
2060 1753 2096 1779 et
2113 1746 2194 1779 viva
2213 1756 2303 1779 voce

440 1812 742 1857 precepissemus.
779 1811 919 1854 Quibus
950 1812 1169 1845 consiliariis
1200 1820 1235 1846 et
1259 1814 1520 1847 commissariis
1558 1815 1708 1856 nostris,
1749 1827 1813 1860 pro
1844 1821 1944 1859 parte
1978 1812 2235 1847 Universitatis
2269 1818 2305 1845 et

439 1879 692 1923 magistrorum
715 1890 754 1911 ac
777 1878 970 1911 scolarium
999 1880 1299 1923 conquerentium
1323 1881 1584 1925 predictorum,
1612 1882 1716 1917 facta,
1744 1881 1874 1914 delicta
1896 1887 1931 1913 et
1951 1879 2157 1925 gravamina
2178 1890 2304 1924 supra-

438 1945 530 1978 dicta
561 1957 625 1977 seu
647 1945 858 1989 quamplura
886 1945 1062 1990 ipsorum,
1090 1946 1134 1978 ad
1160 1945 1265 1978 finem
1291 1954 1330 1979 ut
1357 1947 1402 1979 de
1426 1954 1461 1980 et
1486 1959 1597 1992 super
1622 1948 1712 1993 ipsis
1740 1948 1872 1980 melius
1899 1947 2031 1980 instrui
2055 1953 2090 1979 et
2117 1944 2304 1978 informari

438 2011 609 2052 valerent,
633 2011 668 2043 in
690 2011 836 2055 scriptis
857 2011 901 2043 de
923 2018 1094 2056 precepto
1116 2019 1242 2045 nostro
1263 2025 1302 2046 ac
1325 2013 1393 2046 sub
1415 2014 1748 2059 protestacionibus
1769 2014 1960 2047 antedictis
1982 2012 2110 2046 tradita
2131 2012 2302 2053 fuissent,

440 2090 507 2110 una
528 2090 607 2110 cum
631 2078 879 2110 declaracione
910 2090 974 2111 seu
1003 2079 1183 2123 peticione
1209 2079 1388 2113 bonorum
1417 2081 1606 2114 mobilium
1638 2081 1897 2127 predictorum,
1925 2092 1994 2125 que
2020 2079 2106 2112 dicti
2130 2078 2304 2124 magister

440 2146 566 2176 Petrus
583 2151 617 2176 et
638 2144 797 2177 scolares
821 2145 877 2177 sui
898 2145 934 2176 in
956 2145 1116 2189 predicta
1138 2146 1245 2179 domo
1267 2158 1330 2180 sua
1348 2154 1453 2181 nocte
1474 2155 1510 2181 et
1529 2148 1616 2181 hora
1637 2148 1796 2182 insultus
1813 2159 1878 2181 seu
1901 2146 2094 2180 conflictus
2115 2144 2301 2186 antedicti,

438 2217 472 2243 et
489 2217 635 2255 propter
656 2222 755 2243 suam
772 2211 979 2255 capcionem
997 2212 1224 2254 antedictam,
1243 2214 1456 2247 asserebant
1475 2215 1656 2257 amisisse,
1680 2222 1717 2248 ut
1734 2215 1926 2260 prefertur.

528 2277 605 2318 Que
627 2276 771 2321 quidem
789 2276 883 2309 bona
903 2277 973 2322 ipsi
995 2279 1167 2322 magister
1188 2271 1316 2313 Petrus
1338 2287 1372 2313 et
1393 2281 1560 2314 nonnulli
1581 2281 1641 2314 alii
1663 2281 1823 2314 scolares
1840 2281 1896 2313 sui
1913 2291 2033 2313 coram
2050 2278 2187 2311 eisdem
2205 2290 2303 2311 com-

441 2343 616 2375 missariis
644 2354 686 2374 ex
713 2355 835 2375 eorum
864 2343 1097 2377 ordinacione
1123 2346 1243 2378 medio
1266 2347 1474 2391 juramento
1500 2348 1776 2382 declaraverunt
1805 2354 1840 2380 et
1864 2352 2102 2380 asseruerunt
2125 2345 2240 2377 fuisse
2268 2350 2303 2377 et

441 2421 523 2441 esse
546 2421 552 2440 :
577 2421 639 2441 sex
660 2409 771 2453 gladii
799 2421 878 2442 cum
901 2410 1041 2443 duabus
1061 2412 1203 2456 vaginis
1230 2413 1448 2457 gladiorum,
1472 2427 1566 2448 unus
1593 2427 1711 2456 arcus,
1733 2415 1805 2447 duo
1830 2413 1949 2446 baculi
1975 2413 2019 2445 de
2045 2411 2211 2444 Flandria
2231 2411 2302 2443 fer-

442 2475 521 2514 rati,
540 2474 609 2507 due
631 2475 814 2516 almussie,
838 2488 947 2508 unum
970 2478 1248 2522 manutergium,
1272 2492 1366 2513 unus
1388 2481 1544 2514 cutellus
1565 2488 1601 2514 et
1616 2493 1685 2514 una
1707 2493 1789 2526 pars
1805 2479 1930 2525 gladii,
1953 2491 2023 2511 una
2044 2477 2200 2522 corrigia
2221 2488 2300 2510 cum

442 2552 539 2585 pera,
562 2541 710 2573 calcello
732 2548 766 2573 et
786 2548 939 2586 quatuor
958 2542 1132 2584 clavibus,
1155 2557 1193 2577 ac
1216 2557 1285 2578 una
1306 2546 1445 2580 balista.
1470 2548 1586 2593 Super
1607 2547 1739 2593 quibus
1760 2547 1863 2580 factis
1869 2573 1933 2578 .....

531 2608 608 2649 Qua
629 2607 888 2640 informacione
910 2609 960 2641 sic
983 2609 1072 2642 facta
1094 2617 1129 2643 et
1151 2611 1257 2644 nobis
1283 2624 1321 2645 ac
1348 2620 1473 2646 nostro
1502 2614 1658 2647 consilio
1686 2620 1878 2659 reportata,
1901 2613 2052 2657 ipsaque
2073 2611 2149 2644 visa
2170 2617 2206 2643 et
2224 2621 2304 2642 exa-

444 2673 573 2706 minata
595 2685 633 2706 ac
651 2673 827 2706 dictorum
849 2675 1138 2708 consiliariorum
1161 2684 1194 2710 et
1216 2680 1547 2713 commissariorum
1566 2687 1775 2714 nostrorum
1792 2679 1967 2712 relatione
1985 2689 2095 2722 super
2110 2676 2179 2709 hoc
2195 2675 2302 2709 nobis

446 2746 481 2772 et
515 2739 610 2771 dicto
640 2739 792 2772 consilio
821 2747 945 2773 nostro
975 2742 1075 2783 sacta,
1106 2749 1140 2775 et
1169 2743 1239 2777 hiis
1268 2746 1437 2779 omnibus
1467 2748 1709 2781 consideratis
1735 2753 1770 2780 et
1790 2745 1948 2786 attentis,
1976 2756 2043 2777 nos
2069 2755 2112 2776 ex
2137 2742 2300 2788 ejusdem

449 2805 564 2838 nostri
594 2805 854 2838 deliberatione
884 2807 1028 2839 consilii
1058 2808 1330 2844 ordinassemus
1358 2820 1392 2845 et
1420 2814 1650 2855 fecissemus,
1680 2814 1882 2846 servientes
1912 2817 2059 2844 nostros
2084 2809 2170 2842 dicti
2200 2808 2301 2854 gueti

446 2871 596 2904 inferius
618 2872 832 2913 nominatos,
856 2873 916 2916 qui
932 2874 1032 2917 juxta
1054 2875 1216 2919 regimen
1237 2878 1423 2911 Castellcti
1445 2881 1559 2913 nostri
1581 2881 1693 2913 Paris.
1716 2891 1827 2924 super
1847 2877 2082 2910 ordinacione
2099 2876 2184 2908 dicti
2200 2874 2301 2920 gueti

563 2929 601 2952 22.
