<?xml version="1.0" encoding="UTF-8"?>
<!DOCTYPE html PUBLIC "-//W3C//DTD XHTML 1.0 Transitional//EN"
    "http://www.w3.org/TR/xhtml1/DTD/xhtml1-transitional.dtd">
<html xmlns="http://www.w3.org/1999/xhtml" xml:lang="en" lang="en">
 <head>
  <title>
</title>
<meta http-equiv="Content-Type" content="text/html;charset=utf-8" />
  <meta name='ocr-system' content='tesseract 3.04.00' />
  <meta name='ocr-capabilities' content='ocr_page ocr_carea ocr_par ocr_line ocrx_word'/>
</head>
<body>
  <div class='ocr_page' id='page_1' title='image "auctariumchartul03univuoft_0439.png"; bbox 0 0 2488 3386; ppageno 0'>
   <div class='ocr_carea' id='block_1_1' title="bbox 243 285 2097 323">
    <p class='ocr_par' dir='ltr' id='par_1_1' title="bbox 243 285 2097 323">
     <span class='ocr_line' id='line_1_1' title="bbox 243 285 2097 323; baseline -0.001 -3"><span class='ocrx_word' id='word_1_1' title='bbox 243 285 337 321; x_wconf 89' lang='lat'>1385]</span> <span class='ocrx_word' id='word_1_2' title='bbox 657 297 702 318; x_wconf 70' lang='lat' dir='ltr'>AB</span> <span class='ocrx_word' id='word_1_3' title='bbox 737 296 842 318; x_wconf 67' lang='lat' dir='ltr'>ANNo</span> <span class='ocrx_word' id='word_1_4' title='bbox 877 295 1007 317; x_wconf 73' lang='lat' dir='ltr'>mcch</span> <span class='ocrx_word' id='word_1_5' title='bbox 1041 295 1172 323; x_wconf 83' lang='lat' dir='ltr'>USQUE</span> <span class='ocrx_word' id='word_1_6' title='bbox 1207 295 1255 316; x_wconf 75' lang='lat' dir='ltr'>AD</span> <span class='ocrx_word' id='word_1_7' title='bbox 1291 295 1553 317; x_wconf 74' lang='lat' dir='ltr'>BENEnicTuM</span> <span class='ocrx_word' id='word_1_8' title='bbox 1589 296 1678 317; x_wconf 82' lang='lat' dir='ltr'>x111.</span> <span class='ocrx_word' id='word_1_9' title='bbox 2035 286 2097 318; x_wconf 88' lang='grc'>391</span> 
     </span>
    </p>
   </div>
   <div class='ocr_carea' id='block_1_2' title="bbox 233 369 2101 2813">
    <p class='ocr_par' dir='ltr' id='par_1_2' title="bbox 237 369 2101 1480">
     <span class='ocr_line' id='line_1_2' title="bbox 243 369 2096 418; baseline -0.001 -14"><span class='ocrx_word' id='word_1_10' title='bbox 243 379 310 412; x_wconf 90' lang='lat' dir='ltr'>tur,</span> <span class='ocrx_word' id='word_1_11' title='bbox 334 371 549 418; x_wconf 86' lang='lat' dir='ltr'>decernatur</span> <span class='ocrx_word' id='word_1_12' title='bbox 570 377 604 403; x_wconf 89' lang='lat' dir='ltr'>et</span> <span class='ocrx_word' id='word_1_13' title='bbox 629 370 845 409; x_wconf 85' lang='lat' dir='ltr'>declaretur,</span> <span class='ocrx_word' id='word_1_14' title='bbox 873 369 1165 402; x_wconf 81' lang='lat' dir='ltr'>commissionem</span> <span class='ocrx_word' id='word_1_15' title='bbox 1188 381 1205 401; x_wconf 86' lang='lat' dir='ltr'>a</span> <span class='ocrx_word' id='word_1_16' title='bbox 1227 369 1388 413; x_wconf 88' lang='lat' dir='ltr'>predicta</span> <span class='ocrx_word' id='word_1_17' title='bbox 1417 369 1503 401; x_wconf 88' lang='lat' dir='ltr'>sede</span> <span class='ocrx_word' id='word_1_18' title='bbox 1529 369 1727 413; x_wconf 84' lang='lat' dir='ltr'>apostolica</span> <span class='ocrx_word' id='word_1_19' title='bbox 1758 382 1868 414; x_wconf 89' lang='lat' dir='ltr'>super</span> <span class='ocrx_word' id='word_1_20' title='bbox 1898 370 1964 402; x_wconf 90' lang='lat' dir='ltr'>hoc</span> <span class='ocrx_word' id='word_1_21' title='bbox 1992 370 2096 403; x_wconf 91' lang='lat' dir='ltr'>vobis</span> 
     </span>
     <span class='ocr_line' id='line_1_3' title="bbox 240 435 2100 482; baseline -0.001 -12"><span class='ocrx_word' id='word_1_22' title='bbox 240 438 364 470; x_wconf 87' lang='lat' dir='ltr'>factam</span> <span class='ocrx_word' id='word_1_23' title='bbox 388 449 451 470; x_wconf 90' lang='lat' dir='ltr'>seu</span> <span class='ocrx_word' id='word_1_24' title='bbox 475 437 688 482; x_wconf 87' lang='lat' dir='ltr'>rescriptum</span> <span class='ocrx_word' id='word_1_25' title='bbox 711 447 821 480; x_wconf 90' lang='lat' dir='ltr'>super</span> <span class='ocrx_word' id='word_1_26' title='bbox 840 435 907 468; x_wconf 91' lang='lat' dir='ltr'>hoc</span> <span class='ocrx_word' id='word_1_27' title='bbox 928 435 971 468; x_wconf 87' lang='lat' dir='ltr'>ab</span> <span class='ocrx_word' id='word_1_28' title='bbox 993 435 1117 467; x_wconf 88' lang='lat' dir='ltr'>eadem</span> <span class='ocrx_word' id='word_1_29' title='bbox 1140 435 1228 468; x_wconf 88' lang='lat' dir='ltr'>sede</span> <span class='ocrx_word' id='word_1_30' title='bbox 1250 446 1314 479; x_wconf 89' lang='lat' dir='ltr'>per</span> <span class='ocrx_word' id='word_1_31' title='bbox 1335 435 1543 479; x_wconf 87' lang='lat' dir='ltr'>predict0[s]</span> <span class='ocrx_word' id='word_1_32' title='bbox 1571 442 1711 468; x_wconf 83' lang='lat' dir='ltr'>actores</span> <span class='ocrx_word' id='word_1_33' title='bbox 1733 435 1918 468; x_wconf 84' lang='lat' dir='ltr'>obtentum</span> <span class='ocrx_word' id='word_1_34' title='bbox 1942 443 1976 468; x_wconf 93' lang='lat' dir='ltr'>et</span> <span class='ocrx_word' id='word_1_35' title='bbox 1996 436 2100 469; x_wconf 90' lang='lat' dir='ltr'>vobis</span> 
     </span>
     <span class='ocr_line' id='line_1_4' title="bbox 240 501 2099 548; baseline -0.001 -12"><span class='ocrx_word' id='word_1_36' title='bbox 240 504 415 537; x_wconf 87' lang='lat' dir='ltr'>directum</span> <span class='ocrx_word' id='word_1_37' title='bbox 438 510 473 536; x_wconf 89' lang='lat' dir='ltr'>et</span> <span class='ocrx_word' id='word_1_38' title='bbox 493 514 556 548; x_wconf 86' lang='lat' dir='ltr'>per</span> <span class='ocrx_word' id='word_1_39' title='bbox 577 514 640 536; x_wconf 90' lang='lat' dir='ltr'>eos</span> <span class='ocrx_word' id='word_1_40' title='bbox 660 509 905 548; x_wconf 78' lang='lat' dir='ltr'>presentatum</span> <span class='ocrx_word' id='word_1_41' title='bbox 927 502 1041 534; x_wconf 87' lang='lat' dir='ltr'>fuisse</span> <span class='ocrx_word' id='word_1_42' title='bbox 1063 508 1097 534; x_wconf 90' lang='lat' dir='ltr'>et</span> <span class='ocrx_word' id='word_1_43' title='bbox 1122 512 1204 534; x_wconf 89' lang='lat' dir='ltr'>esse</span> <span class='ocrx_word' id='word_1_44' title='bbox 1231 501 1471 546; x_wconf 84' lang='lat' dir='ltr'>subrepticias</span> <span class='ocrx_word' id='word_1_45' title='bbox 1498 508 1533 533; x_wconf 88' lang='lat' dir='ltr'>et</span> <span class='ocrx_word' id='word_1_46' title='bbox 1559 501 1833 546; x_wconf 87' lang='lat' dir='ltr'>subrepticium,</span> <span class='ocrx_word' id='word_1_47' title='bbox 1861 514 1998 546; x_wconf 89' lang='lat' dir='ltr'>vosque</span> <span class='ocrx_word' id='word_1_48' title='bbox 2027 515 2099 535; x_wconf 91' lang='lat' dir='ltr'>non</span> 
     </span>
     <span class='ocr_line' id='line_1_5' title="bbox 239 567 2099 615; baseline -0.001 -12"><span class='ocrx_word' id='word_1_49' title='bbox 239 570 372 603; x_wconf 89' lang='lat' dir='ltr'>habere</span> <span class='ocrx_word' id='word_1_50' title='bbox 387 570 709 615; x_wconf 87' lang='lat' dir='ltr'>jurisdic[t]ionem</span> <span class='ocrx_word' id='word_1_51' title='bbox 730 569 766 601; x_wconf 91' lang='lat' dir='ltr'>in</span> <span class='ocrx_word' id='word_1_52' title='bbox 787 568 851 601; x_wconf 88' lang='lat' dir='ltr'>hac</span> <span class='ocrx_word' id='word_1_53' title='bbox 874 575 985 613; x_wconf 90' lang='lat' dir='ltr'>parte,</span> <span class='ocrx_word' id='word_1_54' title='bbox 1005 580 1070 600; x_wconf 91' lang='lat' dir='ltr'>nec</span> <span class='ocrx_word' id='word_1_55' title='bbox 1092 579 1201 612; x_wconf 91' lang='lat' dir='ltr'>posse</span> <span class='ocrx_word' id='word_1_56' title='bbox 1223 579 1289 600; x_wconf 90' lang='lat' dir='ltr'>nec</span> <span class='ocrx_word' id='word_1_57' title='bbox 1311 567 1444 599; x_wconf 88' lang='lat' dir='ltr'>debere</span> <span class='ocrx_word' id='word_1_58' title='bbox 1467 567 1666 612; x_wconf 79' lang='lat' dir='ltr'>procedere</span> <span class='ocrx_word' id='word_1_59' title='bbox 1687 568 1729 599; x_wconf 87' lang='lat' dir='ltr'>ad</span> <span class='ocrx_word' id='word_1_60' title='bbox 1751 568 1904 612; x_wconf 81' lang='lat' dir='ltr'>aliquam</span> <span class='ocrx_word' id='word_1_61' title='bbox 1927 569 2099 601; x_wconf 80' lang='lat' dir='ltr'>informa-</span> 
     </span>
     <span class='ocr_line' id='line_1_6' title="bbox 239 634 2098 681; baseline -0.001 -12"><span class='ocrx_word' id='word_1_62' title='bbox 239 637 377 669; x_wconf 87' lang='lat' dir='ltr'>cionem</span> <span class='ocrx_word' id='word_1_63' title='bbox 404 648 468 669; x_wconf 91' lang='lat' dir='ltr'>seu</span> <span class='ocrx_word' id='word_1_64' title='bbox 489 636 768 681; x_wconf 85' lang='lat' dir='ltr'>inquisicionem</span> <span class='ocrx_word' id='word_1_65' title='bbox 794 635 993 668; x_wconf 86' lang='lat' dir='ltr'>faciendam</span> <span class='ocrx_word' id='word_1_66' title='bbox 1017 641 1140 667; x_wconf 86' lang='lat' dir='ltr'>contra</span> <span class='ocrx_word' id='word_1_67' title='bbox 1161 634 1415 667; x_wconf 88' lang='lat' dir='ltr'>cancellarium</span> <span class='ocrx_word' id='word_1_68' title='bbox 1437 634 1668 674; x_wconf 86' lang='lat' dir='ltr'>antedictum,</span> <span class='ocrx_word' id='word_1_69' title='bbox 1693 646 1757 666; x_wconf 89' lang='lat' dir='ltr'>nee</span> <span class='ocrx_word' id='word_1_70' title='bbox 1779 635 1822 666; x_wconf 86' lang='lat' dir='ltr'>ad</span> <span class='ocrx_word' id='word_1_71' title='bbox 1849 636 2098 679; x_wconf 88' lang='lat' dir='ltr'>recepcionem</span> 
     </span>
     <span class='ocr_line' id='line_1_7' title="bbox 238 694 2100 748; baseline -0.001 -12"><span class='ocrx_word' id='word_1_72' title='bbox 238 703 440 748; x_wconf 85' lang='lat' dir='ltr'>aliquorum</span> <span class='ocrx_word' id='word_1_73' title='bbox 462 703 606 736; x_wconf 88' lang='lat' dir='ltr'>testium</span> <span class='ocrx_word' id='word_1_74' title='bbox 629 714 693 735; x_wconf 88' lang='lat' dir='ltr'>seu</span> <span class='ocrx_word' id='word_1_75' title='bbox 715 694 864 735; x_wconf 84' lang='lat' dir='ltr'>examen</span> <span class='ocrx_word' id='word_1_76' title='bbox 885 702 1045 746; x_wconf 88' lang='lat' dir='ltr'>ipsorum</span> <span class='ocrx_word' id='word_1_77' title='bbox 1069 713 1111 734; x_wconf 87' lang='lat' dir='ltr'>ex</span> <span class='ocrx_word' id='word_1_78' title='bbox 1138 707 1238 746; x_wconf 91' lang='lat' dir='ltr'>parte</span> <span class='ocrx_word' id='word_1_79' title='bbox 1267 701 1443 733; x_wconf 89' lang='lat' dir='ltr'>dictorum</span> <span class='ocrx_word' id='word_1_80' title='bbox 1470 707 1630 733; x_wconf 87' lang='lat' dir='ltr'>actorum</span> <span class='ocrx_word' id='word_1_81' title='bbox 1659 700 1916 745; x_wconf 87' lang='lat' dir='ltr'>productorum</span> <span class='ocrx_word' id='word_1_82' title='bbox 1940 702 1995 734; x_wconf 88' lang='lat' dir='ltr'>vel</span> <span class='ocrx_word' id='word_1_83' title='bbox 2018 714 2100 746; x_wconf 86' lang='lat' dir='ltr'>pro-</span> 
     </span>
     <span class='ocr_line' id='line_1_8' title="bbox 239 767 2098 811; baseline -0.001 -9"><span class='ocrx_word' id='word_1_84' title='bbox 239 769 487 802; x_wconf 88' lang='lat' dir='ltr'>ducendorum</span> <span class='ocrx_word' id='word_1_85' title='bbox 509 769 546 801; x_wconf 89' lang='lat' dir='ltr'>in</span> <span class='ocrx_word' id='word_1_86' title='bbox 567 769 725 802; x_wconf 91' lang='lat' dir='ltr'>futurum</span> <span class='ocrx_word' id='word_1_87' title='bbox 742 769 874 802; x_wconf 84' lang='lat' dir='ltr'>virtute</span> <span class='ocrx_word' id='word_1_88' title='bbox 895 768 1116 801; x_wconf 89' lang='lat' dir='ltr'>assercionis</span> <span class='ocrx_word' id='word_1_89' title='bbox 1137 767 1329 808; x_wconf 86' lang='lat' dir='ltr'>antedicte,</span> <span class='ocrx_word' id='word_1_90' title='bbox 1348 767 1519 811; x_wconf 87' lang='lat' dir='ltr'>quodque</span> <span class='ocrx_word' id='word_1_91' title='bbox 1539 779 1557 799; x_wconf 89' lang='lat' dir='ltr'>a</span> <span class='ocrx_word' id='word_1_92' title='bbox 1579 767 1769 811; x_wconf 77' lang='lat' dir='ltr'>premissis</span> <span class='ocrx_word' id='word_1_93' title='bbox 1786 779 1859 799; x_wconf 92' lang='lat' dir='ltr'>non</span> <span class='ocrx_word' id='word_1_94' title='bbox 1881 768 2098 808; x_wconf 87' lang='lat' dir='ltr'>recedendo,</span> 
     </span>
     <span class='ocr_line' id='line_1_9' title="bbox 239 833 2099 881; baseline -0.001 -12"><span class='ocrx_word' id='word_1_95' title='bbox 239 836 304 869; x_wconf 92' lang='lat' dir='ltr'>sed</span> <span class='ocrx_word' id='word_1_96' title='bbox 332 847 443 881; x_wconf 87' lang='lat' dir='ltr'>super</span> <span class='ocrx_word' id='word_1_97' title='bbox 463 836 515 869; x_wconf 90' lang='lat' dir='ltr'>eis</span> <span class='ocrx_word' id='word_1_98' title='bbox 544 836 711 881; x_wconf 89' lang='lat' dir='ltr'>primitus</span> <span class='ocrx_word' id='word_1_99' title='bbox 739 842 774 868; x_wconf 88' lang='lat' dir='ltr'>et</span> <span class='ocrx_word' id='word_1_100' title='bbox 798 842 879 868; x_wconf 90' lang='lat' dir='ltr'>ante</span> <span class='ocrx_word' id='word_1_101' title='bbox 900 835 1019 867; x_wconf 90' lang='lat' dir='ltr'>omnia</span> <span class='ocrx_word' id='word_1_102' title='bbox 1046 834 1189 867; x_wconf 92' lang='lat' dir='ltr'>reddito</span> <span class='ocrx_word' id='word_1_103' title='bbox 1217 833 1287 867; x_wconf 91' lang='lat' dir='ltr'>sibi</span> <span class='ocrx_word' id='word_1_104' title='bbox 1319 835 1397 878; x_wconf 80' lang='lat' dir='ltr'>jure</span> <span class='ocrx_word' id='word_1_105' title='bbox 1425 834 1468 866; x_wconf 92' lang='lat' dir='ltr'>ad</span> <span class='ocrx_word' id='word_1_106' title='bbox 1499 833 1620 875; x_wconf 90' lang='lat' dir='ltr'>finem,</span> <span class='ocrx_word' id='word_1_107' title='bbox 1643 833 1739 878; x_wconf 92' lang='lat' dir='ltr'>quod</span> <span class='ocrx_word' id='word_1_108' title='bbox 1771 845 1835 878; x_wconf 89' lang='lat' dir='ltr'>per</span> <span class='ocrx_word' id='word_1_109' title='bbox 1855 846 1920 867; x_wconf 87' lang='lat' dir='ltr'>vos</span> <span class='ocrx_word' id='word_1_110' title='bbox 1948 834 2099 875; x_wconf 88' lang='lat' dir='ltr'>dicatur,</span> 
     </span>
     <span class='ocr_line' id='line_1_10' title="bbox 239 899 2100 947; baseline -0.001 -12"><span class='ocrx_word' id='word_1_111' title='bbox 239 902 465 943; x_wconf 69' lang='lat' dir='ltr'>decernatur,</span> <span class='ocrx_word' id='word_1_112' title='bbox 489 902 750 947; x_wconf 90' lang='lat' dir='ltr'>pronuncietur</span> <span class='ocrx_word' id='word_1_113' title='bbox 771 908 803 934; x_wconf 90' lang='lat' dir='ltr'>et</span> <span class='ocrx_word' id='word_1_114' title='bbox 826 901 1041 941; x_wconf 69' lang='lat' dir='ltr'>declaretur,</span> <span class='ocrx_word' id='word_1_115' title='bbox 1065 901 1247 945; x_wconf 88' lang='lat' dir='ltr'>predictos</span> <span class='ocrx_word' id='word_1_116' title='bbox 1269 907 1408 933; x_wconf 83' lang='lat' dir='ltr'>actores</span> <span class='ocrx_word' id='word_1_117' title='bbox 1430 900 1466 932; x_wconf 93' lang='lat' dir='ltr'>in</span> <span class='ocrx_word' id='word_1_118' title='bbox 1487 899 1551 932; x_wconf 89' lang='lat' dir='ltr'>hac</span> <span class='ocrx_word' id='word_1_119' title='bbox 1573 912 1679 932; x_wconf 86' lang='lat' dir='ltr'>causa</span> <span class='ocrx_word' id='word_1_120' title='bbox 1700 912 1817 932; x_wconf 88' lang='lat' dir='ltr'>coram</span> <span class='ocrx_word' id='word_1_121' title='bbox 1839 900 1945 933; x_wconf 89' lang='lat' dir='ltr'>vobis</span> <span class='ocrx_word' id='word_1_122' title='bbox 1966 907 2100 933; x_wconf 88' lang='lat' dir='ltr'>temere</span> 
     </span>
     <span class='ocr_line' id='line_1_11' title="bbox 238 967 2101 1014; baseline -0.001 -12"><span class='ocrx_word' id='word_1_123' title='bbox 238 969 478 1014; x_wconf 73' lang='lat' dir='ltr'>processisse,</span> <span class='ocrx_word' id='word_1_124' title='bbox 502 969 710 1013; x_wconf 90' lang='lat' dir='ltr'>dictumque</span> <span class='ocrx_word' id='word_1_125' title='bbox 731 968 985 1001; x_wconf 85' lang='lat' dir='ltr'>cancellarium</span> <span class='ocrx_word' id='word_1_126' title='bbox 1007 968 1050 1000; x_wconf 89' lang='lat' dir='ltr'>ad</span> <span class='ocrx_word' id='word_1_127' title='bbox 1072 967 1283 1000; x_wconf 80' lang='lat' dir='ltr'>instanciam</span> <span class='ocrx_word' id='word_1_128' title='bbox 1307 967 1504 999; x_wconf 86' lang='lat' dir='ltr'>eorundem</span> <span class='ocrx_word' id='word_1_129' title='bbox 1527 973 1685 999; x_wconf 88' lang='lat' dir='ltr'>actorum</span> <span class='ocrx_word' id='word_1_130' title='bbox 1711 973 1844 999; x_wconf 84' lang='lat' dir='ltr'>temere</span> <span class='ocrx_word' id='word_1_131' title='bbox 1866 967 1979 999; x_wconf 85' lang='lat' dir='ltr'>fuisse</span> <span class='ocrx_word' id='word_1_132' title='bbox 1997 979 2101 1000; x_wconf 89' lang='lat' dir='ltr'>voca-</span> 
     </span>
     <span class='ocr_line' id='line_1_12' title="bbox 238 1033 2100 1078; baseline -0.001 -10"><span class='ocrx_word' id='word_1_133' title='bbox 238 1042 312 1069; x_wconf 90' lang='lat' dir='ltr'>tum</span> <span class='ocrx_word' id='word_1_134' title='bbox 334 1043 368 1068; x_wconf 92' lang='lat' dir='ltr'>et</span> <span class='ocrx_word' id='word_1_135' title='bbox 389 1036 533 1068; x_wconf 88' lang='lat' dir='ltr'>citatum</span> <span class='ocrx_word' id='word_1_136' title='bbox 555 1035 598 1068; x_wconf 89' lang='lat' dir='ltr'>ad</span> <span class='ocrx_word' id='word_1_137' title='bbox 618 1035 814 1068; x_wconf 91' lang='lat' dir='ltr'>videndum</span> <span class='ocrx_word' id='word_1_138' title='bbox 837 1041 872 1067; x_wconf 91' lang='lat' dir='ltr'>et</span> <span class='ocrx_word' id='word_1_139' title='bbox 891 1034 1111 1067; x_wconf 89' lang='lat' dir='ltr'>audiendum</span> <span class='ocrx_word' id='word_1_140' title='bbox 1132 1034 1245 1078; x_wconf 88' lang='lat' dir='ltr'>recipi</span> <span class='ocrx_word' id='word_1_141' title='bbox 1266 1040 1379 1066; x_wconf 81' lang='lat' dir='ltr'>testes</span> <span class='ocrx_word' id='word_1_142' title='bbox 1400 1040 1435 1066; x_wconf 91' lang='lat' dir='ltr'>et</span> <span class='ocrx_word' id='word_1_143' title='bbox 1449 1034 1573 1077; x_wconf 86' lang='lat' dir='ltr'>jurare</span> <span class='ocrx_word' id='word_1_144' title='bbox 1595 1045 1706 1078; x_wconf 88' lang='lat' dir='ltr'>super</span> <span class='ocrx_word' id='word_1_145' title='bbox 1724 1034 1904 1077; x_wconf 88' lang='lat' dir='ltr'>pretensis</span> <span class='ocrx_word' id='word_1_146' title='bbox 1926 1033 2100 1067; x_wconf 83' lang='lat' dir='ltr'>abusibus</span> 
     </span>
     <span class='ocr_line' id='line_1_13' title="bbox 239 1099 2101 1146; baseline -0.001 -11"><span class='ocrx_word' id='word_1_147' title='bbox 239 1108 273 1135; x_wconf 88' lang='lat' dir='ltr'>et</span> <span class='ocrx_word' id='word_1_148' title='bbox 294 1102 506 1135; x_wconf 87' lang='lat' dir='ltr'>excessibus</span> <span class='ocrx_word' id='word_1_149' title='bbox 527 1102 730 1140; x_wconf 83' lang='lat' dir='ltr'>antedictis,</span> <span class='ocrx_word' id='word_1_150' title='bbox 753 1101 942 1146; x_wconf 89' lang='lat' dir='ltr'>dictosque</span> <span class='ocrx_word' id='word_1_151' title='bbox 963 1108 1104 1134; x_wconf 87' lang='lat' dir='ltr'>actores</span> <span class='ocrx_word' id='word_1_152' title='bbox 1125 1101 1274 1133; x_wconf 88' lang='lat' dir='ltr'>eandem</span> <span class='ocrx_word' id='word_1_153' title='bbox 1298 1100 1501 1133; x_wconf 85' lang='lat' dir='ltr'>citationem</span> <span class='ocrx_word' id='word_1_154' title='bbox 1525 1106 1659 1132; x_wconf 89' lang='lat' dir='ltr'>temere</span> <span class='ocrx_word' id='word_1_155' title='bbox 1687 1099 1890 1133; x_wconf 87' lang='lat' dir='ltr'>obtinuisse</span> <span class='ocrx_word' id='word_1_156' title='bbox 1912 1107 1944 1133; x_wconf 91' lang='lat' dir='ltr'>et</span> <span class='ocrx_word' id='word_1_157' title='bbox 1971 1113 2101 1134; x_wconf 91' lang='lat' dir='ltr'>execu-</span> 
     </span>
     <span class='ocr_line' id='line_1_14' title="bbox 237 1166 2100 1213; baseline -0.001 -12"><span class='ocrx_word' id='word_1_158' title='bbox 237 1169 334 1201; x_wconf 88' lang='lat' dir='ltr'>cioni</span> <span class='ocrx_word' id='word_1_159' title='bbox 355 1168 605 1210; x_wconf 87' lang='lat' dir='ltr'>demandasse,</span> <span class='ocrx_word' id='word_1_160' title='bbox 631 1169 728 1213; x_wconf 93' lang='lat' dir='ltr'>quod</span> <span class='ocrx_word' id='word_1_161' title='bbox 750 1169 868 1210; x_wconf 77' lang='lat' dir='ltr'>etiam,</span> <span class='ocrx_word' id='word_1_162' title='bbox 893 1175 1081 1212; x_wconf 88' lang='lat' dir='ltr'>antequam</span> <span class='ocrx_word' id='word_1_163' title='bbox 1104 1168 1147 1200; x_wconf 87' lang='lat' dir='ltr'>ad</span> <span class='ocrx_word' id='word_1_164' title='bbox 1167 1167 1320 1212; x_wconf 84' lang='lat' dir='ltr'>aliquam</span> <span class='ocrx_word' id='word_1_165' title='bbox 1344 1167 1488 1200; x_wconf 89' lang='lat' dir='ltr'>testium</span> <span class='ocrx_word' id='word_1_166' title='bbox 1517 1167 1760 1211; x_wconf 84' lang='lat' dir='ltr'>receptionem</span> <span class='ocrx_word' id='word_1_167' title='bbox 1783 1166 1839 1199; x_wconf 90' lang='lat' dir='ltr'>vel</span> <span class='ocrx_word' id='word_1_168' title='bbox 1861 1167 2100 1200; x_wconf 84' lang='lat' dir='ltr'>examinacio-</span> 
     </span>
     <span class='ocr_line' id='line_1_15' title="bbox 238 1233 2100 1280; baseline -0.001 -12"><span class='ocrx_word' id='word_1_169' title='bbox 238 1247 319 1268; x_wconf 90' lang='lat' dir='ltr'>nem</span> <span class='ocrx_word' id='word_1_170' title='bbox 351 1247 462 1280; x_wconf 89' lang='lat' dir='ltr'>super</span> <span class='ocrx_word' id='word_1_171' title='bbox 482 1236 654 1280; x_wconf 89' lang='lat' dir='ltr'>predictis</span> <span class='ocrx_word' id='word_1_172' title='bbox 685 1235 860 1268; x_wconf 85' lang='lat' dir='ltr'>abusibus</span> <span class='ocrx_word' id='word_1_173' title='bbox 880 1235 937 1268; x_wconf 89' lang='lat' dir='ltr'>vel</span> <span class='ocrx_word' id='word_1_174' title='bbox 966 1234 1177 1267; x_wconf 87' lang='lat' dir='ltr'>excessibus</span> <span class='ocrx_word' id='word_1_175' title='bbox 1207 1234 1425 1279; x_wconf 83' lang='lat' dir='ltr'>procedatis,</span> <span class='ocrx_word' id='word_1_176' title='bbox 1457 1233 1572 1278; x_wconf 89' lang='lat' dir='ltr'>primo</span> <span class='ocrx_word' id='word_1_177' title='bbox 1603 1240 1635 1266; x_wconf 89' lang='lat' dir='ltr'>et</span> <span class='ocrx_word' id='word_1_178' title='bbox 1666 1241 1747 1266; x_wconf 86' lang='lat' dir='ltr'>ante</span> <span class='ocrx_word' id='word_1_179' title='bbox 1774 1234 1893 1266; x_wconf 85' lang='lat' dir='ltr'>onmia</span> <span class='ocrx_word' id='word_1_180' title='bbox 1914 1241 2008 1267; x_wconf 86' lang='lat' dir='ltr'>certa</span> <span class='ocrx_word' id='word_1_181' title='bbox 2036 1246 2100 1279; x_wconf 88' lang='lat' dir='ltr'>per</span> 
     </span>
     <span class='ocr_line' id='line_1_16' title="bbox 238 1300 2098 1346; baseline -0.001 -12"><span class='ocrx_word' id='word_1_182' title='bbox 238 1302 355 1335; x_wconf 89' lang='lat' dir='ltr'>dictos</span> <span class='ocrx_word' id='word_1_183' title='bbox 385 1308 524 1335; x_wconf 87' lang='lat' dir='ltr'>actores</span> <span class='ocrx_word' id='word_1_184' title='bbox 554 1308 757 1346; x_wconf 84' lang='lat' dir='ltr'>attemptata</span> <span class='ocrx_word' id='word_1_185' title='bbox 788 1314 852 1346; x_wconf 92' lang='lat' dir='ltr'>per</span> <span class='ocrx_word' id='word_1_186' title='bbox 876 1313 941 1334; x_wconf 92' lang='lat' dir='ltr'>vos</span> <span class='ocrx_word' id='word_1_187' title='bbox 972 1313 1035 1346; x_wconf 91' lang='lat' dir='ltr'>per</span> <span class='ocrx_word' id='word_1_188' title='bbox 1065 1301 1210 1333; x_wconf 90' lang='lat' dir='ltr'>modum</span> <span class='ocrx_word' id='word_1_189' title='bbox 1242 1301 1439 1345; x_wconf 88' lang='lat' dir='ltr'>attemptati</span> <span class='ocrx_word' id='word_1_190' title='bbox 1470 1300 1603 1333; x_wconf 88' lang='lat' dir='ltr'>debere</span> <span class='ocrx_word' id='word_1_191' title='bbox 1635 1301 1807 1339; x_wconf 83' lang='lat' dir='ltr'>revocari,</span> <span class='ocrx_word' id='word_1_192' title='bbox 1842 1301 1878 1332; x_wconf 93' lang='lat' dir='ltr'>in</span> <span class='ocrx_word' id='word_1_193' title='bbox 1907 1301 2098 1345; x_wconf 88' lang='lat' dir='ltr'>pristinum</span> 
     </span>
     <span class='ocr_line' id='line_1_17' title="bbox 237 1367 2100 1413; baseline -0.001 -12"><span class='ocrx_word' id='word_1_194' title='bbox 237 1375 365 1402; x_wconf 89' lang='lat' dir='ltr'>statum</span> <span class='ocrx_word' id='word_1_195' title='bbox 388 1369 526 1409; x_wconf 87' lang='lat' dir='ltr'>reduci,</span> <span class='ocrx_word' id='word_1_196' title='bbox 550 1375 584 1401; x_wconf 90' lang='lat' dir='ltr'>et</span> <span class='ocrx_word' id='word_1_197' title='bbox 611 1369 662 1401; x_wconf 89' lang='lat' dir='ltr'>sic</span> <span class='ocrx_word' id='word_1_198' title='bbox 692 1380 755 1413; x_wconf 87' lang='lat' dir='ltr'>per</span> <span class='ocrx_word' id='word_1_199' title='bbox 780 1379 844 1401; x_wconf 89' lang='lat' dir='ltr'>vos</span> <span class='ocrx_word' id='word_1_200' title='bbox 874 1368 1040 1413; x_wconf 89' lang='lat' dir='ltr'>primitus</span> <span class='ocrx_word' id='word_1_201' title='bbox 1061 1375 1096 1400; x_wconf 89' lang='lat' dir='ltr'>et</span> <span class='ocrx_word' id='word_1_202' title='bbox 1117 1374 1197 1400; x_wconf 87' lang='lat' dir='ltr'>ante</span> <span class='ocrx_word' id='word_1_203' title='bbox 1221 1368 1339 1400; x_wconf 88' lang='lat' dir='ltr'>onmia</span> <span class='ocrx_word' id='word_1_204' title='bbox 1368 1374 1596 1407; x_wconf 81' lang='lat' dir='ltr'>revocentur,</span> <span class='ocrx_word' id='word_1_205' title='bbox 1619 1367 1661 1399; x_wconf 89' lang='lat' dir='ltr'>ad</span> <span class='ocrx_word' id='word_1_206' title='bbox 1690 1374 1817 1399; x_wconf 89' lang='lat' dir='ltr'>statum</span> <span class='ocrx_word' id='word_1_207' title='bbox 1848 1368 2039 1412; x_wconf 90' lang='lat' dir='ltr'>pristinum</span> <span class='ocrx_word' id='word_1_208' title='bbox 2067 1375 2100 1400; x_wconf 90' lang='lat' dir='ltr'>et</span> 
     </span>
     <span class='ocr_line' id='line_1_18' title="bbox 237 1435 951 1480; baseline 0 -13"><span class='ocrx_word' id='word_1_209' title='bbox 237 1435 396 1468; x_wconf 88' lang='lat' dir='ltr'>debitum</span> <span class='ocrx_word' id='word_1_210' title='bbox 420 1435 639 1468; x_wconf 87' lang='lat' dir='ltr'>reducantur</span> <span class='ocrx_word' id='word_1_211' title='bbox 659 1442 692 1468; x_wconf 92' lang='lat' dir='ltr'>et</span> <span class='ocrx_word' id='word_1_212' title='bbox 715 1442 951 1480; x_wconf 80' lang='lat' dir='ltr'>reponantur3</span> 
     </span>
    </p>

    <p class='ocr_par' dir='ltr' id='par_1_3' title="bbox 233 1500 2100 2547">
     <span class='ocr_line' id='line_1_19' title="bbox 325 1500 2100 1546; baseline -0.001 -12"><span class='ocrx_word' id='word_1_213' title='bbox 325 1502 465 1534; x_wconf 91' lang='lat' dir='ltr'>Deinde</span> <span class='ocrx_word' id='word_1_214' title='bbox 486 1502 590 1534; x_wconf 85' lang='lat' dir='ltr'>etiam</span> <span class='ocrx_word' id='word_1_215' title='bbox 613 1509 801 1546; x_wconf 84' lang='lat' dir='ltr'>antequam</span> <span class='ocrx_word' id='word_1_216' title='bbox 828 1502 872 1534; x_wconf 83' lang='lat' dir='ltr'>ad</span> <span class='ocrx_word' id='word_1_217' title='bbox 902 1501 1147 1546; x_wconf 88' lang='lat' dir='ltr'>predictorum</span> <span class='ocrx_word' id='word_1_218' title='bbox 1175 1502 1319 1534; x_wconf 90' lang='lat' dir='ltr'>testium</span> <span class='ocrx_word' id='word_1_219' title='bbox 1346 1501 1597 1545; x_wconf 88' lang='lat' dir='ltr'>recepcionem</span> <span class='ocrx_word' id='word_1_220' title='bbox 1625 1500 1681 1533; x_wconf 89' lang='lat' dir='ltr'>vel</span> <span class='ocrx_word' id='word_1_221' title='bbox 1709 1501 2014 1533; x_wconf 88' lang='lat' dir='ltr'>examinacionem</span> <span class='ocrx_word' id='word_1_222' title='bbox 2036 1501 2100 1533; x_wconf 90' lang='lat' dir='ltr'>ali-</span> 
     </span>
     <span class='ocr_line' id='line_1_20' title="bbox 237 1567 2100 1612; baseline -0.001 -12"><span class='ocrx_word' id='word_1_223' title='bbox 237 1568 376 1612; x_wconf 84' lang='lat' dir='ltr'>qualem</span> <span class='ocrx_word' id='word_1_224' title='bbox 413 1580 476 1601; x_wconf 89' lang='lat' dir='ltr'>seu</span> <span class='ocrx_word' id='word_1_225' title='bbox 516 1568 811 1601; x_wconf 87' lang='lat' dir='ltr'>informacionem</span> <span class='ocrx_word' id='word_1_226' title='bbox 846 1568 903 1601; x_wconf 87' lang='lat' dir='ltr'>vel</span> <span class='ocrx_word' id='word_1_227' title='bbox 938 1568 1217 1612; x_wconf 87' lang='lat' dir='ltr'>inquisicionem</span> <span class='ocrx_word' id='word_1_228' title='bbox 1253 1579 1504 1612; x_wconf 87' lang='lat' dir='ltr'>quamcunque</span> <span class='ocrx_word' id='word_1_229' title='bbox 1541 1574 1794 1612; x_wconf 88' lang='lat' dir='ltr'>pretensorum</span> <span class='ocrx_word' id='word_1_230' title='bbox 1830 1567 2007 1599; x_wconf 89' lang='lat' dir='ltr'>abusuum</span> <span class='ocrx_word' id='word_1_231' title='bbox 2043 1568 2100 1600; x_wconf 92' lang='lat' dir='ltr'>vel</span> 
     </span>
     <span class='ocr_line' id='line_1_21' title="bbox 236 1634 2098 1679; baseline 0 -12"><span class='ocrx_word' id='word_1_232' title='bbox 236 1645 450 1667; x_wconf 88' lang='lat' dir='ltr'>excessuum</span> <span class='ocrx_word' id='word_1_233' title='bbox 484 1635 726 1679; x_wconf 87' lang='lat' dir='ltr'>predictorum</span> <span class='ocrx_word' id='word_1_234' title='bbox 755 1635 973 1679; x_wconf 90' lang='lat' dir='ltr'>procedatis,</span> <span class='ocrx_word' id='word_1_235' title='bbox 1002 1635 1169 1679; x_wconf 90' lang='lat' dir='ltr'>primitus</span> <span class='ocrx_word' id='word_1_236' title='bbox 1197 1647 1261 1679; x_wconf 82' lang='lat' dir='ltr'>per</span> <span class='ocrx_word' id='word_1_237' title='bbox 1281 1646 1345 1667; x_wconf 92' lang='lat' dir='ltr'>vos</span> <span class='ocrx_word' id='word_1_238' title='bbox 1376 1634 1632 1679; x_wconf 88' lang='lat' dir='ltr'>inquirendum</span> <span class='ocrx_word' id='word_1_239' title='bbox 1665 1646 1747 1666; x_wconf 86' lang='lat' dir='ltr'>esse</span> <span class='ocrx_word' id='word_1_240' title='bbox 1776 1641 1809 1666; x_wconf 90' lang='lat' dir='ltr'>et</span> <span class='ocrx_word' id='word_1_241' title='bbox 1837 1634 1971 1678; x_wconf 86' lang='lat' dir='ltr'>inquiri</span> <span class='ocrx_word' id='word_1_242' title='bbox 2003 1646 2098 1670; x_wconf 79' lang='lat' dir='ltr'>esse,</span> 
     </span>
     <span class='ocr_line' id='line_1_22' title="bbox 236 1701 2100 1746; baseline 0 -12"><span class='ocrx_word' id='word_1_243' title='bbox 236 1713 316 1734; x_wconf 91' lang='lat' dir='ltr'>cum</span> <span class='ocrx_word' id='word_1_244' title='bbox 338 1701 457 1734; x_wconf 90' lang='lat' dir='ltr'>debita</span> <span class='ocrx_word' id='word_1_245' title='bbox 478 1713 586 1734; x_wconf 87' lang='lat' dir='ltr'>cause</span> <span class='ocrx_word' id='word_1_246' title='bbox 607 1702 822 1746; x_wconf 83' lang='lat' dir='ltr'>cognicione</span> <span class='ocrx_word' id='word_1_247' title='bbox 844 1702 880 1734; x_wconf 93' lang='lat' dir='ltr'>in</span> <span class='ocrx_word' id='word_1_248' title='bbox 903 1701 1033 1734; x_wconf 88' lang='lat' dir='ltr'>talibus</span> <span class='ocrx_word' id='word_1_249' title='bbox 1055 1702 1241 1746; x_wconf 89' lang='lat' dir='ltr'>requisita,</span> <span class='ocrx_word' id='word_1_250' title='bbox 1264 1702 1307 1734; x_wconf 91' lang='lat' dir='ltr'>de</span> <span class='ocrx_word' id='word_1_251' title='bbox 1330 1708 1365 1734; x_wconf 87' lang='lat' dir='ltr'>et</span> <span class='ocrx_word' id='word_1_252' title='bbox 1385 1713 1495 1746; x_wconf 86' lang='lat' dir='ltr'>super</span> <span class='ocrx_word' id='word_1_253' title='bbox 1520 1701 1613 1733; x_wconf 86' lang='lat' dir='ltr'>bona</span> <span class='ocrx_word' id='word_1_254' title='bbox 1643 1702 1733 1733; x_wconf 85' lang='lat' dir='ltr'>sama</span> <span class='ocrx_word' id='word_1_255' title='bbox 1762 1712 1825 1733; x_wconf 87' lang='lat' dir='ltr'>seu</span> <span class='ocrx_word' id='word_1_256' title='bbox 1854 1701 1997 1733; x_wconf 82' lang='lat' dir='ltr'>infamia</span> <span class='ocrx_word' id='word_1_257' title='bbox 2020 1713 2100 1746; x_wconf 88' lang='lat' dir='ltr'>pre—</span> 
     </span>
     <span class='ocr_line' id='line_1_23' title="bbox 236 1768 2100 1813; baseline 0 -13"><span class='ocrx_word' id='word_1_258' title='bbox 236 1768 322 1801; x_wconf 83' lang='lat' dir='ltr'>dicti</span> <span class='ocrx_word' id='word_1_259' title='bbox 342 1768 559 1809; x_wconf 81' lang='lat' dir='ltr'>cancellarii,</span> <span class='ocrx_word' id='word_1_260' title='bbox 582 1769 618 1801; x_wconf 91' lang='lat' dir='ltr'>in</span> <span class='ocrx_word' id='word_1_261' title='bbox 640 1768 813 1813; x_wconf 85' lang='lat' dir='ltr'>predictis</span> <span class='ocrx_word' id='word_1_262' title='bbox 834 1768 1016 1809; x_wconf 88' lang='lat' dir='ltr'>videlicet,</span> <span class='ocrx_word' id='word_1_263' title='bbox 1039 1780 1082 1801; x_wconf 87' lang='lat' dir='ltr'>an</span> <span class='ocrx_word' id='word_1_264' title='bbox 1099 1780 1209 1813; x_wconf 89' lang='lat' dir='ltr'>super</span> <span class='ocrx_word' id='word_1_265' title='bbox 1225 1768 1434 1812; x_wconf 86' lang='lat' dir='ltr'>hujusmodi</span> <span class='ocrx_word' id='word_1_266' title='bbox 1457 1768 1639 1813; x_wconf 88' lang='lat' dir='ltr'>pretensis</span> <span class='ocrx_word' id='word_1_267' title='bbox 1656 1768 1831 1800; x_wconf 87' lang='lat' dir='ltr'>abusibus</span> <span class='ocrx_word' id='word_1_268' title='bbox 1850 1768 1925 1801; x_wconf 92' lang='lat' dir='ltr'>sive</span> <span class='ocrx_word' id='word_1_269' title='bbox 1942 1769 2100 1801; x_wconf 88' lang='lat' dir='ltr'>excessi-</span> 
     </span>
     <span class='ocr_line' id='line_1_24' title="bbox 235 1834 2098 1879; baseline 0.001 -12"><span class='ocrx_word' id='word_1_270' title='bbox 235 1834 304 1867; x_wconf 87' lang='lat' dir='ltr'>bus</span> <span class='ocrx_word' id='word_1_271' title='bbox 326 1835 372 1867; x_wconf 87' lang='lat' dir='ltr'>sit</span> <span class='ocrx_word' id='word_1_272' title='bbox 391 1834 448 1867; x_wconf 91' lang='lat' dir='ltr'>vel</span> <span class='ocrx_word' id='word_1_273' title='bbox 467 1835 575 1867; x_wconf 87' lang='lat' dir='ltr'>fuerit</span> <span class='ocrx_word' id='word_1_274' title='bbox 596 1835 689 1867; x_wconf 90' lang='lat' dir='ltr'>idem</span> <span class='ocrx_word' id='word_1_275' title='bbox 708 1835 945 1868; x_wconf 89' lang='lat' dir='ltr'>cancellarius</span> <span class='ocrx_word' id='word_1_276' title='bbox 967 1835 1169 1868; x_wconf 82' lang='lat' dir='ltr'>diffamatus</span> <span class='ocrx_word' id='word_1_277' title='bbox 1191 1835 1251 1868; x_wconf 89' lang='lat' dir='ltr'>tali</span> <span class='ocrx_word' id='word_1_278' title='bbox 1273 1835 1430 1872; x_wconf 88' lang='lat' dir='ltr'>infamia,</span> <span class='ocrx_word' id='word_1_279' title='bbox 1444 1847 1513 1879; x_wconf 87' lang='lat' dir='ltr'>que</span> <span class='ocrx_word' id='word_1_280' title='bbox 1533 1839 1574 1875; x_wconf 86' lang='lat' dir='ltr'>[a]</span> <span class='ocrx_word' id='word_1_281' title='bbox 1592 1835 1680 1867; x_wconf 83' lang='lat' dir='ltr'>viris</span> <span class='ocrx_word' id='word_1_282' title='bbox 1702 1835 1864 1879; x_wconf 88' lang='lat' dir='ltr'>providis</span> <span class='ocrx_word' id='word_1_283' title='bbox 1880 1842 1912 1867; x_wconf 91' lang='lat' dir='ltr'>et</span> <span class='ocrx_word' id='word_1_284' title='bbox 1935 1834 2098 1868; x_wconf 89' lang='lat' dir='ltr'>honestis</span> 
     </span>
     <span class='ocr_line' id='line_1_25' title="bbox 236 1901 2096 1947; baseline 0 -14"><span class='ocrx_word' id='word_1_285' title='bbox 236 1901 435 1946; x_wconf 86' lang='lat' dir='ltr'>proveniat,</span> <span class='ocrx_word' id='word_1_286' title='bbox 458 1913 531 1934; x_wconf 92' lang='lat' dir='ltr'>non</span> <span class='ocrx_word' id='word_1_287' title='bbox 552 1901 595 1934; x_wconf 91' lang='lat' dir='ltr'>ab</span> <span class='ocrx_word' id='word_1_288' title='bbox 621 1902 751 1934; x_wconf 89' lang='lat' dir='ltr'>emulis</span> <span class='ocrx_word' id='word_1_289' title='bbox 779 1902 894 1947; x_wconf 89' lang='lat' dir='ltr'>ipsius</span> <span class='ocrx_word' id='word_1_290' title='bbox 923 1901 1188 1935; x_wconf 86' lang='lat' dir='ltr'>detractoribus</span> <span class='ocrx_word' id='word_1_291' title='bbox 1209 1909 1268 1934; x_wconf 86' lang='lat' dir='ltr'>aut</span> <span class='ocrx_word' id='word_1_292' title='bbox 1296 1901 1474 1934; x_wconf 90' lang='lat' dir='ltr'>malivolis</span> <span class='ocrx_word' id='word_1_293' title='bbox 1495 1901 1552 1934; x_wconf 90' lang='lat' dir='ltr'>vel</span> <span class='ocrx_word' id='word_1_294' title='bbox 1578 1902 1682 1934; x_wconf 88' lang='lat' dir='ltr'>etiam</span> <span class='ocrx_word' id='word_1_295' title='bbox 1708 1902 1879 1938; x_wconf 81' lang='lat' dir='ltr'>inimicis,</span> <span class='ocrx_word' id='word_1_296' title='bbox 1907 1913 1970 1933; x_wconf 85' lang='lat' dir='ltr'>seu</span> <span class='ocrx_word' id='word_1_297' title='bbox 1993 1902 2096 1934; x_wconf 90' lang='lat' dir='ltr'>etiam</span> 
     </span>
     <span class='ocr_line' id='line_1_26' title="bbox 236 1968 2098 2014; baseline -0.001 -13"><span class='ocrx_word' id='word_1_298' title='bbox 236 1975 402 2012; x_wconf 86' lang='lat' dir='ltr'>repertus</span> <span class='ocrx_word' id='word_1_299' title='bbox 434 1968 542 2001; x_wconf 85' lang='lat' dir='ltr'>fuerit</span> <span class='ocrx_word' id='word_1_300' title='bbox 569 1968 663 2001; x_wconf 92' lang='lat' dir='ltr'>bone</span> <span class='ocrx_word' id='word_1_301' title='bbox 695 1969 786 2001; x_wconf 88' lang='lat' dir='ltr'>same</span> <span class='ocrx_word' id='word_1_302' title='bbox 814 1975 874 2001; x_wconf 90' lang='lat' dir='ltr'>aut</span> <span class='ocrx_word' id='word_1_303' title='bbox 903 1980 975 2001; x_wconf 91' lang='lat' dir='ltr'>non</span> <span class='ocrx_word' id='word_1_304' title='bbox 1007 1969 1115 2008; x_wconf 63' lang='lat' dir='ltr'>male,</span> <span class='ocrx_word' id='word_1_305' title='bbox 1150 1969 1391 2014; x_wconf 85' lang='lat' dir='ltr'>primitusque</span> <span class='ocrx_word' id='word_1_306' title='bbox 1418 1976 1452 2001; x_wconf 89' lang='lat' dir='ltr'>et</span> <span class='ocrx_word' id='word_1_307' title='bbox 1480 1975 1669 2013; x_wconf 83' lang='lat' dir='ltr'>antequam</span> <span class='ocrx_word' id='word_1_308' title='bbox 1698 1969 1740 2001; x_wconf 87' lang='lat' dir='ltr'>ad</span> <span class='ocrx_word' id='word_1_309' title='bbox 1769 1969 1896 2000; x_wconf 86' lang='lat' dir='ltr'>dictam</span> <span class='ocrx_word' id='word_1_310' title='bbox 1929 1969 2098 2000; x_wconf 87' lang='lat' dir='ltr'>informa-</span> 
     </span>
     <span class='ocr_line' id='line_1_27' title="bbox 234 2034 2098 2080; baseline -0.001 -13"><span class='ocrx_word' id='word_1_311' title='bbox 234 2034 375 2067; x_wconf 85' lang='lat' dir='ltr'>cionem</span> <span class='ocrx_word' id='word_1_312' title='bbox 398 2046 461 2067; x_wconf 90' lang='lat' dir='ltr'>seu</span> <span class='ocrx_word' id='word_1_313' title='bbox 484 2035 763 2079; x_wconf 87' lang='lat' dir='ltr'>inquisicionem</span> <span class='ocrx_word' id='word_1_314' title='bbox 786 2035 976 2080; x_wconf 87' lang='lat' dir='ltr'>aliqualem</span> <span class='ocrx_word' id='word_1_315' title='bbox 1000 2036 1243 2080; x_wconf 89' lang='lat' dir='ltr'>predictorum</span> <span class='ocrx_word' id='word_1_316' title='bbox 1267 2042 1520 2080; x_wconf 87' lang='lat' dir='ltr'>pretensorum</span> <span class='ocrx_word' id='word_1_317' title='bbox 1547 2035 1725 2068; x_wconf 86' lang='lat' dir='ltr'>abusuum</span> <span class='ocrx_word' id='word_1_318' title='bbox 1752 2035 1981 2079; x_wconf 84' lang='lat' dir='ltr'>procedatur,</span> <span class='ocrx_word' id='word_1_319' title='bbox 2004 2035 2098 2079; x_wconf 72' lang='lat' dir='ltr'>capi-</span> 
     </span>
     <span class='ocr_line' id='line_1_28' title="bbox 235 2100 2098 2147; baseline 0 -14"><span class='ocrx_word' id='word_1_320' title='bbox 235 2100 307 2134; x_wconf 88' lang='lat' dir='ltr'>tula</span> <span class='ocrx_word' id='word_1_321' title='bbox 329 2113 393 2134; x_wconf 92' lang='lat' dir='ltr'>seu</span> <span class='ocrx_word' id='word_1_322' title='bbox 415 2101 601 2142; x_wconf 84' lang='lat' dir='ltr'>articulos,</span> <span class='ocrx_word' id='word_1_323' title='bbox 619 2114 728 2146; x_wconf 90' lang='lat' dir='ltr'>super</span> <span class='ocrx_word' id='word_1_324' title='bbox 745 2102 878 2147; x_wconf 90' lang='lat' dir='ltr'>quibus</span> <span class='ocrx_word' id='word_1_325' title='bbox 895 2109 950 2135; x_wconf 89' lang='lat' dir='ltr'>est</span> <span class='ocrx_word' id='word_1_326' title='bbox 970 2103 1240 2147; x_wconf 86' lang='lat' dir='ltr'>inquirendum,</span> <span class='ocrx_word' id='word_1_327' title='bbox 1262 2103 1379 2135; x_wconf 91' lang='lat' dir='ltr'>eidem</span> <span class='ocrx_word' id='word_1_328' title='bbox 1401 2102 1617 2135; x_wconf 81' lang='lat' dir='ltr'>cancellario</span> <span class='ocrx_word' id='word_1_329' title='bbox 1640 2102 1835 2134; x_wconf 86' lang='lat' dir='ltr'>tradendos</span> <span class='ocrx_word' id='word_1_330' title='bbox 1853 2113 1935 2134; x_wconf 86' lang='lat' dir='ltr'>esse</span> <span class='ocrx_word' id='word_1_331' title='bbox 1952 2108 1986 2134; x_wconf 86' lang='lat' dir='ltr'>et</span> <span class='ocrx_word' id='word_1_332' title='bbox 2009 2102 2098 2134; x_wconf 89' lang='lat' dir='ltr'>tradi</span> 
     </span>
     <span class='ocr_line' id='line_1_29' title="bbox 234 2167 2098 2213; baseline 0 -13"><span class='ocrx_word' id='word_1_333' title='bbox 234 2167 368 2200; x_wconf 91' lang='lat' dir='ltr'>debere</span> <span class='ocrx_word' id='word_1_334' title='bbox 390 2179 429 2200; x_wconf 87' lang='lat' dir='ltr'>ac</span> <span class='ocrx_word' id='word_1_335' title='bbox 453 2168 638 2200; x_wconf 88' lang='lat' dir='ltr'>tradantur</span> <span class='ocrx_word' id='word_1_336' title='bbox 658 2168 803 2201; x_wconf 88' lang='lat' dir='ltr'>realiter</span> <span class='ocrx_word' id='word_1_337' title='bbox 824 2176 858 2201; x_wconf 91' lang='lat' dir='ltr'>et</span> <span class='ocrx_word' id='word_1_338' title='bbox 879 2169 922 2201; x_wconf 90' lang='lat' dir='ltr'>de</span> <span class='ocrx_word' id='word_1_339' title='bbox 944 2169 1050 2203; x_wconf 78' lang='lat' dir='ltr'>facto,</span> <span class='ocrx_word' id='word_1_340' title='bbox 1073 2176 1105 2201; x_wconf 79' lang='lat' dir='ltr'>et</span> <span class='ocrx_word' id='word_1_341' title='bbox 1134 2180 1245 2213; x_wconf 88' lang='lat' dir='ltr'>super</span> <span class='ocrx_word' id='word_1_342' title='bbox 1270 2169 1323 2201; x_wconf 85' lang='lat' dir='ltr'>cis</span> <span class='ocrx_word' id='word_1_343' title='bbox 1345 2176 1379 2201; x_wconf 89' lang='lat' dir='ltr'>et</span> <span class='ocrx_word' id='word_1_344' title='bbox 1404 2169 1484 2201; x_wconf 86' lang='lat' dir='ltr'>aliis</span> <span class='ocrx_word' id='word_1_345' title='bbox 1514 2169 1702 2213; x_wconf 79' lang='lat' dir='ltr'>premissis</span> <span class='ocrx_word' id='word_1_346' title='bbox 1730 2180 1768 2200; x_wconf 92' lang='lat' dir='ltr'>ac</span> <span class='ocrx_word' id='word_1_347' title='bbox 1798 2180 1836 2200; x_wconf 90' lang='lat' dir='ltr'>ca</span> <span class='ocrx_word' id='word_1_348' title='bbox 1865 2167 2098 2212; x_wconf 80' lang='lat' dir='ltr'>tangentibus</span> 
     </span>
     <span class='ocr_line' id='line_1_30' title="bbox 234 2234 2098 2280; baseline 0 -14"><span class='ocrx_word' id='word_1_349' title='bbox 234 2245 317 2267; x_wconf 89' lang='lat' dir='ltr'>suas</span> <span class='ocrx_word' id='word_1_350' title='bbox 345 2235 462 2279; x_wconf 89' lang='lat' dir='ltr'>possit</span> <span class='ocrx_word' id='word_1_351' title='bbox 488 2235 735 2267; x_wconf 87' lang='lat' dir='ltr'>deffensiones</span> <span class='ocrx_word' id='word_1_352' title='bbox 765 2235 882 2268; x_wconf 84' lang='lat' dir='ltr'>salvas</span> <span class='ocrx_word' id='word_1_353' title='bbox 912 2235 1045 2268; x_wconf 87' lang='lat' dir='ltr'>habere</span> <span class='ocrx_word' id='word_1_354' title='bbox 1076 2242 1110 2268; x_wconf 87' lang='lat' dir='ltr'>et</span> <span class='ocrx_word' id='word_1_355' title='bbox 1140 2235 1343 2268; x_wconf 87' lang='lat' dir='ltr'>deliberare</span> <span class='ocrx_word' id='word_1_356' title='bbox 1373 2235 1530 2280; x_wconf 88' lang='lat' dir='ltr'>plenius,</span> <span class='ocrx_word' id='word_1_357' title='bbox 1560 2247 1603 2267; x_wconf 89' lang='lat' dir='ltr'>an</span> <span class='ocrx_word' id='word_1_358' title='bbox 1634 2235 1856 2267; x_wconf 85' lang='lat' dir='ltr'>contendere</span> <span class='ocrx_word' id='word_1_359' title='bbox 1887 2234 2015 2267; x_wconf 86' lang='lat' dir='ltr'>debeat</span> <span class='ocrx_word' id='word_1_360' title='bbox 2042 2234 2098 2267; x_wconf 90' lang='lat' dir='ltr'>vel</span> 
     </span>
     <span class='ocr_line' id='line_1_31' title="bbox 233 2300 2098 2346; baseline 0 -14"><span class='ocrx_word' id='word_1_361' title='bbox 233 2300 364 2333; x_wconf 90' lang='lat' dir='ltr'>cedere</span> <span class='ocrx_word' id='word_1_362' title='bbox 385 2300 513 2333; x_wconf 88' lang='lat' dir='ltr'>debeat</span> <span class='ocrx_word' id='word_1_363' title='bbox 540 2301 622 2333; x_wconf 89' lang='lat' dir='ltr'>huic</span> <span class='ocrx_word' id='word_1_364' title='bbox 652 2301 722 2341; x_wconf 73' lang='lat' dir='ltr'>liti,</span> <span class='ocrx_word' id='word_1_365' title='bbox 746 2302 916 2346; x_wconf 88' lang='lat' dir='ltr'>quodque</span> <span class='ocrx_word' id='word_1_366' title='bbox 947 2302 983 2334; x_wconf 94' lang='lat' dir='ltr'>in</span> <span class='ocrx_word' id='word_1_367' title='bbox 1012 2314 1154 2334; x_wconf 89' lang='lat' dir='ltr'>omnem</span> <span class='ocrx_word' id='word_1_368' title='bbox 1184 2309 1351 2335; x_wconf 89' lang='lat' dir='ltr'>eventum</span> <span class='ocrx_word' id='word_1_369' title='bbox 1381 2302 1466 2334; x_wconf 89' lang='lat' dir='ltr'>dicti</span> <span class='ocrx_word' id='word_1_370' title='bbox 1497 2308 1637 2334; x_wconf 87' lang='lat' dir='ltr'>actores</span> <span class='ocrx_word' id='word_1_371' title='bbox 1669 2301 1784 2333; x_wconf 84' lang='lat' dir='ltr'>eidem</span> <span class='ocrx_word' id='word_1_372' title='bbox 1817 2301 2032 2333; x_wconf 85' lang='lat' dir='ltr'>cancellario</span> <span class='ocrx_word' id='word_1_373' title='bbox 2061 2301 2098 2332; x_wconf 92' lang='lat' dir='ltr'>in</span> 
     </span>
     <span class='ocr_line' id='line_1_32' title="bbox 234 2367 2098 2414; baseline 0 -15"><span class='ocrx_word' id='word_1_374' title='bbox 234 2367 404 2412; x_wconf 87' lang='lat' dir='ltr'>expensis</span> <span class='ocrx_word' id='word_1_375' title='bbox 421 2367 595 2412; x_wconf 85' lang='lat' dir='ltr'>legitimis</span> <span class='ocrx_word' id='word_1_376' title='bbox 612 2368 926 2413; x_wconf 89' lang='lat' dir='ltr'>condempnentur</span> <span class='ocrx_word' id='word_1_377' title='bbox 941 2369 1044 2402; x_wconf 88' lang='lat' dir='ltr'>factis</span> <span class='ocrx_word' id='word_1_378' title='bbox 1066 2369 1256 2402; x_wconf 89' lang='lat' dir='ltr'>occasione</span> <span class='ocrx_word' id='word_1_379' title='bbox 1279 2369 1539 2414; x_wconf 87' lang='lat' dir='ltr'>premissorum</span> <span class='ocrx_word' id='word_1_380' title='bbox 1559 2375 1591 2401; x_wconf 86' lang='lat' dir='ltr'>ct</span> <span class='ocrx_word' id='word_1_381' title='bbox 1614 2368 1717 2400; x_wconf 90' lang='lat' dir='ltr'>etiam</span> <span class='ocrx_word' id='word_1_382' title='bbox 1741 2368 1850 2412; x_wconf 86' lang='lat' dir='ltr'>hujus</span> <span class='ocrx_word' id='word_1_383' title='bbox 1872 2368 1945 2400; x_wconf 90' lang='lat' dir='ltr'>litis</span> <span class='ocrx_word' id='word_1_384' title='bbox 1966 2368 2098 2400; x_wconf 87' lang='lat' dir='ltr'>sacien-</span> 
     </span>
     <span class='ocr_line' id='line_1_33' title="bbox 234 2433 2095 2480; baseline 0 -14"><span class='ocrx_word' id='word_1_385' title='bbox 234 2433 304 2474; x_wconf 84' lang='lat' dir='ltr'>dis,</span> <span class='ocrx_word' id='word_1_386' title='bbox 326 2433 370 2466; x_wconf 89' lang='lat' dir='ltr'>de</span> <span class='ocrx_word' id='word_1_387' title='bbox 398 2434 531 2478; x_wconf 90' lang='lat' dir='ltr'>quibus</span> <span class='ocrx_word' id='word_1_388' title='bbox 559 2441 780 2479; x_wconf 88' lang='lat' dir='ltr'>protestatur</span> <span class='ocrx_word' id='word_1_389' title='bbox 800 2447 984 2480; x_wconf 86' lang='lat' dir='ltr'>expresse,</span> <span class='ocrx_word' id='word_1_390' title='bbox 1009 2447 1151 2468; x_wconf 92' lang='lat' dir='ltr'>necnon</span> <span class='ocrx_word' id='word_1_391' title='bbox 1171 2436 1215 2468; x_wconf 87' lang='lat' dir='ltr'>ad</span> <span class='ocrx_word' id='word_1_392' title='bbox 1239 2436 1330 2468; x_wconf 87' lang='lat' dir='ltr'>alios</span> <span class='ocrx_word' id='word_1_393' title='bbox 1356 2447 1482 2468; x_wconf 90' lang='lat' dir='ltr'>omnes</span> <span class='ocrx_word' id='word_1_394' title='bbox 1509 2434 1599 2467; x_wconf 89' lang='lat' dir='ltr'>fines</span> <span class='ocrx_word' id='word_1_395' title='bbox 1629 2441 1663 2467; x_wconf 87' lang='lat' dir='ltr'>et</span> <span class='ocrx_word' id='word_1_396' title='bbox 1691 2435 1871 2479; x_wconf 83' lang='lat' dir='ltr'>singulos,</span> <span class='ocrx_word' id='word_1_397' title='bbox 1897 2434 1957 2479; x_wconf 90' lang='lat' dir='ltr'>qui</span> <span class='ocrx_word' id='word_1_398' title='bbox 1980 2435 2095 2466; x_wconf 85' lang='lat' dir='ltr'>cidem</span> 
     </span>
     <span class='ocr_line' id='line_1_34' title="bbox 235 2500 1473 2547; baseline 0.002 -15"><span class='ocrx_word' id='word_1_399' title='bbox 235 2511 296 2533; x_wconf 88' lang='lat' dir='ltr'>reo</span> <span class='ocrx_word' id='word_1_400' title='bbox 320 2500 451 2533; x_wconf 90' lang='lat' dir='ltr'>melius</span> <span class='ocrx_word' id='word_1_401' title='bbox 471 2501 647 2546; x_wconf 86' lang='lat' dir='ltr'>prodesse</span> <span class='ocrx_word' id='word_1_402' title='bbox 669 2508 839 2546; x_wconf 87' lang='lat' dir='ltr'>poterunt</span> <span class='ocrx_word' id='word_1_403' title='bbox 860 2508 894 2534; x_wconf 91' lang='lat' dir='ltr'>et</span> <span class='ocrx_word' id='word_1_404' title='bbox 913 2502 1097 2535; x_wconf 89' lang='lat' dir='ltr'>actoribus</span> <span class='ocrx_word' id='word_1_405' title='bbox 1119 2503 1293 2547; x_wconf 87' lang='lat' dir='ltr'>predictis</span> <span class='ocrx_word' id='word_1_406' title='bbox 1314 2514 1447 2535; x_wconf 91' lang='lat' dir='ltr'>nocere</span> <span class='ocrx_word' id='word_1_407' title='bbox 1466 2514 1473 2534; x_wconf 78' lang='lat' dir='ltr'><em>z</em></span> 
     </span>
    </p>

    <p class='ocr_par' dir='ltr' id='par_1_4' title="bbox 325 2567 1407 2613">
     <span class='ocr_line' id='line_1_35' title="bbox 325 2567 1407 2613; baseline 0.002 -14"><span class='ocrx_word' id='word_1_408' title='bbox 325 2567 417 2600; x_wconf 90' lang='lat' dir='ltr'>Dicit</span> <span class='ocrx_word' id='word_1_409' title='bbox 438 2574 470 2600; x_wconf 89' lang='lat' dir='ltr'>et</span> <span class='ocrx_word' id='word_1_410' title='bbox 493 2568 662 2612; x_wconf 86' lang='lat' dir='ltr'>proponit</span> <span class='ocrx_word' id='word_1_411' title='bbox 683 2568 776 2600; x_wconf 90' lang='lat' dir='ltr'>idem</span> <span class='ocrx_word' id='word_1_412' title='bbox 799 2568 1036 2601; x_wconf 83' lang='lat' dir='ltr'>cancellarius</span> <span class='ocrx_word' id='word_1_413' title='bbox 1058 2581 1097 2601; x_wconf 88' lang='lat' dir='ltr'>ea</span> <span class='ocrx_word' id='word_1_414' title='bbox 1119 2581 1188 2613; x_wconf 92' lang='lat' dir='ltr'>que</span> <span class='ocrx_word' id='word_1_415' title='bbox 1210 2576 1383 2602; x_wconf 89' lang='lat' dir='ltr'>secuntur</span> <span class='ocrx_word' id='word_1_416' title='bbox 1401 2581 1407 2602; x_wconf 89' lang='lat'>:</span> 
     </span>
    </p>

    <p class='ocr_par' dir='ltr' id='par_1_5' title="bbox 235 2634 2096 2813">
     <span class='ocr_line' id='line_1_36' title="bbox 324 2634 2095 2680; baseline 0.001 -15"><span class='ocrx_word' id='word_1_417' title='bbox 324 2634 441 2666; x_wconf 89' lang='lat' dir='ltr'>Primo</span> <span class='ocrx_word' id='word_1_418' title='bbox 463 2634 560 2678; x_wconf 90' lang='lat' dir='ltr'>quod</span> <span class='ocrx_word' id='word_1_419' title='bbox 583 2641 649 2667; x_wconf 91' lang='lat' dir='ltr'>tam</span> <span class='ocrx_word' id='word_1_420' title='bbox 676 2634 720 2667; x_wconf 87' lang='lat' dir='ltr'>de</span> <span class='ocrx_word' id='word_1_421' title='bbox 743 2636 826 2679; x_wconf 82' lang='lat' dir='ltr'>jure</span> <span class='ocrx_word' id='word_1_422' title='bbox 848 2647 952 2680; x_wconf 86' lang='lat' dir='ltr'>quam</span> <span class='ocrx_word' id='word_1_423' title='bbox 982 2636 1026 2668; x_wconf 92' lang='lat' dir='ltr'>de</span> <span class='ocrx_word' id='word_1_424' title='bbox 1055 2648 1135 2672; x_wconf 87' lang='lat' dir='ltr'>usu,</span> <span class='ocrx_word' id='word_1_425' title='bbox 1166 2636 1263 2676; x_wconf 88' lang='lat' dir='ltr'>stilo,</span> <span class='ocrx_word' id='word_1_426' title='bbox 1291 2636 1556 2668; x_wconf 86' lang='lat' dir='ltr'>consuetudine</span> <span class='ocrx_word' id='word_1_427' title='bbox 1584 2648 1622 2668; x_wconf 90' lang='lat' dir='ltr'>ac</span> <span class='ocrx_word' id='word_1_428' title='bbox 1651 2636 1833 2668; x_wconf 89' lang='lat' dir='ltr'>communi</span> <span class='ocrx_word' id='word_1_429' title='bbox 1862 2635 2095 2667; x_wconf 87' lang='lat' dir='ltr'>observancia</span> 
     </span>
     <span class='ocr_line' id='line_1_37' title="bbox 235 2700 2096 2746; baseline 0.001 -14"><span class='ocrx_word' id='word_1_430' title='bbox 235 2700 332 2732; x_wconf 89' lang='lat' dir='ltr'>curie</span> <span class='ocrx_word' id='word_1_431' title='bbox 356 2702 513 2733; x_wconf 88' lang='lat' dir='ltr'>Romane</span> <span class='ocrx_word' id='word_1_432' title='bbox 537 2707 571 2733; x_wconf 90' lang='lat' dir='ltr'>et</span> <span class='ocrx_word' id='word_1_433' title='bbox 592 2701 751 2733; x_wconf 89' lang='lat' dir='ltr'>omnium</span> <span class='ocrx_word' id='word_1_434' title='bbox 772 2702 952 2734; x_wconf 83' lang='lat' dir='ltr'>curiarum</span> <span class='ocrx_word' id='word_1_435' title='bbox 977 2702 1301 2735; x_wconf 86' lang='lat' dir='ltr'>ecclesiasticarum</span> <span class='ocrx_word' id='word_1_436' title='bbox 1325 2702 1409 2735; x_wconf 87' lang='lat' dir='ltr'>ville</span> <span class='ocrx_word' id='word_1_437' title='bbox 1431 2703 1647 2735; x_wconf 78' lang='lat' dir='ltr'>parisiensis</span> <span class='ocrx_word' id='word_1_438' title='bbox 1676 2703 1888 2746; x_wconf 87' lang='lat' dir='ltr'>rescriptum</span> <span class='ocrx_word' id='word_1_439' title='bbox 1915 2702 2096 2745; x_wconf 84' lang='lat' dir='ltr'>subrepti-</span> 
     </span>
     <span class='ocr_line' id='line_1_38' title="bbox 235 2767 2092 2813; baseline 0.001 -15"><span class='ocrx_word' id='word_1_440' title='bbox 235 2767 328 2799; x_wconf 91' lang='lat' dir='ltr'>cium</span> <span class='ocrx_word' id='word_1_441' title='bbox 353 2767 670 2811; x_wconf 83' lang='lat' dir='ltr'>jurisdic[t]ionem</span> <span class='ocrx_word' id='word_1_442' title='bbox 702 2780 774 2800; x_wconf 86' lang='lat' dir='ltr'>non</span> <span class='ocrx_word' id='word_1_443' title='bbox 808 2769 865 2801; x_wconf 86' lang='lat' dir='ltr'>dat</span> <span class='ocrx_word' id='word_1_444' title='bbox 897 2780 962 2801; x_wconf 90' lang='lat' dir='ltr'>nec</span> <span class='ocrx_word' id='word_1_445' title='bbox 997 2769 1177 2801; x_wconf 38' lang='lat' dir='ltr'>tribuitn..</span> <span class='ocrx_word' id='word_1_446' title='bbox 1210 2769 1278 2802; x_wconf 89' lang='lat' dir='ltr'>Sed</span> <span class='ocrx_word' id='word_1_447' title='bbox 1311 2770 1362 2801; x_wconf 86' lang='lat' dir='ltr'>sic</span> <span class='ocrx_word' id='word_1_448' title='bbox 1394 2775 1446 2801; x_wconf 83' lang='lat' dir='ltr'>est</span> <span class='ocrx_word' id='word_1_449' title='bbox 1478 2770 1512 2800; x_wconf 91' lang='lat' dir='ltr'>in</span> <span class='ocrx_word' id='word_1_450' title='bbox 1541 2769 1727 2813; x_wconf 83' lang='lat' dir='ltr'>proposito</span> <span class='ocrx_word' id='word_1_451' title='bbox 1759 2769 1855 2812; x_wconf 87' lang='lat' dir='ltr'>quod</span> <span class='ocrx_word' id='word_1_452' title='bbox 1887 2775 2092 2812; x_wconf 81' lang='lat' dir='ltr'>prctensum</span> 
     </span>
    </p>
   </div>
   <div class='ocr_carea' id='block_1_3' title="bbox 237 2834 2095 2879">
    <p class='ocr_par' dir='ltr' id='par_1_6' title="bbox 237 2834 2095 2879">
     <span class='ocr_line' id='line_1_39' title="bbox 237 2834 2095 2879; baseline 0 -14"><span class='ocrx_word' id='word_1_453' title='bbox 237 2834 449 2878; x_wconf 89' lang='lat' dir='ltr'>rescriptum</span> <span class='ocrx_word' id='word_1_454' title='bbox 472 2834 715 2878; x_wconf 89' lang='lat' dir='ltr'>predictorum</span> <span class='ocrx_word' id='word_1_455' title='bbox 738 2841 896 2867; x_wconf 87' lang='lat' dir='ltr'>actorum</span> <span class='ocrx_word' id='word_1_456' title='bbox 920 2835 1024 2867; x_wconf 90' lang='lat' dir='ltr'>vobis</span> <span class='ocrx_word' id='word_1_457' title='bbox 1046 2836 1220 2868; x_wconf 88' lang='lat' dir='ltr'>directum</span> <span class='ocrx_word' id='word_1_458' title='bbox 1249 2842 1280 2867; x_wconf 91' lang='lat' dir='ltr'>et</span> <span class='ocrx_word' id='word_1_459' title='bbox 1312 2841 1569 2879; x_wconf 87' lang='lat' dir='ltr'>presentatum,</span> <span class='ocrx_word' id='word_1_460' title='bbox 1591 2835 1722 2867; x_wconf 86' lang='lat' dir='ltr'>virtute</span> <span class='ocrx_word' id='word_1_461' title='bbox 1751 2836 1854 2878; x_wconf 74' lang='lat' dir='ltr'>cujus</span> <span class='ocrx_word' id='word_1_462' title='bbox 1875 2834 1983 2866; x_wconf 88' lang='lat' dir='ltr'>vultis</span> <span class='ocrx_word' id='word_1_463' title='bbox 2014 2846 2095 2878; x_wconf 85' lang='lat' dir='ltr'>pro-</span> 
     </span>
    </p>
   </div>
  </div>
 </body>
</html>
