2488 3386
461 349 524 380 594
1027 353 1347 377 CHARTULARIUM
1382 351 1573 374 umvsns.
1610 351 1739 373 rmus.
2220 339 2320 375 [1388

464 460 604 497 1658.
633 468 805 493 Univer-sitas
830 466 1062 500 Heidelbergens.
1088 465 1221 501 Philippo
1246 464 1281 489 de
1304 463 1438 497 Alencon‚
1466 463 1560 497 legato
1585 462 1720 498 apostol„
1744 463 1898 500 supplicat,
1928 467 1957 489 ut
1978 463 2107 489 declaret
2129 463 2318 492 cancellarios

546 519 639 543 Paris.
663 521 729 553 post
753 517 907 542 Iohannem
930 515 965 541 de
990 515 1089 540 Calore
1111 524 1164 540 non
1187 514 1292 539 habere
1307 512 1516 545 auctorstatem,
1542 515 1569 537 et
1586 511 1741 547 prohibeat
1760 513 1909 548 quominus
1932 513 2076 548 quispiam
2104 512 2317 539 Universitatem

545 567 638 592 Paris.
654 566 775 591 durante
792 565 948 591 Schismate
964 564 1064 589 visitet.

1597 597 1672 626 7388,
1688 597 1825 627 Februarii,
1841 597 2033 630 Heidelberqae.

546 685 625 718 Fuit
646 684 826 717 actitatum
850 690 932 716 tunc
954 682 1120 727 pluribus
1142 679 1497 726 congregacionibus
1518 686 1554 713 et
1574 680 1723 713 maturis
1744 679 2090 721 deliberacionibus‚
2114 686 2153 712 ut
2178 680 2317 726 suppli-

456 758 597 784 caretur
618 751 764 783 domino
786 749 924 795 legato¹
943 749 1089 781 nomine
1112 747 1248 780 domini
1270 747 1385 779 nostri
1407 746 1546 788 ducis²‚
1562 753 1740 791 quatenus
1762 747 1946 780 declarare
1968 747 2180 792 dignaretur
2199 746 2316 780 literis

455 818 532 851 suis
553 817 772 862 patentibus,
795 817 973 848 intrusum
996 813 1324 847 anticancellarium
1348 812 1503 846 ecclesie
1526 813 1743 846 Parisiensis
1765 813 1905 846 nullum
1921 813 2055 846 habere
2077 825 2186 858 posse
2208 813 2316 846 dandi

454 884 605 930 gradum
626 884 663 916 in
684 893 897 928 quacunque
919 881 1099 921 facultate,
1117 879 1299 924 simulque
1315 879 1485 912 vocatos³
1504 880 1697 925 magistros
1719 891 1783 924 per
1803 879 2013 924 hujusmodi
2034 892 2098 925 per
2113 880 2315 925 antipapam

453 951 615 983 intrusos
636 950 673 982 in
694 948 983 982 cancellariatum
1005 947 1160 979 ecclesie
1182 946 1400 979 parisiensis
1422 952 1504 991 post
1525 945 1662 979 obitum
1685 945 1720 978 b.
1744 958 1789 978 m.
1814 958 1906 991 mag.
1924 945 2100 980 Johannis
2121 946 2165 979 de
2186 946 2316 980 Calore

453 1029 525 1049 non
556 1028 637 1049 esse
667 1028 733 1048 nec
762 1015 875 1047 fuisse
906 1014 1114 1059 magistros,
1143 1012 1325 1058 simulque
1354 1013 1543 1058 precipere
1570 1024 1635 1058 per
1662 1019 1783 1057 partes
1814 1024 1879 1045 sue
1908 1012 2089 1058 legacioni
2119 1012 2315 1058 subjectas,

452 1089 628 1127 quatenus
650 1081 771 1114 nullus
794 1081 944 1114 durante
972 1080 1140 1113 scismate
1167 1079 1211 1112 de
1240 1078 1403 1124 partibus
1431 1079 1522 1124 ipsis
1551 1079 1710 1112 studium
1739 1078 1902 1112 visitaret
1928 1078 2147 1119 parisiense,
2174 1084 2209 1111 et
2235 1089 2316 1123 pre-

451 1149 574 1182 sertim
603 1160 647 1181 ne
677 1148 827 1193 gradum
854 1153 1017 1180 vocatum
1049 1146 1085 1178 in
1111 1146 1230 1191 aliqua
1255 1146 1423 1178 facultate
1450 1146 1629 1191 reciperet
1658 1146 1695 1178 in
1723 1145 1885 1187 eodem‘,
1913 1157 1993 1178 cum
2016 1151 2115 1177 esset
2142 1143 2315 1190 implicite

453 1215 697 1249 auctoritatem
721 1214 886 1259 antipape
907 1213 1107 1258 approbare
1129 1220 1164 1246 et
1190 1225 1233 1245 ex
1258 1213 1498 1258 consequenti
1528 1224 1608 1245 eum
1637 1212 1802 1245 confiteri
1830 1224 1968 1257 papam.
1994 1212 2072 1254 Que
2098 1211 2314 1256 supplicatio

450 1282 537 1316 satis
558 1281 698 1326 magnis
719 1280 906 1313 laboribus
929 1287 964 1313 et
989 1279 1159 1324 expensis
1185 1279 1253 1312 fuit
1279 1280 1420 1325 signata
1447 1286 1481 1312 et
1510 1279 1615 1312 litere
1643 1279 1722 1311 fieri
1750 1278 1926 1311 mandate.
1958 1278 2036 1321 Que
2064 1284 2182 1311 tamen
2209 1277 2314 1311 litere

450 1355 531 1393 post
557 1348 600 1380 de
626 1347 809 1381 voluntate
838 1347 974 1379 domini
1007 1346 1131 1391 legati,
1158 1346 1267 1379 certis
1298 1346 1443 1379 motivis
1473 1345 1704 1379 moventibus
1734 1357 1829 1386 eum,
1858 1345 2006 1378 fuerunt
2037 1344 2218 1390 inpedite⁵
2246 1355 2314 1378 nec
2359 1356 2362 1359 ⁴

450 1415 565 1460 potuit
584 1414 810 1447 Universitas
831 1413 874 1446 ad
896 1426 1015 1446 earum
1039 1413 1315 1458 acquisitionem
1338 1412 1614 1458 quomodolibet
1635 1412 1821 1446 devenire.

541 1513 608 1535 Bibl.
621 1512 785 1543 Heidelberg.
803 1520 851 1535 ms,
868 1513 912 1534 362
924 1513 998 1541 (Anu.
1015 1511 1147 1539 Univers„
1162 1512 1190 1540 I),
1203 1511 1247 1534 sol.
1257 1511 1296 1534 41.
1307 1510 1498 1539 winkelmann,
1515 1510 1744 1535 Urkundenbuch
1758 1511 1808 1535 der
1823 1510 1990 1535 Universiu‘it
2000 1509 2172 1540 Heidelberq,
2186 1509 2218 1539 lI,
2234 1512 2263 1532 110
2273 1509 2311 1533 39.

541 1596 563 1618 1,
582 1595 703 1626 Philippo
726 1595 756 1618 de
776 1595 896 1625 Alengon,
917 1594 998 1625 episc.
1021 1594 1136 1618 Ostiens.
1156 1608 1182 1611 —
1199 1595 1221 1618 2.
1243 1594 1350 1625 Ruperti
1372 1594 1391 1618 I.
1410 1607 1441 1611 —
1455 1594 1480 1617 3.
1502 1594 1538 1617 De
1559 1593 1655 1625 quihus
1675 1602 1766 1624 supra.
1782 1607 1812 1611 —
1826 1595 1851 1617 4.
1866 1595 1904 1617 Ex
1919 1596 2034 1618 Λυσίαν.
2058 1593 2195 1621 Chartul.‚
2213 1593 2232 1623 Ι,
2252 1596 2314 1624 pont

449 1648 490 1663 an.
512 1640 580 1668 1392,
602 1642 719 1670 apparet,
742 1639 910 1662 nihilominus
931 1640 1020 1670 plures
1042 1639 1207 1668 Alamannos,
1224 1641 1249 1661 et
1267 1638 1335 1661 inter
1355 1638 1414 1661 illos
1435 1646 1485 1661 non
1507 1646 1605 1669 paucos
1623 1646 1653 1660 ex
1670 1638 1847 1661 Universitate
1865 1637 2089 1669 Heidelberg-ensi,
2109 1637 2313 1661 Universitatem

449 1684 532 1707 Paris.
549 1684 670 1706 visitasse
692 1683 780 1714 ibique
795 1683 936 1711 studuisse,
954 1683 996 1714 qui
1013 1687 1074 1714 post
1088 1684 1187 1714 gradus
1206 1686 1326 1714 acceptos
1345 1691 1424 1714 saepe
1439 1683 1465 1706 in
1480 1682 1595 1713 patrium
1613 1682 1711 1706 reversi
1729 1683 1754 1705 in
1772 1683 1862 1714 aliqua
1879 1682 2055 1706 Universitate
2071 1685 2099 1705 ut
2114 1681 2235 1714 magistri
2249 1681 2312 1706 inti-

448 1728 523 1751 tulati
541 1729 651 1752 fuerunt.
666 1741 692 1745 --
704 1730 726 1751 5.
743 1728 821 1751 Card-
837 1728 950 1752 ostiens.
974 1728 1143 1751 Universitati
1165 1728 1249 1751 Paris.
1272 1727 1378 1750 minime
1400 1727 1518 1750 infensus
1534 1729 1598 1750 erut.
1611 1726 1668 1750 Vid.
1690 1731 1718 1749 n⁰
1735 1727 1804 1755 1689,
1822 1730 1847 1750 et
1861 1729 1998 1758 praeterea
2016 1731 2045 1749 n⁰
2061 1727 2120 1749 1672
2137 1726 2216 1757 epist.
2232 1725 2312 1749 Boni-

451 1772 510 1795 fncii
526 1773 566 1795 lx.

456 1893 595 1930 1659.
625 1902 736 1928 Urbano
758 1904 792 1928 VI
803 1902 945 1937 defuncto,
964 1903 1133 1937 Bonifacius
1147 1904 1190 1928 IX
1201 1903 1227 1929 ei
1242 1903 1377 1929 succedit.

1663 1959 1737 1988 1389,
1753 1957 1866 1984 Νονοιηό.
1882 1959 1908 1987 2,
1923 1958 2026 1984 Romae.

544 2045 666 2068 Urbanus
682 2046 712 2068 Vl
735 2056 747 2066 «
766 2045 807 2068 die
826 2046 928 2069 veneris
944 2046 985 2069 15¹·
1002 2054 1084 2071 mens,
1106 2046 1227 2070 Octobris
1245 2056 1257 2068 ι)
1275 2047 1371 2070 Romae
1394 2047 1532 2070 defunctus
1552 2050 1592 2070 est
1611 2046 1696 2076 (Arch.
1719 2047 1778 2070 Vat.
1797 2045 1886 2077 Oblig.
1905 2050 1934 2068 n⁰
1950 2046 1989 2074 48,
2011 2045 2056 2069 tol.
2074 2045 2124 2075 89).
2141 2044 2188 2068 Die
2209 2043 2312 2073 max-tie,

452 2090 477 2111 2¹¹
487 2089 584 2112 mensis
600 2089 733 2117 Novemb.¹
746 2090 837 2113 Petrus
852 2090 883 2113 de
894 2090 1049 2114 Tomaccllis
1065 2091 1136 2114 card.
1154 2091 1180 2114 S.
1194 2091 1357 2119 Anastasiae,
1370 2091 1455 2114 dictus
1469 2091 1644 2122 Neapolitan„
1656 2091 1682 2114 in
1692 2099 1791 2122 papam
1802 2091 1899 2114 electus
1910 2093 1957 2118 est,
1970 2089 2011 2113 die
2024 2089 2125 2117 martis,
2137 2089 2164 2111 9·
2176 2088 2311 2116 Novemb..

452 2136 590 2156 coronatus
610 2134 694 2164 (ibid.,
714 2134 758 2157 sol.
775 2136 823 2164 90),
840 2138 865 2157 et
880 2143 972 2158 nomen
988 2135 1114 2159 Bonisacii
1135 2136 1167 2158 IX
1185 2135 1339 2166 assumpsit.
1356 2149 1386 2152 —
1404 2136 1454 2159 Res
1472 2143 1502 2158 eu
1521 2135 1611 2167 gravis
1626 2138 1667 2158 est
1681 2135 1707 2158 in
1722 2134 1834 2158 historin
1855 2133 2040 2158 Universitntis
2060 2133 2144 2157 Paris.
2163 2132 2228 2157 Cum
2243 2132 2311 2156 enim

453 2178 577 2200 sensisset
592 2186 658 2200 nova
673 2178 797 2201 electione
813 2179 927 2202 schisma
940 2179 1095 2207 continuari,
1112 2183 1167 2202 tum
1180 2181 1365 2211 expergefacta
1379 2180 1500 2203 laborare
1512 2179 1599 2211 coepit
1613 2179 1645 2202 ad
1659 2179 1779 2203 unionem
1793 2178 1918 2202 ecclesiae
1933 2177 2111 2206 obtinendam,
2126 2177 2267 2209 conarique
2283 2179 2313 2201 ut

453 2230 540 2252 regem
560 2230 589 2244 ac
606 2222 738 2253 principes
754 2223 779 2245 in
799 2223 825 2246 id
844 2223 1010 2254 propositum
1028 2224 1169 2247 induceret.
1189 2224 1298 2247 Maxime
1320 2228 1360 2247 est
1376 2224 1409 2247 ad
1429 2224 1583 2248 memoriam
1600 2232 1684 2247 annus
1704 2224 1763 2247 1390
1778 2223 1804 2246 in
1818 2223 1973 2246 Schismatis
1988 2221 2226 2252 vicissitudinibus,
2242 2220 2313 2244 Pari-

454 2265 547 2288 siensis
570 2266 674 2296 quidem
694 2267 877 2290 Universitatis
899 2268 993 2299 gratia.
1014 2268 1188 2301 Universitas⁷
1208 2269 1267 2292 licet
1286 2269 1367 2299 tarde,
1385 2269 1417 2291 ad
1437 2277 1467 2292 ea
1482 2277 1588 2292 reversa
1607 2271 1654 2297 est,
1676 2276 1742 2299 quae
1762 2267 1888 2291 Henricus
1909 2267 1940 2290 de
1956 2267 2050 2290 Bassia
2066 2266 2121 2298 jam
2138 2269 2198 2289 unte
2213 2266 2240 2289 11
2259 2268 2284 2289 et
2298 2266 2313 2288 9

455 2318 536 2333 annos
554 2310 579 2332 in
596 2319 643 2333 sua
660 2311 788 2341 Epistola
803 2313 889 2341 pacis,
904 2313 949 2335 sed
964 2313 1120 2343 praesertim
1136 2313 1162 2335 in
1176 2321 1223 2336 suu
1240 2313 1366 2343 Epistola
1381 2313 1494 2338 consilii
1504 2313 1594 2343 pacis,
1614 2313 1712 2344 partim
1727 2315 1894 2343 expresserat
1909 2311 1972 2341 (vid.
1988 2315 2038 2334 num
2056 2311 2135 2342 1663).
2151 2312 2171 2334 Α
2187 2309 2312 2342 Philippo

455 2354 519 2377 duce
535 2354 702 2385 Burgundiue
714 2355 843 2386 imprimis
860 2356 951 2380 initum
965 2365 1022 2380 esse
1037 2358 1177 2380 consilium
1195 2358 1298 2381 unionis
1314 2358 1413 2381 dictum
1429 2358 1478 2381 fuit
1494 2358 1551 2386 (Th.
1573 2358 1675 2386 Mulier,
1688 2357 1878 2382 Frankreichs
1900 2356 2130 2383 Unionsversuch,
2146 2355 2312 2386 Progrmm,

457 2398 525 2425 1881,
548 2407 574 2429 p.
592 2399 624 2427 8).
647 2400 678 2421 At
693 2407 782 2422 revera
798 2403 825 2422 ut
847 2409 890 2423 rex
910 2401 946 2423 ita
961 2401 1099 2433 Philippus
1120 2402 1241 2432 politicas
1261 2402 1294 2424 ob
1316 2410 1410 2425 causas
1430 2401 1456 2424 in
1474 2402 1561 2424 animo
1582 2401 1698 2424 habebat
1719 2401 1822 2424 Italiam
1846 2409 1905 2423 cum
1925 2400 2039 2423 exercitu
2061 2399 2184 2422 invadere
2206 2401 2235 2422 ut
2256 2398 2314 2422 cl&

458 2445 568 2464 mentem
590 2443 643 2471 Vll,
665 2444 773 2473 expulso
793 2444 926 2467 Bonifacio
949 2445 991 2474 lx,
1011 2445 1037 2468 in
1062 2446 1156 2469 solium
1176 2446 1322 2469 Romanum
1342 2446 1367 2469 vi
1386 2446 1546 2469 collocarent
1568 2445 1717 2475 (Froissart,
1740 2445 1808 2476 Opp.
1829 2445 1869 2468 ed.
1888 2444 1991 2475 Kervyn
2011 2444 2043 2467 de
2060 2443 2226 2471 Lettenhove,
2246 2443 2310 2471 XIV,

457 2486 515 2514 2813
529 2487 582 2514 423,
597 2487 701 2517 aliique.
718 2488 849 2511 Marsilius
865 2489 895 2511 dc
907 2490 1005 2520 Inghen
1018 2498 1059 2513 an.
1070 2491 1130 2513 1390
1143 2490 1221 2513 etiam
1235 2491 1265 2514 de
1279 2499 1309 2514 ea
1322 2499 1349 2514 re
1364 2491 1481 2522 loquitur
1494 2490 1520 2513 in
1534 2498 1583 2514 ms.
1598 2490 1796 2522 Guelferbytan.
1809 2490 1846 2518 76,
1859 2489 1888 2512 14
1903 2490 1979 2520 Aug.5
1992 2488 2036 2512 fol.
2049 2488 2116 2511 18112.
2133 2488 2171 2511 Ad
2181 2487 2245 2510 haec
2257 2486 2310 2510 vid.

455 2530 542 2561 Jarry,
560 2531 600 2553 La
614 2541 626 2551 «
643 2531 699 2554 coie
714 2533 745 2554 de
759 2533 810 2561 fait
825 2543 845 2559 ³³,
860 2533 960 2556 Exti-ait
975 2534 1005 2557 de
1018 2535 1043 2557 la
1059 2534 1131 2558 Bibl.
1143 2536 1174 2559 de
1191 2531 1290 2559 l‘Ecole
1307 2536 1353 2559 des
1367 2536 1485 2564 charles,
1502 2535 1566 2563 LIII,
1581 2543 1607 2566 p.
1623 2535 1652 2557 10
1667 2535 1746 2565 sqq.).
1762 2533 1819 2561 Qua
1832 2532 1995 2564 expeditione
2010 2541 2056 2556 seu
2071 2533 2117 2556 cia
2126 2532 2197 2562 sacti
2207 2531 2314 2555 minime

456 2577 550 2605 parata
566 2574 658 2597 suisset
672 2576 795 2599 ecclesiae
812 2577 872 2599 unio
893 2578 937 2600 sed
960 2578 1052 2601 scissio
1071 2587 1100 2601 ac
1118 2579 1232 2602 schisma
1250 2579 1329 2602 latius
1345 2580 1502 2610 productum
1523 2579 1586 2609 (vid.
1602 2579 1670 2607 Bul⁸⁷
1687 2578 1730 2608 IV,
1750 2578 1814 2607 771).
1829 2577 1910 2601 Primi
1929 2577 1956 2600 in
1971 2577 2081 2600 Francia
2101 2576 2134 2600 ud
2150 2583 2313 2608 prosequen-

456 2618 516 2641 dam
536 2618 660 2641 ecclesiae
679 2619 799 2642 unionem
815 2621 857 2643 via
872 2622 1005 2645 ordinaria
1019 2622 1073 2646 sine
1091 2623 1117 2645 vi
1136 2623 1222 2646 conati
1238 2627 1299 2646 sunt
1314 2632 1396 2655 neque
1413 2631 1459 2646 rex
1473 2623 1598 2647 Franciae
1613 2631 1695 2654 neque
1713 2623 1765 2645 dux
1780 2621 1958 2652 Burgundiae,
1976 2621 2022 2644 sed
2037 2621 2202 2645 Universitas
2216 2619 2311 2648 Paris„

457 2663 497 2685 vel
510 2663 603 2685 saltem
618 2663 707 2694 plures
720 2663 791 2687 illius
808 2665 936 2696 magistri,
954 2675 1102 2698 quanquam
1118 2667 1143 2690 in
1159 2667 1290 2699 principio
1309 2668 1394 2699 magis
1413 2668 1446 2691 ad
1461 2668 1532 2691 viam
1544 2667 1612 2699 juris
1630 2667 1800 2691 inclinabant.
1817 2667 1919 2689 Mortuo
1937 2666 2044 2690 Urbano
2058 2666 2100 2696 VI,
2114 2665 2208 2688 idonea
2222 2664 2313 2688 unioni

454 2706 556 2729 occasio
577 2709 675 2737 suerat;
690 2707 754 2749 ’ideo
775 2716 852 2739 aegre
875 2710 973 2733 serebat
990 2711 1162 2740 Universitas,
1182 2712 1330 2735 cardinales
1346 2720 1443 2735 novum
1462 2719 1560 2743 papam
1581 2711 1701 2742 elegisse,
1721 2710 1938 2741 Bonisaciumque
1962 2709 2083 2733 electioni
2102 2709 2237 2733 annuisse.
2252 2708 2310 2733 Vid.

454 2754 591 2782 praeterea
607 2751 677 2774 infra
691 2753 837 2776 Acidenda.

576 2942 614 2965 75.
