2488 3386
181 372 276 408 1385]
600 386 645 407 ΑΒ
680 385 785 407 Auno
818 385 949 407 mcch
983 385 1111 413 USQUE
1145 386 1192 407 An
1230 386 1495 408 BENEmc'rUM
1525 387 1614 408 x111.
1973 378 2038 411 339

180 472 196 489 «
215 458 326 493 Orate
348 470 413 503 pro
438 458 684 493 Universitate
706 465 741 491 et
767 470 831 503 pro
853 458 1082 496 cancellario,
1101 458 1162 502 qui
1184 465 1239 491 cst
1264 465 1369 503 eaput
1395 459 1661 492 Universitatis.
1682 474 1697 489 »
1720 460 1951 492 Postmodum
1976 472 2039 504 per

180 524 459 558 Universitatem
481 524 549 557 suit
568 525 771 557 ordinatum
801 525 897 569 quod
927 524 1017 557 illud
1048 531 1246 564 revocaret,
1276 525 1430 557 dicendo
1452 526 1549 569 quod
1575 526 1654 570 ipse
1680 526 1916 558 cancellarius
1942 526 2038 558 Pari-

180 590 315 624 siensis
341 603 408 623 nec
436 597 491 623 est
517 597 622 636 caput
648 591 916 632 Universitatis,
946 603 1011 623 nec
1041 590 1194 635 alicujus
1223 590 1413 623 facultatis.
1446 591 1550 633 Quod
1578 598 1612 624 et
1637 592 1722 624 secit
1747 599 1826 624 ante
1854 592 2036 625 (lominum

181 657 399 690 cardinalem
423 657 739 698 Laudunensem³,
767 664 802 690 et
829 657 864 689 in
887 669 1055 690 sermone
1077 657 1119 690 ad
1150 657 1322 702 populum
1344 658 1436 689 sacto
1462 658 1498 689 in
1526 657 1655 702 palatio
1686 658 1787 702 regio
1809 659 1866 690 (lie
1896 658 1931 693 S.
1956 660 2040 691 Ber-

182 724 306 757 nardi‘
328 724 419 768 (ipso
440 730 558 756 tamen
575 724 769 769 cordigero
791 735 830 756 se
851 724 945 767 apud
968 724 1247 757 Universitatem
1267 730 1473 765 excusante,
1492 731 1527 756 et
1547 724 1688 757 dicente
1706 724 1802 769 quod
1821 724 1889 757 hoc
1909 725 2043 758 fecerat

183 801 226 823 ex
245 790 349 835 lapsu
369 790 508 835 lingue,
525 802 598 823 non
619 790 812 824 advertens
830 790 927 835 quod
944 789 1110 833 dicebat),
1128 796 1163 823 et
1183 790 1219 822 in
1241 790 1394 835 quodam
1418 802 1585 823 sermone
1606 790 1649 823 ad
1670 790 1819 832 clerum,
1842 791 2040 823 secundum

183 857 288 890 etiam
316 856 414 901 quod
445 856 670 890 Universitas
701 856 943 898 ordinaverat,
977 857 1021 889 de
1051 869 1143 902 pena
1171 857 1314 890 residua
1341 856 1494 889 ulterius
1522 869 1586 902 per
1613 869 1700 890 suos
1730 857 1919 902 deputatos
1945 857 2042 890 ordi-

183 929 348 956 natura.»
371 924 401 956 5.
425 923 573 956 Curavit
596 923 633 956 in
654 935 757 956 usum
782 923 906 956 reduci
928 930 1033 956 vetus
1055 930 1225 956 statutum
1247 923 1404 956 nationis
1425 923 1624 964 Gallicane,
1650 923 1747 968 quod
1767 925 1787 957 8
1808 923 1866 956 die
1886 924 2044 957 Januarii

184 988 320 1022 bedelli
341 1001 425 1023 suas
447 990 567 1034 virgas
591 989 817 1035 procuratori
840 996 875 1022 et
894 990 1030 1022 nationi
1057 989 1273 1023 submittunt
1294 996 1329 1023 et
1350 990 1518 1029 reddunt,
1541 1002 1674 1035 easque
1695 990 1875 1036 recipiunt
1894 997 2044 1023 tantuin-

186 1056 295 1089 modo
317 1068 360 1089 ex
381 1057 495 1101 gratia
516 1057 686 1090 nationis.

278 1145 348 1175 Bul„
365 1146 406 1174 lv,
420 1147 475 1175 967,
491 1154 504 1169 e
519 1146 578 1170 Lib.
593 1153 709 1177 procur.
725 1151 785 1171 nat.
805 1146 904 1171 Gallie.
922 1160 952 1163 —
967 1147 1022 1169 Art.
1038 1147 1052 1169 4
1068 1146 1139 1169 solus
1160 1153 1174 1168 a
1195 1146 1253 1169 Bul.
1275 1146 1307 1169 ad
1327 1145 1441 1168 litteram
1457 1146 1574 1175 affertur,
1593 1146 1699 1169 minime
1719 1146 1774 1176 alii,
1795 1150 1823 1170 ut
1840 1146 1918 1170 etiam
1937 1147 1963 1170 in
1981 1147 2049 1170 libro

187 1189 362 1221 Remarques
376 1197 429 1215 sur
446 1190 475 1214 la
489 1190 596 1221 diynite'
607 1192 646 1215 du
660 1195 779 1219 recteur‚
800 1194 858 1220 etc„
875 1199 901 1222 p.
919 1192 940 1214 7.

280 1265 344 1288 1.1n
361 1269 559 1296 procuratorem
575 1266 656 1289 electo
671 1275 713 1290 an.
731 1267 800 1295 1385,
816 1266 876 1289 Maii
892 1268 914 1289 5.
930 1280 957 1283 —-
969 1267 992 1289 2.
1006 1266 1115 1289 Videtur
1130 1266 1211 1289 fuisse
1226 1265 1376 1288 Dominicus
1393 1266 1423 1289 dc
1440 1266 1600 1289 Lunarivilla
1619 1267 1650 1289 de
1666 1267 1825 1298 Lotaringia,
1840 1267 1883 1298 qui
1900 1267 2049 1291 licentiatus

187 1312 227 1332 est
243 1309 270 1332 in
282 1309 362 1332 theol.
379 1318 421 1333 un.
437 1310 497 1333 1386
511 1311 589 1341 (1387)
606 1319 619 1334 e
636 1311 727 1335 Catal.
744 1311 837 1335 licent.
854 1310 1004 1334 Meminisse
1019 1310 1108 1338 libeat,
1126 1314 1187 1333 tunc
1201 1310 1328 1341 temporis
1341 1310 1545 1334 Universitatem
1561 1311 1587 1333 in
1601 1311 1786 1334 cancellarium
1801 1311 1930 1335 invectam
1945 1320 2002 1335 esse
2017 1313 2050 1335 ob

187 1354 305 1385 ejusdem
320 1354 501 1385 cupiditatem,
517 1363 608 1378 revera
625 1358 723 1384 tamen,
739 1355 800 1386 quia
816 1356 904 1378 sedem
924 1355 1047 1386 primam,
1064 1358 1124 1378 ante
1148 1358 1285 1384 rectorem,
1307 1358 1490 1386 occupaverat.
1511 1355 1569 1379 Vid.
1592 1355 1661 1378 infru
1683 1355 1792 1380 Introd.
1817 1356 1849 1379 ad
1873 1360 1923 1379 „um
1938 1357 2007 1380 1504.
2022 1370 2049 1374 —-

187 1398 210 1421 3.
229 1398 334 1422 Petrum
350 1399 381 1422 de
396 1399 540 1430 Montuigu‚
557 1399 588 1422 de
602 1408 652 1431 quo
668 1408 750 1431 supra
765 1408 791 1431 p.
811 1400 865 1428 222,
881 1402 934 1422 not.
950 1401 973 1427 (i,
990 1402 1015 1422 et
1032 1399 1102 1422 infru
1119 1399 1228 1431 pluries.
1241 1412 1273 1417 —-
1284 1402 1307 1424 [1.
1326 1400 1436 1431 Augusti
1453 1401 1491 1424 20.

193 1551 332 1590 1501.
354 1561 498 1587 lohannes
515 1562 616 1595 Piscis,
631 1566 723 1588 rector
743 1562 943 1589 Universitatis
959 1563 1161 1597 magistrorum
1177 1567 1204 1589 et
1219 1562 1392 1589 scholarium
1411 1563 1544 1588 Par-isius
1560 1562 1743 1597 studentium,
1758 1571 1848 1588 verum
1865 1563 2053 1589 testimonium

273 1610 413 1646 perhibet,
431 1610 588 1637 Iohannem
614 1611 750 1646 Saffredi,
769 1612 939 1646 magistrum
962 1613 990 1638 in
1010 1612 1122 1637 artibus
1146 1616 1172 1638 et
1189 1612 1217 1637 in
1239 1612 1390 1646 medicina,
1408 1615 1538 1637 curatum
1563 1612 1591 1637 in
1612 1611 1729 1647 paroch.
1752 1612 1819 1638 eccl.
1844 1613 1870 1638 S.
1896 1612 1995 1646 Egidii
2019 1612 2054 1638 de

275 1658 431 1693 Novavilla,
448 1659 542 1693 fuisse
563 1668 654 1686 verum
675 1664 702 1686 et
722 1661 886 1686 continuum
905 1661 1072 1695 magistrum
1093 1664 1233 1695 regentem
1255 1661 1283 1686 ιή
1303 1660 1456 1696 praedicta
1475 1660 1618 1695 facultate
1636 1660 1796 1686 medicinae
1812 1669 1859 1686 an.
1877 1662 1956 1686 Dom.
1974 1662 2052 1687 1381.

279 1709 374 1741 Quare
390 1708 483 1743 ipsum
499 1712 526 1734 et
541 1709 637 1734 omnia
660 1708 734 1735 bona
749 1718 804 1735 sua
825 1709 878 1735 sub
905 1710 1103 1736 Universitatis
1122 1710 1299 1745 protectione
1315 1713 1342 1735 et
1362 1709 1452 1735 tutela
1471 1709 1560 1743 ponit,
1584 1709 1733 1745 ipsumque
1755 1710 1952 1735 Universitatis
1965 1710 2054 1746 privi-

276 1756 359 1791 legiis
373 1757 501 1791 gaudere
516 1757 582 1783 vult.
601 1759 635 1784 In
649 1759 733 1792 cujus
748 1759 789 1785 rei
806 1759 1011 1785 testimonium
1026 1759 1155 1792 sigillum
1172 1759 1293 1785 rectorio
1310 1759 1386 1785 dicte
1399 1759 1595 1785 Universilatis
1610 1759 1791 1792 presentibus
1805 1759 1907 1785 litteris
1921 1759 2059 1785 duximus

273 1806 496 1839 apponendum.
514 1807 625 1833 Datum
642 1808 767 1834 Parisius
789 1815 868 1834 anno
890 1808 1009 1834 Domini
1026 1808 1182 1834 millesimo
1206 1808 1409 1834 trecentesimo
1428 1807 1624 1840 octuagesimo
1644 1808 1759 1841 quinto.
1780 1808 1826 1834 die
1845 1808 1931 1834 tercia
1950 1808 2057 1835 mensis

275 1855 450 1881 Novembris.

1363 1893 1439 1922 1385,
1455 1892 1601 1918 novembris
1615 1893 1641 1921 3,
1656 1892 1768 1918 Parisiis.

279 1954 414 1987 Originale
430 1956 455 1979 in
472 1956 551 1981 Areh.
568 1961 622 1981 nat.
641 1957 726 1981 Paris.
746 1958 778 1981 M.
796 1959 834 1987 70,
851 1958 931 1982 n011.
945 1972 975 1976 —
987 1958 1125 1987 Jourdain,
1140 1962 1169 1981 n⁰
1181 1959 1235 1981 815.
1257 1972 1289 1976 —
1302 1958 1361 1982 Joh.
1379 1958 1461 1981 Piscis
1477 1962 1562 1982 rector
1583 1958 1675 1982 Octoh.
1696 1958 1862 1983 'lO-Decemb.
1879 1959 1916 1988 16,
1933 1962 1958 1982 et
1974 1959 2054 1990 paulo

185 2003 261 2023 anteo
275 2004 432 2031 procuratur
446 2004 501 2024 nat.
517 2001 609 2026 Gallie.
627 2002 749 2032 Bulaeus,
766 2003 807 2031 lv,
820 2003 875 2026 986.

189 2140 332 2178 1502.
358 2150 484 2176 Clemens
503 2151 556 2177 VII
565 2151 702 2184 (Iohanni
717 2151 888 2185 Blancliort)
904 2151 1078 2178 cancellario
1097 2152 1200 2186 Paris.‚
1220 2155 1249 2177 ut
1268 2151 1415 2178 Guillelmo
1434 2154 1533 2186 Cat-on,
1553 2151 1619 2177 Ord.
1633 2151 1808 2185 Praedicat.‚
1826 2152 1875 2187 qui
1886 2160 1939 2187 per
1950 2151 2049 2188 plures

272 2207 363 2224 annos
379 2199 408 2224 in
423 2199 543 2225 diversis
560 2199 631 2225 locis
647 2200 716 2234 legit
736 2200 857 2235 logicam
878 2204 905 2226 et
918 2200 1134 2237 philosophiam
1152 2201 1314 2226 naturalem
1334 2205 1360 2226 et
1381 2201 1524 2235 moralem,
1544 2204 1570 2226 et
1585 2209 1657 2226 nunc
1674 2200 1701 2225 in
1717 2200 1776 2226 loco
1791 2202 1914 2235 fratrum
1930 2202 2047 2226 Nanne—

273 2251 344 2274 tens.
361 2247 487 2273 Bibliam
504 2252 532 2274 et
547 2248 650 2274 librum
668 2250 880 2275 Sententiarum
904 2253 971 2275 actu
987 2249 1063 2284 legit,
1088 2249 1190 2275 librum
1212 2250 1422 2275 Sententiarum
1439 2250 1467 2275 in
1489 2249 1594 2275 scholis
1612 2251 1637 2275 S.
1660 2249 1781 2274 Thomae
1796 2250 1824 2274 in
1845 2249 1904 2275 loco
1923 2251 2047 2284 fratrum

271 2296 342 2322 dicti
360 2296 426 2322 ord.
438 2298 528 2331 juxta
545 2306 647 2323 morem
660 2297 841 2333 praedictum
859 2298 973 2332 legendi
991 2302 1113 2334 tempore
1129 2298 1236 2324 aestivo
1247 2299 1377 2334 prozime
1390 2301 1487 2333 futuro
1503 2298 1647 2324 licentiam
1662 2297 1806 2324 concedat.
1824 2299 1888 2324 Dat.
1905 2298 2047 2325 Avinione

272 2346 297 2379 vj
314 2346 371 2371 kal.
388 2346 564 2375 Decembris.
580 2354 658 2373 anno
673 2348 782 2373 octavo.
800 2358 812 2371 «
829 2347 888 2373 Viri
903 2355 979 2374 sacre
996 2358 1019 2373 ».

1325 2384 1399 2413 1385,
1415 2382 1558 2409 uorembrss
1573 2384 1616 2413 26,
1632 2384 1760 2409 Arenione.

278 2452 339 2482 Reg.
356 2452 413 2475 Vnt.
430 2452 511 2475 Aven.
529 2452 670 2475 Clementis
686 2453 741 2483 VH,
757 2453 809 2477 vol.
826 2453 875 2481 XL,
894 2454 938 2477 sol.
954 2453 1009 2476 631‘.
1033 2467 1061 2471 —
1081 2454 1127 2477 An.
1143 2454 1271 2485 sequenti,
1284 2454 1356 2477 Junii
1376 2454 1413 2478 20.
1431 2453 1549 2477 Clemens
1565 2454 1610 2477 Vll
1628 2454 1697 2477 idem
1717 2453 1821 2476 omnino
1838 2453 1989 2476 mandatum
2013 2453 2046 2476 ad

183 2495 293 2519 cancell.
309 2495 392 2520 Paris.
408 2496 504 2527 repetit
522 2496 606 2526 (ibid.,
623 2497 674 2520 vol.
691 2498 753 2523 XLI.
772 2499 789 2521 s.
806 2498 860 2521 396.
877 2506 888 2521 <‹
902 2498 957 2520 Viri
973 2506 1046 2521 suere
1061 2500 1092 2527 ν).

189 2647 330 2685 1503.
356 2657 483 2684 Clemens
500 2660 551 2684 Vll
560 2659 703 2695 permittit
721 2660 806 2685 Petro
822 2660 917 2694 Regis,
936 2659 1014 2685 alias
1032 2660 1137 2694 O:iere‚
1157 2659 1222 2686 cler.
1240 2661 1346 2695 Paris7
1364 2660 1399 2686 de
1411 2660 1577 2696 presbytero
1593 2665 1619 2686 et
1639 2661 1792 2695 conjugata
1808 2660 1912 2694 genito,
1931 2663 1960 2684 ut
1973 2660 2043 2694 jura

272 2706 411 2732 canonica
427 2707 455 2732 in
474 2707 571 2733 studio
591 2708 688 2734 Paris.
706 2708 809 2742 legere,
832 2712 859 2734 et
878 2712 945 2745 post
966 2708 1103 2734 lecturam
1117 2708 1238 2743 gradum
1260 2709 1394 2735 licentiae
1416 2713 1443 2735 et
1466 2709 1578 2735 demum
1598 2709 1763 2734 doctoratus
1779 2709 1904 2743 insignia
1919 2708 2043 2743 recipere

273 2754 376 2789 valeat,
391 2757 519 2791 quamuis
535 2757 563 2782 in
576 2757 695 2782 statutis
713 2757 912 2783 Universitatis
928 2759 1023 2783 Paris.
1041 2761 1182 2792 caveatur,
1198 2767 1212 2782 ‹<
1225 2758 1301 2793 quod
1316 2758 1411 2783 nullus
1427 2758 1466 2783 ad
1481 2758 1629 2792 legendum
1643 2758 1746 2783 ibidem
1762 2757 1839 2782 dicta
1849 2758 1918 2791 jura
1929 2756 2044 2781 admitti

271 2803 354 2829 debet
368 2804 426 2830 nisi
440 2804 476 2830 de
491 2804 617 2840 legitimo
634 2806 816 2832 matrimonio
831 2810 999 2842 procreatus
1016 2807 1124 2832 eat-istat
1143 2816 1167 2832 ».
1186 2807 1249 2833 Dat.
1271 2807 1411 2833 Avinionc
1425 2807 1483 2833 kal.
1499 2807 1672 2840 Decembris,
1688 2814 1765 2832 anno
1780 2808 1890 2832 octavo.
1904 2816 1916 2829 α
1931 2805 2044 2831 Sincere

271 2852 435 2880 devocionis
451 2864 475 2879 n.

1373 2892 1448 2920 1385,
1464 2891 1582 2917 Becemb.
1601 2891 1617 2920 1,
1631 2891 1760 2917 avenione.

279 2927 341 2958 Reg.
354 2928 412 2952 Vnt.
428 2929 507 2954 Aven.
524 2929 664 2953 Clementis
678 2930 731 2957 Vll,
747 2930 799 2953 vol.
815 2930 877 2958 XLI,
895 2930 939 2954 sol.
954 2931 1007 2953 338.
