2488 3386
438 340 502 372 476
1015 345 1334 368 CHARTULARIUM
1370 343 1561 366 umvaus.
1599 339 1727 364 PARIS.
2201 329 2300 366 [1388

439 423 624 467 percipere
647 428 796 466 possent
816 421 871 453 vel
894 420 1083 460 deberent,
1105 431 1169 452 seu
1191 419 1235 451 de
1260 418 1328 451 hoc
1350 416 1590 462 quovismodo
1613 428 1652 449 se
1680 415 1933 454 intromittere,
1959 422 1993 448 et
2014 415 2044 448 si
2071 427 2163 461 opus
2188 423 2298 458 esset,

437 489 533 533 quod
555 488 639 521 dicti
661 488 830 520 doctores
853 493 1022 531 regentes
1044 491 1364 518 manutenerentur
1385 490 1420 516 et
1446 489 1751 516 conservarentur
1776 482 1813 514 in
1841 482 2078 527 possessione
2106 488 2139 515 et
2167 482 2300 515 saisina

436 555 600 599 capiendi
625 561 658 586 et
680 553 904 599 percipiendi
925 553 994 585 soli
1019 559 1054 585 et
1079 552 1114 584 in
1136 551 1292 584 solidum
1316 550 1408 582 dicta
1430 549 1590 594 proficua
1611 555 1647 581 et
1667 548 1922 590 emolumenta,
1945 560 2088 581 necnon
2108 548 2194 582 dicti
2216 549 2300 583 novi

437 622 604 654 doctores
622 620 787 653 solvendi
805 627 839 653 et
859 619 1035 652 solvendo
1053 618 1157 663 quitti
1179 624 1213 650 et
1234 617 1339 649 liberi
1361 615 1572 649 remanendi
1593 615 1749 648 bedellis
1767 615 1944 648 dictorum
1964 615 2151 648 doctorum
2170 627 2301 661 regen-

438 688 521 720 tium
545 687 663 720 debita
686 687 823 719 eisdem
846 686 937 718 solvi
959 691 1145 725 consueta,
1161 685 1261 728 juxta
1284 683 1378 715 dicte
1403 682 1581 715 facultatis
1603 682 1892 723 ordinacionem,
1915 682 2066 727 ipsaque
2091 681 2242 715 facultas
2262 682 2299 715 in

437 754 670 798 possessione
692 760 726 786 et
746 753 982 785 saisina....¹².

526 822 692 853 Preterea
709 819 805 864 quod
824 819 941 851 dictus
964 818 1006 850 de
1025 817 1147 850 Brolio
1165 817 1208 849 ad
1223 816 1487 849 emundandum
1506 816 1592 857 (sic)
1608 815 1715 848 nobis
1737 822 1772 848 et
1792 815 1898 849 dictis
1913 815 2097 848 actoribus
2114 827 2178 860 pro
2194 815 2300 848 dictis

435 887 659 927 excessibus,
683 886 827 930 injuriis
848 892 883 918 et
904 885 1046 917 delictis
1068 896 1132 928 per
1159 884 1292 928 ipsum,
1320 883 1448 915 dictam
1479 882 1612 915 salvam
1639 882 1800 927 gardiam
1822 888 1983 915 nostram
2004 881 2239 924 infringendo
2262 887 2294 915 et

433 953 519 986 alias
540 952 842 998 quamplurimum
867 950 1127 995 delinquendo,
1150 950 1380 995 perpetratis,
1403 949 1510 982 nobis
1531 948 1702 982 videlicet
1723 949 1767 981 de
1789 960 1927 981 summa
1949 948 2103 982 duorum
2131 948 2241 990 mille,
2264 955 2298 981 et

433 1020 538 1052 dictis
559 1019 741 1052 actoribus
763 1019 807 1051 (16
828 1018 926 1050 mille
947 1017 1051 1049 libris
1072 1017 1129 1050 vel
1150 1017 1187 1049 in
1207 1016 1287 1049 aliis
1310 1016 1487 1057 emendis,
1506 1017 1607 1060 juxta
1629 1015 1723 1048 dicte
1744 1022 1869 1048 nostre
1890 1015 1990 1048 curie
2012 1015 2296 1056 discrecionem;

433 1087 600 1131 idemque
629 1086 672 1118 de
705 1085 827 1118 Brolio
857 1085 985 1117 dictam
1016 1083 1149 1117 salvam
1182 1083 1343 1128 gardiam
1375 1082 1635 1128 reintegrando
1663 1082 1707 1115 ad
1736 1082 2000 1115 emandandum
2029 1081 2125 1114 dicto
2153 1081 2298 1114 bedello

432 1152 593 1197 generali
615 1164 678 1197 pro
701 1152 806 1184 dictis
827 1150 1040 1183 excessibus
1062 1157 1097 1183 et
1117 1150 1259 1183 delictis
1280 1150 1317 1182 in
1339 1150 1418 1194 ejus
1439 1161 1596 1194 persona
1618 1161 1682 1194 per
1705 1149 1839 1182 dictum
1863 1149 1907 1181 de
1936 1148 2073 1190 Brolio,
2094 1155 2154 1181 aut
2180 1147 2297 1181 saltim

432 1220 510 1263 ejus
530 1218 709 1257 mandato,
730 1218 832 1250 sactis
855 1224 889 1250 et
915 1217 1145 1262 perpetratis,
1168 1217 1212 1249 de
1240 1228 1376 1250 somma
1398 1223 1524 1261 quater
1545 1222 1688 1249 centum
1715 1215 1887 1248 librarum
1910 1215 1967 1249 vel
1993 1215 2029 1248 in
2050 1214 2111 1248 tali
2132 1214 2296 1256 emenda,

431 1292 537 1330 prout
566 1285 659 1317 dicte
686 1291 809 1317 nostre
830 1284 929 1317 curie
950 1284 1136 1317 videretur
1157 1283 1346 1328 expedire3
1370 1290 1405 1316 et
1434 1283 1532 1327 quod
1562 1283 1668 1316 dictis
1693 1282 1877 1315 actoribus
1903 1289 1938 1315 et
1963 1281 2108 1315 bedello
2130 1281 2297 1327 primitus

430 1364 532 1396 quam
556 1351 662 1384 nobis
691 1351 883 1384 satisfieret
913 1351 956 1383 de
986 1350 1057 1383 hiis
1085 1362 1154 1395 que
1184 1350 1254 1383 sibi
1283 1362 1347 1395 per
1368 1350 1498 1382 dictam
1528 1350 1663 1382 curiam
1689 1349 2000 1394 adjudicarentur3
2028 1348 2098 1394 ipsi
2120 1348 2232 1381 eciam
2253 1347 2298 1381 ad

430 1430 553 1451 eorum
576 1418 761 1463 proposita
782 1424 816 1450 et
837 1430 909 1450 non
931 1417 1049 1450 dictus
1071 1417 1115 1449 de
1138 1417 1260 1450 Brolio
1283 1423 1318 1450 et
1334 1416 1487 1450 Colinus
1509 1417 1697 1449 Sarraceni
1718 1416 2008 1456 admitterentur,
2026 1422 2060 1448 et
2082 1415 2180 1460 quod
2201 1414 2295 1448 idem

432 1485 474 1517 de
497 1485 619 1517 Brolio
641 1485 677 1517 in
699 1485 876 1517 dictorum
898 1490 1059 1517 actorum
1081 1484 1261 1528 dampnis,
1282 1483 1463 1516 interesse
1485 1490 1520 1516 et
1539 1483 1710 1528 expensis
1731 1483 2099 1527 condempnarentur.

518 1551 676 1584 Tandem
705 1551 837 1584 auditis
867 1551 1027 1595 partibus
1058 1550 1249 1583 antedictis
1283 1550 1320 1583 in
1350 1550 1520 1583 omnibus
1551 1561 1621 1595 que
1649 1550 1740 1582 circa
1774 1549 1951 1594 premissa
1982 1555 2051 1582 tam
2087 1548 2297 1594 replicando

430 1630 533 1663 quam
556 1618 774 1662 duplicando
792 1618 912 1650 dicere
929 1624 964 1650 et
985 1629 1188 1662 proponere
1205 1616 1412 1657 voluerunt,
1432 1617 1519 1650 visis
1540 1617 1691 1662 insuper
1707 1616 1817 1649 certis
1839 1615 2048 1649 racionibus
2069 1627 2134 1660 per
2150 1615 2296 1648 modum

431 1685 603 1717 memorie
631 1696 695 1729 per
716 1685 828 1717 dictas
856 1691 988 1729 partes,
1011 1684 1193 1728 certisque
1220 1684 1376 1725 statutis,
1402 1683 1714 1725 ordinacionibus,
1742 1683 1886 1724 litteris,
1910 1682 2078 1728 registris
2106 1694 2170 1727 per
2196 1682 2297 1727 ipsos

431 1751 604 1784 decanum
627 1758 661 1784 et
680 1751 873 1796 collegium
896 1751 990 1784 dicte
1015 1751 1206 1792 facultatis,
1229 1751 1384 1795 aliisque
1413 1750 1560 1792 litteris,
1581 1750 1669 1783 actis
1698 1757 1733 1783 et
1763 1749 1998 1782 munimentis
2029 1749 2181 1794 partium
2216 1760 2298 1794 pre-

430 1818 604 1850 dictarum
633 1818 749 1850 eidem
779 1818 878 1850 curie
909 1824 1032 1850 nostre
1060 1817 1230 1850 exhibitis
1259 1823 1291 1850 et
1323 1817 1482 1858 traditis,
1514 1816 1829 1861 consideratisque
1860 1822 1893 1849 et
1924 1816 2070 1849 attentis
2101 1815 2299 1860 diligenter

431 1884 599 1917 omnibus
620 1885 713 1917 circa
734 1884 801 1917 hoc
822 1885 1052 1917 attendendis
1073 1891 1108 1917 et
1128 1896 1198 1929 que
1219 1884 1349 1917 dictam
1366 1884 1501 1917 curiam
1523 1890 1683 1917 nostram
1704 1883 1741 1916 in
1763 1883 1827 1916 hac
1849 1889 1948 1928 parte
1965 1894 2111 1916 movere
2133 1888 2299 1927 poterant

431 1957 465 1983 et
485 1950 676 1991 debebant,
699 1963 762 1996 per
782 1957 957 1983 arrestum
980 1951 1143 1996 ejusdem
1166 1951 1265 1984 curie
1287 1951 1421 1984 dictum
1448 1950 1517 1983 fuit
1543 1950 1640 1995 quod
1670 1950 1789 1983 dictus
1818 1949 1861 1982 de
1892 1949 2028 1990 Brolio,
2058 1949 2095 1981 in
2125 1954 2296 1993 quantum
2345 1991 2348 1993 ι

431 2018 574 2050 racione
596 2017 689 2050 dicte
714 2017 881 2050 lectionis
903 2018 1123 2050 matutinalis
1147 2030 1185 2051 se
1207 2024 1431 2062 conquestus
1452 2018 1579 2058 fuerat,
1604 2017 1844 2062 proponendo
1865 2016 1962 2061 quod
1983 2027 2060 2049 eam
2082 2014 2152 2048 sibi
2172 2014 2296 2060 legere

431 2084 571 2125 licebat,
595 2091 629 2117 et
656 2085 752 2129 quod
780 2096 855 2117 eam
886 2084 1043 2129 legendo
1065 2085 1192 2118 doctor
1217 2096 1351 2129 regens
1380 2084 1539 2129 reputari
1569 2083 1736 2125 debebat,
1760 2090 1796 2116 et
1821 2083 1865 2116 ad
1894 2089 2011 2116 certas
2038 2081 2296 2115 conclusiones

432 2163 494 2195 per
521 2151 638 2195 ipsum
667 2152 811 2184 racione
842 2151 934 2184 dicte
966 2151 1135 2184 lectionis
1166 2163 1274 2196 supra
1303 2152 1431 2192 sactas;
1463 2151 1500 2183 in
1533 2157 1705 2196 quantum
1737 2150 1848 2183 eciam
1878 2156 2002 2183 contra
2032 2148 2295 2194 querimoniam

433 2217 609 2250 dictorum
638 2218 764 2251 decani
792 2225 827 2251 et
851 2218 998 2263 collegii
1028 2219 1122 2251 dicte
1149 2218 1329 2251 facultatis
1360 2218 1504 2250 racione
1535 2218 1696 2263 predicte
1725 2217 1894 2250 lectionis
1924 2215 2145 2249 matutinalis
2172 2221 2296 2248 contra

433 2284 565 2316 dictum
587 2285 630 2317 de
652 2285 774 2317 Brolio
791 2285 915 2317 factam
938 2297 976 2318 se
999 2292 1231 2330 opposuerat,
1249 2297 1322 2317 non
1339 2292 1415 2318 erat
1434 2297 1501 2317 nec
1518 2291 1574 2318 est
1589 2284 1849 2322 admittendus,
1866 2295 1905 2316 ac
1926 2283 2043 2328 ipsum
2063 2293 2135 2315 non
2151 2281 2298 2314 admisit

434 2351 525 2383 dicta
550 2351 647 2383 curia
677 2358 799 2384 nostra
825 2364 890 2384 nec
918 2352 1083 2393 admittit,
1108 2351 1511 2396 manutenebunturque
1539 2358 1574 2384 et
1600 2350 1914 2384 conservabuntur
1941 2349 2049 2382 iidem
2077 2349 2236 2381 decanus
2262 2354 2298 2381 et

432 2417 624 2461 collegium
646 2418 682 2450 in
703 2418 779 2450 suis
805 2418 1104 2462 possessionibus
1130 2425 1165 2451 et
1191 2419 1338 2451 saisinis
1366 2430 1430 2463 per
1450 2419 1551 2463 ipsos
1582 2418 1727 2451 racione
1755 2417 1849 2450 dicte
1879 2415 2047 2449 lectionis
2075 2414 2296 2447 matutinalis

435 2495 542 2528 supra
562 2484 676 2524 sactis,
699 2491 815 2516 amoto
837 2485 968 2517 abinde
990 2486 1087 2517 omni
1109 2486 1368 2530 impedimento
1391 2497 1455 2530 per
1475 2485 1611 2518 dictum
1639 2485 1683 2517 de
1710 2483 1833 2516 Brolio
1855 2483 1892 2515 in
1920 2482 2108 2528 premissis
2129 2481 2296 2526 apposito

434 2561 472 2582 ac
501 2561 606 2582 manu
637 2557 758 2582 nostra
787 2550 899 2583 levata
929 2551 972 2583 ad
1004 2551 1165 2595 ipsorum
1197 2552 1323 2584 decani
1354 2558 1389 2584 et
1418 2551 1565 2596 collegii
1593 2550 1796 2583 utilitatem.
1829 2551 1896 2582 Per
1918 2549 2088 2593 idemque
2118 2554 2296 2581 arrestum

435 2615 567 2648 dictum
584 2616 662 2654 fuit,
681 2616 776 2660 quod
799 2618 1038 2660 prenominati
1059 2618 1101 2650 ad
1124 2625 1329 2662 requestam
1346 2618 1432 2651 dicti
1449 2618 1494 2650 de
1516 2617 1638 2650 Brolio
1655 2617 1692 2649 in
1708 2628 1794 2649 casu
1811 2622 2100 2660 attemptatorum
2118 2614 2296 2658 adjornati

436 2682 581 2714 minime
608 2688 873 2726 attemptarunt,
903 2696 941 2715 ac
966 2684 1066 2728 ipsos
1088 2684 1244 2717 absolvit
1271 2685 1364 2717 dicta
1389 2685 1488 2717 curia
1514 2691 1637 2717 nostra
1664 2683 1707 2716 ab
1733 2681 2030 2728 impeticionibus
2052 2688 2087 2714 et
2106 2680 2296 2714 demandis

436 2748 611 2781 dictorum
634 2748 678 2780 de
699 2749 820 2781 Brolio
843 2756 877 2781 et
897 2751 1141 2793 procuratoris
1167 2751 1295 2792 nostri,
1317 2752 1462 2784 racione
1483 2751 1661 2783 dictorum
1682 2756 1987 2794 atteniptatorum,
2004 2755 2043 2781 ut
2063 2746 2294 2793 premittitur,

436 2826 541 2859 supra
562 2814 676 2847 sactis.
701 2816 742 2847 Et
762 2815 797 2846 in
819 2822 988 2859 quantum
1007 2816 1134 2848 dictam
1153 2817 1350 2850 leccionem
1373 2818 1460 2850 hora
1481 2817 1596 2862 prime
1617 2816 1691 2862 legi
1711 2822 1920 2849 consuetam
1943 2815 2143 2855 concernit,
2161 2813 2295 2859 prefata

435 2880 530 2912 curia
553 2887 675 2913 nostra
697 2881 811 2913 dictos
833 2881 1038 2925 singulares
1060 2889 1156 2915 extra
1179 2895 1390 2927 processum
1413 2884 1536 2928 posuit
1555 2895 1620 2928 per
1635 2883 1909 2916 advoamentum
1931 2882 2095 2926 ipsorum
2113 2880 2240 2913 decani
2260 2885 2296 2912 et
