2488 3386
411 306 476 338 488
988 316 1303 338 CliAssTULARtUM
1340 316 1529 338 umvens.
1569 316 1696 338 mnis.
2029 310 2031 312 '
2176 301 2273 337 [1387

412 389 663 422 sanctissimus
682 389 848 422 Urbanus
872 401 959 433 papa
982 389 1142 433 quintus,
1162 390 1222 434 qui
1244 390 1389 422 fratrem
1410 389 1609 423 Johannem
1633 389 1848 422 Fontechaw
1866 388 2111 433 cordigerum‚
2130 399 2209 420 cum
2232 387 2275 420 ab

412 455 475 488 hac
496 455 662 488 facultate
683 455 970 500 condempnatus
1001 455 1044 487 ad
1074 468 1153 488 eum
1177 456 1409 501 appellasset,
1432 463 1514 501 post
1535 456 1643 489 multa
1665 457 1707 489 ad
1735 456 1885 488 eandem
1907 455 2058 495 remisit,
2082 454 2275 499 coegitque

412 522 527 566 ipsius
550 521 673 554 subire
690 522 883 565 judicium,
906 522 1045 562 dicens,
1069 528 1107 554 ut
1133 522 1259 563 fertur,v
1282 526 1345 563 [se]
1369 523 1503 556 nescire
1525 524 1584 557 ubi
1605 523 1730 556 melius
1752 534 1896 567 usquam
1921 521 2081 566 cognitio
2107 520 2277 554 catholice

410 588 578 622 veritatis
604 588 804 621 haberetur.
831 590 944 621 Porro
966 588 1061 633 apud
1087 588 1287 621 Johannem
1320 589 1363 622 de
1384 589 1564 630 Craonna,
1587 591 1801 622 Remensem
1831 588 2160 633 archiepiscopum,
2182 593 2276 620 tanta

412 655 478 687 fuit
498 654 606 699 hujus
627 654 805 687 facultatis
827 655 950 699 opinio
971 661 1076 699 atque
1099 656 1306 688 reverencia
1324 662 1362 688 ut
1383 668 1528 689 errores
1548 656 1734 700 cujusdam
1753 656 1873 688 fratris
1896 654 2058 687 Nicholai
2078 654 2122 687 de
2146 655 2277 698 Esper-

413 732 514 761 naco⁷
534 721 683 754 Ordinis
699 720 955 761 Jacobitarum‚
974 733 1046 753 non
1064 721 1133 753 nisi
1155 733 1198 754 ex
1219 722 1335 766 ipsius
1355 722 1534 755 facultatis
1551 722 1706 755 consilio
1724 721 1984 767 dampnaverit,
2002 727 2034 754 et
2052 727 2090 753 ut
2107 720 2275 753 dictatum

411 786 455 819 ab
477 799 515 819 ea
542 794 629 828 erat,
656 787 802 820 fratrem
826 787 924 820 illum
948 787 1123 832 compulit
1143 795 1351 830 retractare,
1375 789 1407 821 ei
1430 789 1620 821 Remensis
1642 788 1800 821 diocesis
1821 788 2077 821 habitationem
2102 793 2277 832 perpetuo

412 853 648 886 interdicens.
671 855 750 886 Non
773 854 904 898 loquor
924 858 1107 898 [quantum
1132 854 1186 895 ad]
1210 855 1321 887 Paris.
1346 855 1554 900 episcopos,
1577 855 1637 900 qui
1659 855 1695 887 in
1716 854 1950 888 articulorum
1972 866 2011 887 ac
2033 853 2275 886 hereticorum

413 920 666 965 dampnatione
688 921 833 952 eorum⁵
856 932 1000 965 semper
1021 921 1077 953 usi
1099 927 1184 954 sunt
1203 922 1429 962 auctoritate,
1453 934 1532 954 nam
1564 934 1690 954 omnes
1719 922 1832 954 ferme
1862 921 1899 953 in
1928 921 2052 953 arduis
2077 921 2124 953 ita
2144 920 2276 952 secisse

413 986 566 1019 ubilibet
585 987 704 1020 video.
730 988 772 1019 Et
792 987 922 1019 exinde
945 994 1042 1032 parta
1064 994 1118 1020 est
1140 987 1199 1020 illa
1222 987 1446 1033 percelebris
1456 989 1575 1033 fama,
1593 1000 1655 1033 que
1677 989 1712 1022 in
1733 988 1795 1021 hac
1809 988 1903 1021 alma
1914 987 2096 1032 facultate
2112 992 2276 1031 tanquam

416 1064 448 1085 tN
478 1064 562 1085 SEDE
594 1064 656 1085 sm
683 1053 892 1087 catholicam
916 1054 1104 1087 veritatem
1132 1055 1286 1098 reponit,
1313 1066 1370 1088 nec
1396 1055 1439 1088 ab
1465 1067 1502 1088 ea
1529 1066 1690 1100 umquam
1714 1054 1820 1088 avelli
1839 1054 2001 1098 potuisse
2025 1052 2275 1087 commendat‘.

413 1120 563 1152 Maxima
585 1120 678 1152 enim
702 1132 810 1164 opera
833 1120 927 1164 apud
948 1121 1104 1165 majores
1126 1128 1272 1154 nostros
1294 1128 1369 1154 erat
1390 1121 1574 1162 exhihere,
1598 1133 1642 1154 ne
1664 1121 1827 1161 hereses,
1850 1120 1926 1153 sive
1953 1120 2063 1161 serio,
2085 1120 2162 1153 sive
2178 1120 2276 1164 joco,

411 1186 759 1231 dogmatisarentur;
783 1186 927 1219 aiebant
947 1187 1055 1225 enim,
1079 1188 1115 1220 in
1136 1187 1207 1220 fide
1228 1189 1351 1232 jocum
1375 1188 1513 1221 nullum
1535 1188 1664 1221 cadere
1686 1194 1721 1220 et
1741 1188 1778 1220 in
1799 1199 1837 1220 re
1858 1187 1956 1220 nulla
1978 1186 2277 1231 periculosiorem

415 1265 498 1285 esse
520 1253 663 1285 errandi
692 1253 886 1286 licentiam.
914 1253 1156 1296 Quamobrem
1185 1255 1369 1300 corrigere
1401 1255 1491 1287 male
1513 1255 1618 1295 dicta,
1642 1255 1671 1287 si
1699 1266 1825 1287 eorum
1852 1260 1971 1298 spreta
1994 1259 2092 1286 esset
2113 1252 2277 1294 monitio,

411 1319 691 1364 compellebant.

503 1401 518 1416 «
537 1386 607 1419 Sed
629 1398 673 1418 ne
695 1387 818 1419 videar
839 1387 875 1419 in
897 1387 1002 1420 vobis
1021 1388 1223 1421 notissimis
1244 1388 1337 1421 vicio
1359 1389 1558 1422 senectutis
1580 1388 1809 1433 multiloquio
1826 1388 2004 1428 laborare,
2021 1394 2140 1432 patres
2157 1386 2280 1419 catho-

414 1452 486 1491 lici,
515 1465 574 1485 res
604 1453 685 1486 talis
716 1460 783 1486 est.
818 1455 996 1487 Hesterno
1018 1467 1171 1500 vespere
1197 1456 1323 1500 optimi
1354 1456 1499 1500 quidum
1525 1457 1681 1500 juvenes
1710 1455 1754 1488 ad
1786 1468 1840 1488 me
1861 1454 2129 1492 accesserunffl,
2158 1453 2280 1486 tristes

416 1519 578 1563 profecto
596 1520 733 1561 nuncii,
752 1527 785 1553 et
807 1532 879 1553 non
901 1521 1004 1553 aliter
1027 1522 1111 1554 moti
1133 1522 1266 1561 animo,
1289 1535 1392 1567 quam
1419 1523 1448 1555 si
1472 1534 1602 1567 graves
1622 1522 1774 1567 injurias
1796 1521 1961 1566 perpessi
1983 1527 2118 1561 essent⁷
2142 1520 2203 1565 qui
2223 1520 2282 1553 vix

417 1585 559 1618 tandem
581 1586 716 1626 verbis,
741 1587 991 1632 indignatione
1013 1588 1145 1632 plenis,
1168 1589 1265 1633 quod
1294 1589 1330 1621 in
1358 1595 1478 1621 mente
1506 1595 1581 1622 erat
1613 1589 1785 1633 quodque
1812 1588 2001 1621 audierant
2028 1586 2220 1632 explicant,
2247 1592 2283 1619 et

413 1651 628 1685 abscedunt.
652 1653 692 1685 Id
720 1653 839 1698 ipsum
860 1661 976 1686 autem
999 1654 1042 1687 ad
1063 1667 1128 1687 vos
1150 1655 1385 1688 deserendum
1409 1656 1549 1693 censui,
1572 1667 1637 1687 nec
1659 1654 1766 1687 michi
1788 1655 1979 1699 quisquam
2001 1653 2085 1686 inde
2106 1652 2282 1686 molestus

416 1719 476 1760 sit,
500 1719 581 1763 quia
603 1719 759 1752 officium
782 1720 871 1752 illud
894 1733 1012 1753 meum
1035 1733 1117 1754 esse
1138 1721 1320 1760 voluistis,
1343 1729 1463 1767 patres
1484 1722 1663 1762 ortodoxi‚
1690 1728 1725 1754 et
1749 1721 1963 1762 doctrinam,
1990 1732 2062 1753 non
2087 1720 2280 1760 actorem⁸,

417 1785 479 1829 qui
502 1785 610 1818 michi
631 1793 727 1819 certe
750 1786 898 1831 ignotus
919 1794 985 1828 est7
1009 1800 1154 1821 accuso.
1177 1789 1349 1830 Quamvis
1372 1789 1458 1833 quid
1487 1789 1613 1821 timere
1642 1788 1804 1828 habeam,
1828 1787 1885 1820 cui
1917 1787 1968 1820 nil
1999 1787 2161 1819 deterius
2190 1786 2283 1831 eripi

418 1858 550 1896 potest,
573 1865 677 1897 quam
699 1853 770 1885 vite
793 1853 927 1886 tedium
951 1861 1056 1899 atque
1078 1855 1256 1888 sacietas?
1276 1855 1471 1900 Opponere
1493 1856 1587 1888 enim
1618 1855 1725 1887 michi
1747 1855 1832 1887 licet
1859 1866 1940 1887 cum
1962 1855 2082 1886 Marco
2105 1852 2281 1887 Castricio

417 1919 549 1963 gladiis
581 1919 705 1952 multis
733 1920 866 1953 multos
899 1922 1048 1959 annos⁹,
1081 1929 1116 1955 et
1144 1934 1224 1955 cum
1248 1922 1396 1963 Solone⁷
1426 1922 1572 1955 vincere
1603 1922 1816 1955 tirannicum
1851 1921 2016 1954 timorem
2045 1920 2280 1953 senectute¹⁰.

420 1986 582 2018 Referam
606 1986 717 2031 igitur
738 1987 835 2031 quod
857 1988 900 2020 ad
924 2000 977 2020 me
999 1988 1156 2021 delatum
1179 1995 1232 2022 est
1257 2001 1263 2021 z
1282 2001 1347 2022 vos
1363 1989 1535 2034 judicate,
1560 1996 1593 2021 et
1613 1996 1866 2022 antecessores
1887 1994 2029 2020 vestros
2051 1986 2284 2032 quemadmo-

419 2052 503 2084 dum
526 2053 562 2084 in
584 2053 728 2094 studiis,
747 2054 798 2086 sic
820 2054 856 2086 in
879 2054 1042 2088 moribus
1063 2055 1265 2088 imitemini.
1288 2070 1302 2086 1)

509 2119 585 2152 Hiis
607 2119 714 2153 dictis
734 2120 882 2153 cedulas
903 2122 1075 2166 quasdam
1098 2122 1247 2167 protulit
1268 2129 1303 2155 et
1330 2134 1390 2155 eas
1418 2123 1542 2168 legere
1568 2123 1760 2167 incipiens.
1789 2134 1862 2154 non
1889 2121 1981 2154 bene
2007 2121 2097 2153 duas
2119 2119 2284 2165 proposi-

420 2185 537 2218 tiones
566 2194 807 2230 expresserat.
835 2187 918 2219 dum
950 2188 1011 2220 ille
1041 2188 1163 2221 talium
1195 2189 1389 2222 assertor¹¹
1413 2201 1611 2234 assurgens
1641 2189 1790 2231 (ibidem
1823 2188 1917 2221 enim
1949 2187 2084 2229 aderat)
2114 2198 2120 2218 :
2152 2201 2167 2217 «
2191 2187 2282 2226 Non,

421 2251 549 2295 inquit,
568 2264 640 2284 non
662 2260 828 2297 opportet
850 2266 905 2286 me
927 2254 1090 2293 silere¹²;
1110 2268 1178 2300 ego
1197 2268 1275 2288 sum
1298 2257 1358 2301 qui
1380 2256 1446 2289 hec
1468 2256 1551 2289 dixi.
1577 2257 1655 2288 Non
1677 2255 1867 2300 oportebat.
1886 2261 1955 2287 tam
1976 2253 2125 2298 longum
2148 2263 2285 2285 serino-

422 2329 501 2349 nem
524 2317 674 2358 habcreg
699 2319 765 2351 iste
788 2321 1059 2364 propositiones
1078 2321 1121 2354 ab
1142 2322 1209 2355 hoc
1231 2323 1345 2367 capite
1368 2329 1626 2368 processerunt
1646 2336 1676 2361 »,
1698 2323 1926 2366 frontemque
1948 2319 2055 2353 simul
2079 2319 2197 2363 tetigit
2217 2318 2285 2351 hoc

422 2383 588 2416 dicendo.
620 2387 691 2417 Ilec
720 2398 787 2418 vox
813 2387 847 2418 in
871 2399 910 2420 se
932 2389 1090 2420 omnium
1114 2389 1240 2422 oculos
1262 2390 1381 2430 vertit7
1410 2389 1623 2434 induxitque
1645 2395 1829 2433 stuporem
1852 2387 1919 2419 viri
1948 2386 2056 2431 hujus
2082 2385 2283 2424 temeritas3

423 2462 488 2482 nec
507 2450 585 2483 tulit
602 2451 759 2484 decanus
777 2453 862 2497 quin
881 2454 939 2486 illa
953 2455 1092 2498 judicio
1110 2467 1176 2488 suo
1194 2456 1284 2488 male
1302 2456 1394 2489 dicta
1411 2460 1498 2497 [sua]
1516 2467 1597 2488 esse
1614 2461 1807 2488 assereret.
1827 2454 1896 2487 Sed
1915 2453 2063 2486 alterius
2082 2458 2203 2497 presto
2219 2451 2286 2484 fuit

424 2517 615 2560 responsio
635 2529 641 2549 :
662 2532 677 2548 «
697 2520 774 2550 Non
797 2519 983 2561 dubitetis.
1002 2521 1130 2566 inquit,
1150 2534 1218 2567 ego
1240 2522 1333 2555 bene
1355 2522 1544 2555 sustinebo
1566 2523 1632 2555 ista
1652 2536 1680 2562 n,
1699 2521 1902 2565 adjecitque
1920 2519 2043 2552 eadem
2066 2530 2158 2564 pene
2175 2517 2284 2551 verba

424 2594 492 2627 que
515 2583 615 2627 prius
638 2584 673 2616 in
695 2585 804 2617 scolis
827 2586 1011 2628 habuerat,
1036 2588 1127 2622 ultra
1154 2589 1354 2622 admonens
1384 2589 1591 2633 magistros,
1613 2595 1737 2621 cautos
1764 2588 1840 2620 fore
1867 2593 1902 2619 et
1930 2586 2023 2618 bene
2051 2596 2177 2618 cavere
2198 2583 2285 2628 quid

423 2656 586 2694 agerent,
609 2651 777 2694 quoniam
805 2652 903 2685 Ordo
931 2654 989 2686 vel
1017 2666 1142 2688 eorum
1169 2656 1298 2688 (lomus
1320 2656 1559 2688 destructioni
1587 2654 1784 2700 proximior
1805 2660 1891 2693 erat,
1915 2665 2018 2697 quam
2040 2652 2118 2697 ipse
2140 2662 2286 2684 revoca-

425 2715 525 2747 tioni.
549 2717 761 2761 Preceptum
781 2718 839 2751 isti
862 2726 970 2752 estut
987 2721 1148 2754 codicem
1166 2734 1270 2754 suum
1289 2722 1325 2754 in
1342 2734 1413 2766 quo
1434 2722 1499 2754 hec
1517 2722 1649 2766 scripta
1667 2727 1765 2753 erant
1788 2719 1992 2757 exhiberet3
2012 2718 2110 2764 quod
2129 2717 2286 2750 libenter

424 2793 463 2813 se
484 2782 659 2814 facturum
682 2784 818 2816 annuit.
836 2786 969 2818 Jussus
991 2787 1141 2832 insuper
1159 2789 1299 2820 tradere
1321 2800 1360 2821 ca
1378 2800 1447 2832 que
1469 2788 1505 2820 in
1522 2788 1699 2832 vesperiis
1721 2787 1798 2819 suis
1819 2786 1925 2831 paulo
1947 2785 2116 2830 superius
2133 2784 2283 2823 dixerat,

424 2848 471 2879 ait
493 2860 531 2880 se
547 2849 619 2892 jam
642 2849 702 2881 illa
723 2850 759 2882 in
781 2851 1016 2895 Arragouiam
1040 2855 1298 2888 transmisisse.
