2488 3386
448 367 510 400 632
1025 371 1342 395 CHARTULARIUM
1377 370 1565 392 nutvans.
1602 371 1730 392 ranis.
2213 361 2312 398 [1394

448 450 626 494 angustia,
655 447 817 493 expressi
844 453 940 487 sunt,
968 446 1055 479 alias
1083 453 1201 479 tamen
1228 446 1383 477 fortasse
1405 443 1521 477 adhue
1546 444 1661 489 magis
1682 444 1918 490 explicandi³.
1941 446 2055 488 Quam
2077 446 2213 480 idcirco
2237 448 2313 493 epi-

451 516 577 549 stolam
599 521 718 548 vestre
739 513 954 546 beatitudini
975 525 1048 545 non
1073 512 1261 553 mittimus,
1284 511 1381 556 quod
1408 522 1472 555 per
1498 510 1598 555 regie
1620 518 1829 556 preceptum
1847 513 2045 557 majestatis
2065 513 2312 547 transmissam

445 584 516 627 jam
539 593 620 614 esse
642 581 790 614 scimus.

539 649 721 688 Ceterum,
744 653 844 692 pater
865 646 1087 686 beatissime,
1110 645 1216 678 nobis
1238 656 1277 677 ea
1299 656 1368 689 que
1389 643 1542 676 audistis
1559 655 1645 689 erga
1665 645 1839 689 prefatum
1859 645 2059 691 principem
2077 659 2142 692 pro
2160 647 2314 680 ecclesie

451 715 565 748 salute
596 721 631 747 et
663 713 855 747 concordib
884 713 1018 745 unione
1047 711 1240 757 agentibus
1275 717 1310 743 et
1343 710 1437 743 circa
1465 717 1533 743 tam
1565 717 1727 744 sanctum
1763 723 1868 756 opus,
1901 713 1998 757 pium
2032 725 2070 746 ac
2101 713 2317 759 religiosum

452 793 595 826 operam
626 780 809 821 dantibus,
832 779 1044 824 supervenit
1068 778 1237 811 inimicus
1258 777 1401 818 homo⁵,
1423 777 1484 822 qui
1514 777 1672 822 antiquis
1699 778 1845 812 zizaniis
1870 791 1962 812 nova
1988 780 2315 825 superseminando

451 847 546 880 hunc
576 854 687 880 totum
717 846 876 879 laborem
905 852 1066 878 nostrum
1097 851 1165 878 tam
1197 844 1391 881 salubrem,
1423 850 1566 888 tamque
1597 844 1836 886 fructiferum,
1868 846 2081 891 extinguere
2113 853 2148 880 et
2173 859 2316 880 cassare

452 914 549 957 (licet
568 914 711 957 frustra)
741 913 887 946 molitus
913 919 979 944 est.
1008 913 1051 944 Et
1075 911 1191 956 primo
1220 910 1364 956 quidem
1396 910 1581 955 temptavit
1606 910 1831 944 audienciam
1859 919 2019 945 nostram
2047 913 2084 945 in
2112 913 2211 959 regia
2237 925 2319 959 pre-

454 980 574 1013 sencia
595 979 784 1024 impedire,
808 990 878 1023 quo
899 977 1040 1010 facilius
1062 978 1192 1010 sactum
1215 978 1478 1021 rumperetur⁶.
1506 976 1646 1009 Deinde
1667 976 1729 1009 ubi
1755 976 1823 1010 hoc
1849 984 1991 1023 ceptum
2019 979 2166 1012 minime
2193 991 2320 1024 proce-

454 1046 540 1079 dere
562 1046 675 1078 sensit
692 1052 726 1077 et
747 1057 785 1077 se
807 1045 951 1089 penitus
969 1044 1131 1076 elusum⁷
1148 1043 1192 1076 de
1210 1055 1273 1088 spe
1291 1043 1474 1076 decidisse
1491 1043 1593 1084 vidit,
1611 1043 1655 1076 ad
1675 1043 1778 1076 aliam
1796 1044 1968 1078 continuo
1985 1045 2160 1078 fallaciam
2177 1057 2216 1079 se
2237 1058 2322 1079 con-

453 1113 572 1153 vertit,
595 1119 629 1145 et
650 1123 760 1156 super
779 1111 843 1144 hac
869 1111 1013 1143 materia
1034 1117 1249 1155 perpetuum
1272 1109 1463 1142 silencium
1485 1109 1591 1143 nobis
1612 1110 1750 1155 imponi
1766 1111 1870 1144 nisus
1887 1118 1954 1144 est.
1973 1112 2044 1145 Sed
2060 1119 2157 1145 certe
2174 1113 2319 1158 dignam

454 1179 602 1212 nimium
630 1178 866 1222 meritamque
895 1177 1075 1222 repulsam
1103 1176 1238 1217 retulit,
1267 1177 1327 1221 qui
1353 1189 1371 1209 a
1401 1188 1488 1222 rege
1514 1176 1818 1210 christianissimo
1843 1177 2217 1224 christianissimaque
2241 1180 2321 1225 ejus

455 1245 653 1290 propagine
671 1251 738 1277 tam
761 1244 973 1289 imperium⁸
996 1243 1208 1289 nepharium
1232 1250 1375 1288 tamque
1396 1243 1615 1289 inexpiabile
1639 1244 1760 1277 scelus
1781 1245 2024 1290 poposcisset,
2044 1252 2082 1278 ut
2101 1257 2212 1291 super
2237 1246 2322 1279 reli-

455 1312 576 1357 gionis
593 1318 628 1344 et
643 1311 728 1344 fidei
745 1311 941 1344 christiane
958 1310 1119 1351 materia,
1137 1322 1248 1355 super
1265 1310 1421 1344 ecclesie
1441 1317 1564 1343 sancte
1581 1310 1844 1356 dissipacione⁹
1863 1311 2156 1357 dampnabilique
2168 1313 2320 1357 jactura,

455 1378 666 1411 doctoribus
684 1377 838 1410 ecclesie
856 1384 889 1410 et
906 1377 1067 1410 lucernis
1084 1376 1297 1410 ardentibus
1314 1377 1505 1410 silencium
1523 1378 1739 1422 imponeret.
1757 1379 1917 1423 Nequam
1934 1379 1996 1423 qui
2012 1378 2080 1412 hoc
2096 1379 2320 1424 cogitavit¹⁰3

456 1445 611 1489 nequior
638 1445 699 1490 qui
730 1451 797 1477 tam
825 1445 950 1489 iniquo
981 1444 1154 1489 cogitatui
1183 1444 1388 1484 consensit;
1417 1444 1665 1489 nequissimus
1691 1445 1752 1490 qui
1777 1444 1845 1478 hoc
1870 1445 1989 1490 ipsum
2015 1443 2321 1479 abhominandum

455 1511 594 1544 facinus
616 1511 761 1556 explere
782 1509 908 1544 voluit.
938 1512 1027 1551 Heu,
1058 1517 1158 1555 pater
1184 1510 1406 1549 beatissime,
1429 1511 1558 1543 iterum
1586 1510 1669 1551 heu,
1697 1511 1810 1544 tercio
1835 1511 1920 1553 heu,
1947 1512 2045 1557 quod
2069 1513 2125 1546 vir
2151 1512 2323 1546 ecclesia-

457 1578 570 1610 sticus
586 1577 654 1610 hoc
675 1577 820 1610 audeat!
845 1578 880 1610 Si
903 1577 984 1622 quis
1004 1576 1073 1610 hoc
1092 1576 1204 1610 verbo
1222 1577 1404 1610 dumtaxat
1422 1578 1656 1622 pertinaciter
1675 1578 1825 1619 diceret,
1846 1577 2044 1611 hereticum
2066 1591 2320 1620 censeremus,

457 1651 492 1677 et
511 1656 578 1677 nos
600 1643 744 1689 publice
772 1644 851 1677 fieri
872 1644 1028 1689 idipsum
1056 1651 1162 1689 atque
1188 1644 1335 1689 impune
1360 1645 1544 1677 feremus?
1568 1645 1769 1678 Deterioris
1797 1644 1910 1678 multo
1936 1645 2092 1691 exempli
2117 1652 2152 1679 et
2175 1646 2323 1691 majoris

457 1717 542 1743 sunt
562 1710 721 1743 scandali
742 1711 831 1743 facta
853 1723 957 1755 quam
978 1710 1099 1743 verba.
1119 1710 1382 1744 Beatitudinem
1401 1718 1555 1744 vestram
1573 1711 1695 1744 talium
1713 1711 1892 1745 vindicem
1915 1723 1997 1745 esse
2014 1712 2198 1754 decuerat,
2215 1724 2321 1758 quam

456 1783 492 1810 et
512 1789 578 1809 nos
599 1777 636 1809 in
657 1777 831 1810 ultionem
853 1777 1106 1822 hujuscemodi
1127 1777 1303 1810 malorum
1325 1777 1562 1823 appellamus,
1585 1778 1821 1823 imploramus
1846 1785 1953 1823 atque
1974 1785 2218 1824 expectamus,
2240 1791 2322 1812 nam

457 1843 500 1876 de
527 1844 645 1877 modis
675 1851 710 1877 et
734 1844 865 1877 mediis
891 1856 954 1889 per
984 1856 1076 1889 quos
1105 1856 1210 1877 suum
1247 1844 1475 1890 dampnabile
1506 1845 1732 1890 propositum
1764 1845 1929 1878 obtinere
1955 1852 2106 1879 conatus
2136 1852 2204 1888 est,
2235 1845 2323 1891 quid

460 1910 586 1943 attinet
615 1910 836 1943 scribere¹¹P
864 1911 946 1944 Noti
976 1923 1068 1956 pene
1101 1911 1271 1944 omnibus
1302 1918 1398 1953 sunt,
1430 1923 1496 1944 nec
1527 1912 1637 1944 eciam
1667 1912 1769 1957 digni
1800 1911 1923 1953 scribi,
1956 1924 2001 1945 ne
2035 1912 2201 1958 paginam
2231 1908 2324 1946 hanc

457 1983 616 2009 nostram
643 1989 707 2010 sua
736 1977 882 2010 feditate
913 1978 1087 2023 polluant.
1125 1979 1168 2010 Et
1195 1990 1239 2010 ne
1275 1985 1371 2011 erret
1401 1978 1617 2018 estimando,
1649 1985 1811 2011 secretos
1845 1990 1928 2012 esse
1964 1978 2064 2012 illos!
2100 1979 2193 2012 Satis
2224 1985 2326 2014 certe,
2356 2001 2358 2003 ·

458 2043 592 2076 scimus
618 2055 700 2084 eos,
729 2044 849 2077 sciunt
874 2056 1000 2077 omnes
1028 2045 1291 2090 propemodum
1324 2052 1357 2078 et
1387 2045 1564 2077 mirantur
1588 2045 1693 2090 regni
1719 2045 1828 2090 hujus
1858 2045 2152 2078 christianissimi
2181 2042 2324 2086 accole;¹

458 2110 586 2151 scient,
604 2110 695 2155 proh
712 2111 843 2155 pudor,
859 2118 979 2144 extere
1001 2111 1191 2151 naciones,
1215 2112 1344 2153 scient,
1363 2112 1521 2157 inquam,
1545 2112 1679 2145 utinam
1702 2124 1776 2145 non
1792 2112 1836 2145 ad
1856 2119 1977 2145 vestre
1994 2112 2194 2146 sanctitatis
2211 2112 2325 2146 dede-

457 2188 534 2218 cus,
562 2177 695 2209 utinam
723 2190 795 2210 non
821 2177 865 2210 ad
892 2184 1012 2211 vestre
1034 2190 1142 2211 cause
1164 2178 1435 2219 detrimentum,
1454 2179 1588 2212 utinam
1616 2191 1688 2211 non
1713 2179 1756 2212 ad
1778 2179 1896 2212 tocius
1918 2178 2157 2212 ecclesiastici
2181 2179 2324 2213 ordinis

457 2243 721 2285 confusionem,
745 2243 981 2289 obprobrium
1003 2251 1038 2277 et
1058 2246 1322 2290 contemptum!

547 2311 757 2355 Eapropter,
787 2318 887 2355 pater
918 2311 1140 2353 beatissime,
1174 2324 1238 2356 per
1269 2311 1377 2344 fidem
1408 2312 1694 2357 integerrimam,
1725 2324 1789 2357 per
1822 2312 1928 2345 fedus
1960 2312 2221 2354 inviolandum,
2257 2324 2323 2358 per

458 2387 613 2407 amorem
637 2377 899 2421 amplissimum
921 2384 956 2410 et
976 2378 1279 2414 sincerissimum,
1302 2390 1408 2423 quem
1434 2378 1478 2410 ad
1504 2390 1674 2423 sponsam
1701 2378 1890 2412 ecclesiam
1917 2378 2050 2411 habere
2075 2375 2230 2420 debetis,
2258 2391 2322 2424 per

460 2442 649 2485 pastoralis
674 2443 866 2487 vigilancie
891 2443 1045 2476 debitam
1070 2444 1368 2486 sollicitudinem,
1392 2457 1456 2489 per
1476 2452 1636 2478 materne
1657 2445 1816 2486 miserie,
1838 2445 2060 2478 discriminis
2081 2452 2141 2478 aut
2161 2445 2321 2485 scandali

460 2509 747 2552 compassionem
779 2511 1225 2556 commiseracionemque,
1255 2523 1320 2556 per
1347 2512 1377 2544 si
1404 2524 1472 2556 qua
1501 2512 1613 2544 vestri
1638 2511 1790 2544 honoris
1817 2509 1942 2544 animo
1961 2523 2047 2544 cura
2079 2511 2323 2558 residet„per>

460 2581 630 2618 quantum
651 2574 755 2608 vobis
776 2588 854 2608 cara
880 2583 933 2609 est
955 2577 1052 2610 salus
1079 2577 1195 2610 anime
1216 2585 1349 2619 vestre,
1372 2590 1437 2611 vos
1461 2578 1647 2611 hortamur
1671 2585 1706 2610 et
1728 2578 1857 2610 iterum
1884 2578 2088 2623 iterumque
2114 2585 2321 2624 repetentes

459 2640 642 2673 caritative
663 2653 864 2682 monemus,
888 2650 926 2675 ut
941 2643 985 2675 ad
1005 2643 1095 2676 hanc
1116 2644 1394 2677 sacratissimam
1417 2644 1661 2686 concordiam,
1680 2656 1750 2689 que
1766 2645 1803 2676 in
1819 2643 1938 2678 vestra
1955 2657 2060 2677 manu
2078 2645 2145 2678 sita
2162 2651 2229 2685 est,
2247 2657 2330 2685 non>

459 2706 551 2739 ultra
571 2708 643 2752 jam
666 2708 896 2752 prorogando
925 2710 1132 2743 intendatis.
1161 2711 1254 2743 Satis
1276 2712 1363 2755 jam,
1390 2711 1477 2744 satis
1502 2710 1691 2756 hucusque
1717 2718 1897 2743 cessatum
1923 2710 1989 2752 est,
2013 2711 2100 2744 satis
2123 2707 2330 2757 tepuimus,

459 2773 545 2806 satis
571 2774 788 2818 quievimus,
816 2775 903 2807 satis
935 2777 1250 2820 expectavimus¹².
1278 2777 1535 2822 Exurgendum
1568 2777 1710 2810 'tandem
1743 2777 1936 2822 aliquando
1961 2778 2009 2811 ad
2035 2789 2158 2823 pacem
2183 2785 2258 2819 est,
2286 2785 2330 2811 et«

458 2840 598 2872 resides
620 2846 880 2885 torpentesque
896 2842 969 2886 jam
995 2842 1103 2875 animi
1128 2843 1171 2875 ad
1194 2843 1302 2888 hujus
1324 2844 1375 2876 rei
1397 2855 1612 2889 aggressum
1634 2844 1826 2885 excitandi,
1853 2844 1924 2877 nisi
1949 2844 2079 2877 scisma
2105 2851 2318 2890 perpetuum

458 2906 566 2949 <quod
588 2905 798 2953 Altissimus
820 2909 964 2950 avertat)
990 2908 1026 2940 in
1048 2908 1201 2941 ecclesia
1223 2909 1359 2942 Christi
1385 2910 1593 2954 permittere
1618 2910 1868 2955 proponimus.
1892 2910 1982 2953 Quia
2005 2911 2077 2955 jam
2104 2922 2146 2943 eo
2172 2909 2318 2950 ventum
