2488 3386
196 333 290 369 1391]
962 342 1009 363 DE
1045 341 1286 363 scnisMATE.
1990 333 2053 365 595

198 451 337 488 1660.
363 460 461 495 Legati
477 464 609 494 exparte
625 459 699 494 regis
721 457 876 484 Wenceslai
896 457 935 483 ad
955 466 1046 492 regem
1063 458 1233 483 Francorum
1257 457 1336 482 missi
1356 458 1478 492 offerunt
1505 458 1686 484 Universitati
1701 459 1794 485 Paris.
1813 459 1972 495 epistolam,
1996 468 2053 494 qua

282 509 451 536 admonetur·
465 514 496 536 ut
508 509 619 535 laboret
633 508 673 534 ad
689 507 818 534 Schisma
833 506 1036 533 removendum.

1455 542 1495 568 Αη.
1513 543 1590 571 1390,
1606 543 1768 575 Septembris.

288 633 390 656 Chron.
403 633 450 656 des
465 636 569 663 quatre
579 632 717 662 premiers
739 631 839 661 Valot's‚
856 639 882 662 p.
904 631 959 654 316.
975 630 1010 653 De
1031 638 1110 652 causa
1129 629 1268 660 legationis
1287 629 1339 652 vid.
1359 629 1481 658 Lindner,
1499 631 1592 654 Geseh.
1610 632 1654 655 des
1674 632 1821 655 deutschen
1836 632 1949 656 Reiches
1969 636 2053 656 miter

192 677 286 707 Ko'm'y
302 677 424 706 Wenzel,
440 677 473 706 ΙΙ,
489 685 515 707 p.
532 676 573 699 321
590 684 628 707 sq.
645 676 684 699 Cf.
703 676 797 705 Pelzel,
812 675 884 700 Κόη.
903 675 1025 704 W'enzel,
1038 675 1056 702 Ι,
1077 675 1257 703 Urkwndbch,
1276 678 1305 696 n0
1320 675 1358 703 72.
1374 683 1400 705 p,
1414 675 1452 697 92.

198 839 338 876 1661.
364 847 488 873 Clemens
510 849 562 873 VII
578 848 661 882 regis7
686 850 883 881 magnatorum
907 850 934 871 et
950 846 1112 882 principum
1130 846 1256 880 gratiam
1280 845 1363 870 donis
1383 845 1532 870 uberrimis
1548 846 1730 871 commercari
1744 849 1895 879 statuerat,
1914 855 1948 872 ne
1969 855 2055 881 super

282 896 383 922 unione
405 895 543 922 ecclesiae
564 904 653 921 vocem
674 895 894 931 apostolicorum
918 895 1036 920 virorum
1063 894 1259 920 Universitatis
1279 894 1374 921 Paris.
1394 894 1536 928 audirent,
1558 903 1631 930 quae
1649 903 1740 929 regem
1751 895 1926 931 jampridem
1943 894 2054 931 pluries

281 944 405 979 adierat,
430 944 481 970 sed
507 945 651 981 repulsam
671 952 763 980 passa
779 948 858 978 erat;
879 944 907 969 in
931 944 1148 978 congregatione
1166 943 1296 978 generali
1320 943 1399 979 apud
1415 945 1443 969 S.
1460 943 1637 969 Ber-nardum
1655 943 1722 979 plus
1743 952 1827 979 quam
1850 944 1902 971 300
1923 944 2055 978 magistri

282 994 480 1028 interfuerunt,
500 995 549 1029 qui
573 994 746 1019 unanimiter
766 993 963 1019 concluserunt
985 1002 1076 1027 regem
1097 993 1197 1018 iterum
1218 992 1389 1018 adeundum.
1413 992 1535 1025 Quidam
1558 992 1655 1018 doctor
1677 992 1705 1018 in
1725 993 1882 1027 theologia*
1900 993 2054 1028 deputatus

282 1046 332 1077 est⁷
352 1043 409 1078 qui,
428 1042 510 1068 adItu
526 1042 678 1075 difficulter
693 1042 813 1076 obtento,
833 1042 922 1067 multa
938 1042 1003 1067 stilo
1021 1042 1131 1067 cronico
1146 1041 1291 1077 peroravit
1304 1051 1312 1066 .·
1328 1041 1488 1066 rationibus
1504 1045 1531 1066 et
1547 1041 1768 1067 auctoritatibus
1778 1041 1911 1077 probavit
1925 1042 2054 1067 unionem

281 1091 443 1117 necessario
460 1100 521 1117 esse
540 1090 773 1127 promovendam7·
791 1090 933 1116 scandala
951 1090 1065 1125 infinita
1081 1099 1117 1115 ex
1131 1089 1284 1115 schismate
1305 1094 1368 1115 orta
1389 1090 1537 1125 exposuit;
1560 1098 1639 1124 reges
1655 1094 1682 1115 ct
1694 1082 1839 1126 principes
1854 1099 1940 1126 super
1961 1100 2055 1116 omnes

282 1140 372 1165 teneri
392 1139 496 1165 sedare
518 1139 704 1173 scandalum;
733 1139 773 1164 ad
793 1139 843 1165 hoc
864 1139 953 1165 teneri
977 1148 1072 1164 omnes
1095 1139 1182 1164 etiam
1208 1139 1355 1174 utriusque
1378 1142 1487 1164 status:
1503 1138 1555 1164 sed
1576 1139 1683 1164 cunctis
1703 1139 1862 1164 tacentibus
1883 1140 2055 1165 Universitas

280 1189 374 1214 Paris.
395 1188 446 1214 hoc
457 1197 620 1224 promovere
632 1187 775 1224 poterat2.

315 1238 377 1263 Rex
391 1246 446 1262 non
461 1237 551 1263 solum
573 1237 716 1273 repulsam
732 1236 819 1271 dedit,
839 1236 891 1262 sed
906 1240 933 1262 et
948 1236 1094 1271 magistris
1107 1245 1122 1262 «
1138 1236 1281 1262 silentium
1300 1236 1460 1261 continuum
1479 1236 1578 1270 edixit,
1598 1236 1624 1261 si
1639 1236 1776 1261 timebant
1791 1237 1897 1271 regiam
1913 1237 2055 1271 offendere

281 1286 478 1321 majestatem³
492 1295 517 1312 ».

1337 1334 1409 1360 Circa
1425 1334 1466 1360 tin.
1485 1335 1642 1368 1390-1391,
1660 1335 1771 1360 Parisiis.

287 1371 388 1394 Chron.
402 1371 442 1394 du
458 1370 509 1394 rel.
525 1371 558 1394 de
573 1370 773 1400 saint-Denys,
795 1370 813 1397 Ι,
830 1371 884 1396 692.
900 1371 955 1393 694.

284 1454 307 1478 1.
326 1454 360 1477 Ut
373 1454 523 1485 opinamur,
540 1454 650 1484 Egidius
664 1454 695 1476 de
711 1453 827 1484 Campis.
848 1467 875 1470 —
892 1454 914 1476 2.
927 1454 964 1476 En
979 1454 1067 1476 omnia
1083 1454 1108 1476 in
1121 1457 1235 1477 tractatu
1246 1458 1275 1476 11⁰
1287 1453 1346 1476 1663
1357 1457 1477 1484 excerpto
1493 1454 1638 1478 luculenter
1649 1458 1820 1486 exponuntur,
1838 1463 1867 1478 ex
1881 1463 1930 1486 quo
1947 1459 2057 1485 apparet

191 1507 270 1530 quum
285 1498 375 1522 intime
390 1507 449 1521 curn
460 1498 687 1529 propositionibus
704 1506 785 1528 supra
803 1498 891 1521 allatis
907 1498 1054 1523 cohaereat.
1076 1513 1103 1516 --
1122 1499 1144 1522 3.
1158 1498 1215 1521 Vid.
1233 1498 1265 1521 ad
1281 1498 1344 1521 haec
1359 1502 1396 1520 n⁰⁸
1417 1499 1476 1521 1662
1496 1502 1520 1522 et
1537 1499 1605 1522 1663.
1622 1500 1669 1523 An.
1688 1500 1756 1528 1389,
1778 1500 1851 1527 Nov.,
1872 1508 1917 1522 rex
1935 1499 2058 1530 promisit

191 1543 326 1571 Clementi,
343 1542 465 1566 unionem
483 1544 580 1565 factum
596 1542 627 1565 iri
646 1542 836 1573 suppressione
853 1551 938 1574 papae
954 1542 1063 1566 Romani
1084 1542 1233 1572 (Froissart,
1253 1543 1317 1572 XIV,
1333 1551 1358 1574 p.
1376 1543 1423 1571 38).
1444 1543 1608 1566 Universitns
1624 1543 1707 1567 Paris.
1721 1544 1775 1574 jum
1794 1547 1855 1566 tune
1877 1547 1966 1566 contra
1982 1543 2056 1567 viam

190 1587 261 1618 facti
275 1590 344 1616 (ξι-αἱς
360 1595 408 1619 per
419 1595 480 1610 suus
496 1587 677 1610 conclusiones
694 1587 861 1618 propositum
877 1587 947 1618 regis
963 1587 1109 1618 impedivit.

197 1750 338 1787 1662.
363 1758 499 1784 Facultas
522 1758 697 1784 decretorum
718 1759 813 1784 Paris.
833 1759 947 1792 asserit,
974 1758 1167 1784 desistendum
1190 1767 1251 1784 esse
1271 1758 1310 1784 ad
1325 1763 1434 1794 tempus
1455 1767 1490 1784 ex
1505 1763 1588 1794 parte
1610 1759 1806 1785 Universitatis
1823 1768 1841 1784 a
1861 1760 2058 1795 prosecutione

282 1808 394 1833 unionis
411 1807 549 1833 ecclesiae
562 1811 679 1843 propter
689 1811 873 1843 praeceptum
889 1807 989 1842 regis&

1571 1844 1612 1869 An.
1631 1844 1700 1870 1391.

289 1930 440 1954 Tractatus
457 1938 544 1960 super
561 1930 683 1955 materia
705 1930 820 1954 unionis
840 1931 924 1958 Eccl.¹
944 1931 1001 1955 cod.
1020 1931 1078 1954 vat.
1095 1931 1220 1959 1nt.11927,
1238 1932 1280 1954 sol.
1298 1931 1348 1960 Stib,
1365 1931 1416 1960 981³,
1433 1933 1471 1960 99,
1491 1935 1516 1954 et
1533 1931 1600 1954 intra
1617 1936 1645 1954 11⁰
1665 1932 1733 1955 1663.
1751 1933 1806 1956 Jam
1828 1935 1897 1961 tunc,
1916 1936 1943 1955 ut
1961 1941 1990 1955 ex
2009 1932 2057 1955 hoe

190 1978 309 2006 apparet,
328 1983 377 1997 non
399 1975 483 1998 solum
502 1983 545 1998 nn.
562 1975 630 2002 1395,
649 1974 803 1997 decretistae
819 1983 846 1998 se
869 1975 1038 2005 opponebant
1057 1975 1196 2006 theologis.
1218 1976 1274 1998 Dux
1293 1976 1492 1999 decretistarum
1512 1976 1615 1999 videtur
1638 1977 1718 1999 fuisse
1741 1977 1828 1999 Simon
1850 1977 1880 1999 de
1900 1976 2056 2005 Cramaudo,

190 2019 342 2050 patriarcha
356 2019 557 2047 AlexandrinuS,
575 2018 619 2050 qui
638 2019 686 2042 fuit
703 2019 876 2042 concellarius
893 2019 966 2042 ducis
985 2019 1151 2049 Biturieens„
1165 2023 1190 2043 et
1205 2020 1267 2043 olim
1286 2020 1376 2043 doctor
1394 2020 1419 2042 in
1436 2021 1485 2043 sac.
1502 2020 1596 2043 decret.
1611 2021 1729 2043 Nondum
1745 2024 1830 2043 tamen
1850 2024 1911 2043 tunc
1931 2021 2056 2052 temporis

190 2067 219 2086 ut
234 2064 266 2086 ub
282 2072 324 2087 un.
342 2064 410 2091 1395,
424 2063 556 2094 oppositio
571 2063 780 2086 Normannorum
796 2063 926 2087 efferbuit.

282 2108 428 2137 Nescimus,
444 2107 591 2139 usquedum
608 2108 718 2130 facultas
735 2107 829 2130 decret.
854 2115 880 2130 se
901 2108 1063 2139 opposuerit.
1080 2108 1226 2139 Opinumur
1248 2108 1340 2131 saltem
1360 2116 1442 2140 usque
1458 2109 1490 2131 ad
1510 2117 1552 2132 un.
1574 2109 1642 2136 1392,
1659 2117 1709 2140 quo
1727 2117 1794 2132 anno
1814 2117 1844 2132 eu
1866 2109 1922 2132 sola
1941 2110 2056 2132 rotulum

189 2160 301 2183 parvum
318 2153 350 2175 nd
366 2152 525 2175 Clementem
541 2152 612 2175 misit
629 2152 691 2181 (vid.
704 2156 753 2174 „um
769 2152 849 2181 1597).

283 2235 304 2259 1.
323 2235 408 2266 Supra
421 2239 449 2258 n⁰
463 2236 532 2258 1661.

195 2343 335 2380 1663.
363 2352 484 2386 Quidam
509 2352 655 2387 theologus
683 2353 881 2379 Universitatis
905 2354 998 2380 Paris.
1020 2354 1153 2389 (Egidius
1169 2354 1204 2380 de
1223 2354 1335 2390 Campis
1357 2354 1397 2380 vel
1414 2353 1557 2379 Joliannes
1575 2355 1690 2388 Gerson)
1716 2356 1878 2380 Tractatum
1899 2356 2054 2391 composuit

277 2410 364 2437 super
383 2402 504 2427 materia
521 2402 633 2427 unionis
655 2402 800 2437 ecclesiae,
820 2404 966 2436 affirmans
989 2403 1203 2428 Universitatem.
1220 2402 1260 2428 ad
1274 2411 1385 2438 semper
1400 2406 1426 2428 et
1438 2412 1491 2438 pro
1507 2412 1617 2438 semper
1632 2402 1756 2437 obligari
1771 2403 1810 2428 ad
1824 2404 2052 2439 prosequendam

278 2451 407 2476 unionem
424 2450 572 2476 ecclesiae.
590 2450 698 2476 Dividit
715 2452 876 2477 Tractatum
890 2452 917 2477 in
933 2453 947 2477 7
963 2452 1110 2477 articulos.

313 2501 345 2525 In
361 2501 389 2526 1⁰
405 2501 474 2534 agit,
494 2499 632 2535 quomodo
645 2504 830 2535 praeceptum
843 2510 1000 2536 procurare
1013 2501 1144 2526 unionem
1157 2500 1295 2526 ecclesiae
1311 2500 1350 2525 ad
1365 2509 1476 2535 semper
1489 2504 1516 2525 et
1526 2509 1580 2536 pro
1596 2509 1706 2536 semper
1720 2500 1832 2534 obliget.

313 2550 342 2575 2⁰
360 2548 503 2582 Quomodo
519 2549 653 2574 laborare
673 2549 713 2574 ad
730 2549 859 2575 unionem
878 2550 944 2575 eccl.
963 2550 1088 2575 diversos
1102 2549 1288 2575 diversimode
1310 2549 1362 2574 sub
1383 2553 1503 2585 peccato
1526 2549 1639 2583 obliget,
1664 2550 1789 2575 Maaeime
1810 2550 1954 2585 obligatur
1972 2552 2050 2576 Rom.

275 2597 415 2633 pontifex,
435 2597 483 2632 qui
499 2597 538 2623 ad
558 2597 684 2623 dandum
704 2598 804 2623 bonum
825 2599 984 2634 exemplum
1001 2598 1160 2633 obligatur,-
1178 2602 1296 2634 propter
1313 2597 1440 2623 Schisma
1453 2607 1613 2633 promovere
1635 2607 1688 2624 non
1711 2599 1794 2624 debet
1806 2599 1884 2633 filios
1905 2599 2049 2634 nobilium,

275 2646 302 2671 si
326 2646 383 2671 sint
399 2647 516 2680 juvenes
537 2650 564 2671 et
587 2646 762 2681 ignorantes.
786 2647 896 2673 Deinde
916 2647 1082 2682 obligantur
1099 2647 1230 2683 praelati
1254 2650 1281 2672 et
1303 2646 1353 2671 viri
1377 2646 1580 2681 ecclesiastici,·
1605 2647 1733 2673 doctores
1756 2648 1908 2682 ecclesiae,-
1933 2648 2052 2683 quilibet

274 2694 457 2720 christianus.

311 2744 343 2768 In
363 2744 391 2769 3⁰
410 2743 540 2777 articulo,
555 2744 662 2779 probat
686 2744 888 2779 negligentiam
909 2745 988 2770 Rom.
1009 2745 1157 2780 pontificis
1177 2744 1355 2779 aliorumque
1370 2743 1577 2779 praelatorum.
1597 2744 1628 2769 Si
1646 2744 1768 2778 dicatur,
1786 2745 1966 2777 sufficientem
1982 2744 2051 2770 diti-

274 2791 400 2825 gentiam
417 2791 561 2826 habuisse,
585 2801 600 2817 (ι
617 2801 682 2818 nam
706 2793 763 2829 ipsi
778 2792 818 2818 ad
833 2793 939 2818 multas
956 2797 1058 2829 partes
1076 2793 1303 2818 ambassiatores
1319 2792 1463 2826 miserunt,
1483 2796 1513 2818 ut
1534 2792 1698 2818 cardinales
1717 2797 1743 2818 et
1754 2793 1884 2828 prelatos
1903 2793 1943 2818 ad
1960 2793 2049 2827 insor—

276 2839 409 2865 mandum
429 2849 475 2865 cos
493 2840 528 2866 de
545 2840 602 2866 ista
618 2842 741 2867 materia
762 2856 790 2861 -
815 2841 1011 2878 respondetur,
1031 2841 1107 2877 quod
1129 2841 1195 2867 licet
1213 2841 1349 2866 miserunt
1365 2841 1487 2876 aliquos,
1508 2845 1602 2867 tamen
1618 2841 1662 2867 illi
1676 2842 1763 2876 missi,
1782 2842 1850 2876 quia
1866 2842 1949 2867 istum
1966 2842 2050 2867 insti-

276 2892 389 2914 tuerunt
412 2889 440 2914 in
461 2889 528 2915 sede
549 2890 719 2925 apostolica,
745 2899 800 2916 non
821 2895 903 2916 erunt
927 2891 1120 2917 convenientes
1145 2891 1329 2916 instructores
1354 2890 1436 2915 istius
1463 2890 1597 2925 veritatis,
1623 2890 1675 2916 sed
1695 2890 1820 2916 homines
1844 2890 2050 2925 quodammodo
