2488 3386
153 347 248 384 1362]
574 362 616 384 ΑΒ
651 362 755 384 ΑΝΝο
789 361 922 384 MGCCL
956 361 1087 390 USQUE
1121 362 1169 383 An
1205 363 1470 385 BENEDmTUM
1504 364 1595 386 xm.
1968 358 2010 390 89

873 471 977 491 NACIo
1005 471 1288 493 NORMANNORUM.

240 558 532 592 Clementis-‚sime
549 558 727 591 sanctitati
748 565 868 591 vestre
890 558 1070 603 supplicat
1089 558 1275 591 humiliter
1291 559 1363 591 filia
1384 566 1503 592 vestra
1521 559 1647 593 devota
1668 561 1885 594 universitas
1906 563 2013 607 inagi-

151 630 308 657 strorum
334 631 369 657 et
395 624 588 657 scolarium
610 625 770 657 Parisius
792 625 1034 666 studencium,
1058 631 1236 669 quatenus
1258 625 1373 657 eidem
1396 626 1545 669 gratiam
1574 626 1774 670 dignemini
1799 627 1915 659 facere
1937 639 2013 672 spe-

151 690 276 723 cialem
298 690 524 735 providendo
547 691 729 736 magistris
757 691 793 723 in
820 690 958 724 artibus
983 691 1027 724 de
1058 691 1210 724 nacione
1237 692 1527 724 Normannorum
1555 692 1707 725 inferius
1734 692 1950 737 subscriptis
1972 694 2015 726 de

151 752 340 786 beneficiis

240 851 374 884 Magistro
389 851 500 877 Thome
514 851 656 880 Durandi.
670 851 882 877 Constantiens.
899 851 998 877 dioc...

239 900 374 933 Magistro
389 900 551 926 Guillermo
566 900 722 929 Lamberti,
737 901 894 933 presbitero
909 901 1135 933 Rothomagens.
1150 899 1247 926 dioc...

240 948 374 981 Mag1str0
388 949 515 975 Johanni
527 949 563 975 de
578 949 678 982 Brayo,
692 950 918 982 Rothomagens.
935 949 1032 975 dioc...

241 997 376 1030 Magistro
391 998 518 1023 Johanni
534 998 662 1027 Boulini,
679 998 890 1024 Constantiens.
906 998 1004 1024 dioc...

242 1046 377 1080 Magistro
391 1046 519 1072 Johanni
534 1047 757 1079 Carpentatoris,
774 1047 1000 1079 Rothomagens.
1017 1046 1114 1073 dioc...

241 1095 376 1128 Magistro
390 1095 517 1121 Johanni
532 1096 664 1125 Ascefini,
682 1096 826 1129 Baj0t3ens.
841 1095 939 1121 dioc...

243 1144 376 1177 Magistro
391 1144 522 1170 Michaeli
536 1145 737 1174 Cornubiensi,
753 1144 846 1178 presb.
863 1144 1035 1177 Ebroycens.
1053 1144 1150 1170 dioc...

241 1193 376 1225 Magistro
391 1193 502 1226 Rogero
517 1193 553 1219 de
567 1193 723 1223 Montibus,
737 1193 831 1226 presb.
849 1194 1077 1226 Rothomagens.
1093 1193 1166 1219 dioc.
1184 1193 1229 1227 [de
1241 1201 1305 1220 can.
1323 1193 1349 1219 S.
1368 1193 1483 1219 Martini
1496 1192 1677 1228 Turonens.].

240 1241 374 1274 Magistro
389 1241 494 1267 Jacobo
508 1242 620 1271 Posteli,
636 1242 862 1275 Rothomagens.
877 1242 974 1268 dioc...

241 1290 376 1323 Magistro
391 1290 554 1317 Guillermo
569 1290 664 1320 Dami,
681 1291 893 1316 Constantiens.
908 1291 1005 1316 dioc...

241 1339 376 1372 Magistro
390 1339 515 1365 Roberto
530 1340 570 1365 du
587 1340 689 1369 Besier,
706 1340 919 1365 Constantiens.
933 1340 1031 1365 dioc...

241 1388 375 1421 Magistro
391 1389 596 1414 Bartholomeo
609 1389 736 1420 Mauger,
753 1388 846 1421 presb.
864 1389 1090 1421 Rothomagens.
1105 1388 1202 1414 dioc...

240 1437 374 1469 Magistro
389 1437 550 1463 Guillermo
563 1437 766 1466 Trussebourc,
781 1437 1007 1470 Rothomagens.
1019 1437 1093 1463 dioc.
1110 1436 1155 1472 [de
1167 1445 1230 1463 can.
1248 1437 1278 1463 in
1291 1437 1359 1463 eccl.
1373 1437 1399 1463 S.
1414 1437 1572 1463 Audomari
1583 1437 1618 1463 de
1632 1437 1662 1463 S⁰
1676 1437 1792 1467 Omaro,
1807 1438 1909 1464 Morin.
1924 1439 2023 1473 dioc.].

240 1485 374 1518 Magistro
389 1486 516 1512 Johanni
530 1486 566 1511 de
579 1486 729 1519 Espalone,
744 1486 890 1519 Bajocens.
907 1486 981 1512 dioc.

241 1534 375 1568 Magistro
390 1535 514 1561 Roberto
529 1535 669 1568 Moysson,
686 1535 792 1568 presb..
809 1535 948 1567 magistro
963 1535 993 1560 in
1009 1535 1119 1560 artibus
1132 1536 1160 1561 et
1173 1535 1204 1560 in
1219 1535 1373 1565 medicina,
1391 1535 1536 1569 Bajocens.
1551 1535 1648 1561 dioc...

241 1583 376 1616 Magistro
391 1584 515 1609 Roberto
530 1583 640 1612 Clerici,
656 1583 869 1609 Constantiens.
885 1583 983 1609 dioc...

242 1632 376 1665 Magistro
390 1632 553 1658 Guillermo
568 1633 652 1665 Agni,
670 1633 841 1665 Ebroycens.
858 1632 955 1658 dioc...

241 1681 375 1713 Magistro
390 1681 532 1707 Richardo
547 1681 624 1707 dicto
639 1682 796 1714 Agoulant,
812 1682 958 1715 Baj0cens.
975 1681 1073 1707 dioc...

243 1729 377 1763 Magistro
391 1730 504 1756 Nicolao
518 1730 553 1755 de
569 1730 665 1759 Bosco,
680 1730 940 1763 Rothoinagensi...

240 1778 374 1812 Magistro
387 1779 544 1812 Reginaldo
557 1779 593 1805 de
608 1779 771 1808 villaribus,
788 1780 1015 1812 Rothoinagens.
1033 1779 1130 1805 dioc...

238 1826 371 1860 Magistro
387 1827 520 1861 Philippo
535 1828 570 1854 de
585 1828 722 1861 Aneseyo,
740 1829 884 1861 Bijocens.
901 1828 998 1854 dioc...

240 1876 374 1909 Magistro
389 1876 550 1902 Guillermo
562 1877 737 1905 Tranchant.
751 1877 976 1910 Rotliomagens.
992 1877 1073 1910 dyoc.
1088 1876 1132 1912 [de
1143 1884 1207 1903 can.
1220 1876 1250 1902 in
1263 1877 1331 1903 eccl.
1343 1877 1444 1910 colleg.
1457 1877 1487 1902 B.
1499 1877 1586 1903 Mario
1598 1877 1634 1903 de
1647 1877 1811 1907 Audenam,
1823 1878 1913 1911 ejusd.
1926 1878 2022 1914 dioc.].

241 1925 375 1958 Magistro
391 1925 553 1951 Guillermo
568 1925 603 1951 de
618 1925 740 1954 llermis,
758 1926 984 1958 Rothomagens.
999 1925 1097 1952 dioc...

240 1974 374 2006 Magistro
389 1974 513 2000 Roberto
528 1974 696 2004 vavassoris,
715 1974 840 2007 Sagiens.
858 1974 963 2007 dyoc...

241 2022 375 2055 Magistro
390 2022 516 2048 Johanni
532 2023 617 2052 Baril.
632 2023 725 2057 presb.
743 2024 968 2056 Rothomagens.
986 2023 1084 2049 dioc...

242 2071 376 2104 Magistro
391 2072 545 2105 Radulpho
560 2072 771 2105 Vintdehague,
788 2072 882 2105 presb.
898 2073 1044 2106 Bajocens.
1061 2072 1158 2098 dioc...

241 2120 374 2152 Magistro
389 2120 516 2146 Jolianni
531 2121 567 2146 de
582 2121 773 2154 Clinicumpo,
788 2121 881 2154 presb.
899 2121 1045 2154 Bajocens.
1062 2121 1160 2147 dioc...

239 2169 374 2202 Magistro
389 2169 540 2195 Raulando
556 2169 703 2199 Bonisacii,
720 2170 981 2202 Rothornagensi...

240 2217 375 2251 Magistro
389 2218 514 2243 Roberto
530 2218 623 2251 Hyrci.
640 2219 733 2251 presb.
752 2219 915 2244 Lexoviens.
933 2218 1029 2244 dioc...

241 2266 375 2299 Magistro
390 2266 533 2292 Richardo
548 2267 671 2296 Juliane.
687 2267 851 2293 Lexoviens.
869 2267 967 2293 dioc...

240 2315 374 2347 Magistro
389 2315 551 2341 Guillerrno
566 2316 592 2341 le
605 2316 699 2345 Sesne,
714 2316 940 2349 Rothoxnagens.
957 2316 1054 2342 dioc...

240 2363 374 2396 Magistro
389 2363 516 2389 Johanni
531 2365 635 2390 Tavelli
648 2365 684 2390 de
696 2365 914 2398 Rothomago...

241 2412 374 2444 Magistro
390 2413 473 2438 Petro
487 2412 628 2442 Giliberti,
643 2414 814 2447 Ebroycens.
831 2414 928 2440 dioc...

242 2460 377 2493 Magistro
394 2461 524 2487 Micliaeli
537 2462 572 2487 de
587 2462 674 2491 Valle,
690 2463 783 2495 presb.
800 2463 1025 2495 Rothomagens.
1043 2463 1118 2489 dioc,
1132 2462 1175 2497 [de
1188 2470 1251 2489 cau.
1268 2463 1335 2489 eccl.
1353 2463 1452 2496 colleg.
1471 2463 1497 2489 S.
1516 2462 1653 2488 Germani
1668 2462 1821 2487 Autissiod.
1840 2461 1948 2496 l'aris.].

240 2509 374 2542 Magistro
389 2510 515 2535 Jolianni
526 2511 552 2536 le
567 2511 706 2543 Masuyer.
723 2511 816 2544 presb.
830 2512 1055 2545 Rollioniagens.
1070 2512 1168 2537 dioc...

242 2558 376 2590 Magistro
389 2558 509 2584 Ricardo
522 2559 614 2587 Fabri,
633 2560 795 2585 Lexovicns.
813 2560 910 2585 dioc...

242 2606 376 2639 Magistro
391 2607 517 2632 Johanni
533 2608 680 2638 Doubleti,
695 2609 839 2642 Bajocens.
857 2609 953 2635 dioc...

241 2655 376 2688 Magistro
388 2656 508 2681 Rieardo
523 2657 699 2690 Maquerelli.
717 2658 860 2691 Bajocens.
878 2658 974 2684 dioc...

241 2704 375 2736 Magistro
392 2704 511 2737 Symoni
526 2705 561 2731 de
577 2706 746 2739 Canlulupi,
761 2707 983 2740 Rothomagens.
999 2707 1094 2733 dioc...

243 2752 377 2785 Magistro
392 2753 513 2778 Ricardo
528 2754 722 2787 d'Orgcbruil.
740 2756 964 2788 Rothomagens.
981 2756 1076 2781 dioc...

242 2801 376 2834 Magistro
391 2801 516 2827 Roberto
531 2802 693 2836 Redempti‚
708 2804 932 2837 Rothoinagens.
947 2805 1043 2830 dioc...

242 2849 376 2882 Magistro
392 2850 485 2883 Figuli
498 2851 623 2876 Jolianni
640 2852 733 2885 Figuli
749 2852 820 2887 (sic),
835 2853 1005 2886 Ebroycens.
1022 2853 1118 2879 dioc...

242 2898 376 2931 Magistro
391 2899 514 2924 Roberto
530 2900 676 2929 Lescuere.
692 2901 834 2934 Bajocens.
853 2902 956 2934 dyoc...

278 2949 326 2965 *ss
345 2946 440 2970 Chart.
460 2947 536 2970 Univ.
556 2948 651 2972 Paris.
671 2949 716 2971 111.
1867 2945 1896 2969 12
