2488 3386
212 336 307 372 1390]
629 347 673 368 AB
708 346 813 368 Anno
848 345 978 367 MCCCL
1011 344 1141 373 USQUE
1178 345 1224 366 AD
1260 345 1525 366 BENEDICTUM
1561 346 1651 367 Χιιι.
2009 337 2073 369 539

209 423 332 467 cappis
361 422 492 455 vadant
516 421 623 454 simul
652 421 695 453 ad
728 431 948 459 sermonem,
979 425 1014 451 et
1043 424 1125 463 post
1155 418 1334 450 secundas
1364 430 1536 463 vesperas
1567 419 1609 451 ad
1635 419 1878 458 collationem,
1910 427 1944 453 et
1974 421 2069 465 quod

210 501 336 521 omnes
358 489 528 521 intersint
548 488 584 520 in
606 487 712 520 dictis
733 486 908 519 horis...³.

297 556 375 588 VII.
400 556 500 594 Item,
524 554 621 598 quod
649 564 776 586 omnes
804 552 1055 584 indifferenter·
1069 552 1212 596 jaceant
1233 551 1269 583 in
1291 551 1516 591 dormitorio,
1539 558 1572 584 et
1594 552 1690 596 qnod
1717 553 1901 597 magister,
1928 554 2071 598 quoties

209 621 376 658 voluerit.
399 622 509 654 intret
529 620 687 653 studium
710 619 767 652 vel
788 630 962 651 cameram
985 617 1192 662 cujuslibet,
1217 624 1251 649 et
1272 617 1302 650 si
1323 617 1456 650 ibidem
1481 618 1636 662 reperiat
1657 618 1773 662 aliqua
1791 619 1994 664 irreligiosa
2012 627 2071 653 aut

208 687 414 727 inhonesta.
437 699 476 719 ea
498 686 654 731 corrigat
677 692 711 718 et
732 685 899 718 emendet
916 685 1016 729 juxta
1038 684 1243 728 qualitatem
1267 695 1452 716 excessus.

295 755 392 786 VIII.
417 755 520 791 Item,
542 752 639 797 quod
661 752 756 784 inter
773 763 824 790 se,
844 758 912 784 tam
934 751 970 783 in
992 751 1100 783 domo
1122 762 1226 795 quam
1250 750 1348 788 alibi,
1367 757 1402 782 et
1422 750 1592 783 omnibus
1610 750 1714 787 locis,
1734 751 1927 795 loquantur
1947 752 2069 785 verbis

207 820 342 861 latinis,
364 826 471 865 prout
497 820 591 852 inter
616 818 734 851 bonos
760 818 919 851 scolares
942 824 997 850 est
1017 817 1095 849 fieri
1116 823 1345 857 consuetum,
1368 823 1401 849 et
1432 817 1527 861 quod
1550 818 1767 849 contrarium
1789 818 1924 850 faciens
1945 819 2070 863 punia-

207 887 355 919 tur....⁸.

296 954 376 986 XII.
402 954 502 993 Item,
523 952 619 997 quod
640 964 767 984 omnes
789 951 897 984 simul
914 951 950 983 in
965 951 1044 984 aula
1065 951 1255 984 comedant
1278 962 1343 982 nec
1361 950 1492 995 aliquis
1510 957 1606 983 extra
1625 951 1800 991 comedat,
1819 951 1890 983 nisi
1907 964 1949 983 ex
1965 964 2070 984 causa

205 1020 411 1053 necessaria
433 1026 467 1052 et
487 1019 661 1064 legitima,
686 1026 720 1051 et
741 1019 784 1051 de
813 1018 964 1051 licencia
994 1018 1158 1063 magistri
1184 1017 1346 1062 speciali,
1369 1017 1406 1049 in
1428 1029 1499 1061 quo
1521 1029 1605 1050 casu
1630 1017 1893 1050 ministrabitur
1914 1019 1946 1050 ei
1968 1019 2071 1051 dum-

207 1093 299 1120 taxat
320 1093 489 1131 quantum
513 1086 549 1118 in
571 1085 648 1118 aula
671 1098 751 1118 cum
773 1085 852 1118 aliis
873 1084 1074 1117 habuisset.

294 1154 392 1186 XIII.
417 1154 518 1193 Item,
543 1159 624 1197 post
644 1152 905 1185 comestionem
929 1163 1001 1183 non
1023 1157 1231 1183 remaneant
1258 1150 1318 1183 diu
1344 1150 1380 1182 in
1406 1150 1497 1190 aula,
1522 1151 1591 1183 nisi
1623 1162 1733 1195 super
1762 1151 1981 1184 lectionibus
2006 1164 2070 1185 seu

207 1219 463 1264 questionibus
484 1219 598 1252 velint
618 1219 713 1251 inter
733 1230 772 1251 se
793 1218 1052 1251 conferre....⁵.

294 1287 407 1320 XVII.
438 1287 539 1325 Item,
569 1285 667 1330 quod
690 1287 801 1329 janue
834 1291 1024 1317 teneantur
1054 1284 1176 1317 clause
1208 1284 1292 1316 dum
1323 1284 1483 1317 scolares
1515 1284 1696 1316 sedebunt
1726 1285 1762 1316 in
1792 1285 1942 1329 prandio
1973 1292 2007 1318 et
2034 1286 2070 1318 in

208 1365 312 1393 cena3
341 1359 375 1385 et
401 1352 621 1397 precipimus
649 1352 746 1396 quod
768 1351 981 1384 claudantur
1007 1351 1100 1383 bona
1128 1350 1215 1383 hora
1247 1363 1341 1391 sero,
1367 1351 1505 1383 scilicet
1527 1358 1715 1396 antequam
1739 1352 1783 1383 sit
1805 1351 1958 1384 obscura
1981 1364 2068 1391 nox3

206 1426 239 1451 et
260 1419 290 1451 si
319 1419 400 1463 quis
422 1418 615 1451 scolarium
638 1419 805 1451 fortassis
833 1425 917 1451 tunc
940 1419 1082 1451 veniret
1109 1417 1153 1450 de
1183 1417 1281 1457 villa,
1310 1424 1394 1450 tunc
1422 1424 1527 1450 vocet
1555 1429 1619 1450 seu
1654 1418 1829 1462 percutiat
1858 1419 1901 1451 ad
1925 1419 2068 1463 januam

205 1486 283 1518 sine
305 1485 471 1529 strepitu,
495 1485 560 1518 sed
583 1492 719 1517 mature
742 1492 777 1517 et
797 1485 1016 1517 modeste...
1032 1485 1055 1516 ⁶.

294 1553 372 1584 XX.
397 1553 497 1592 Item,
521 1552 618 1596 quod
645 1551 768 1584 nullus
790 1552 985 1596 recipiatur
1005 1551 1048 1584 ad
1070 1551 1219 1595 gradum
1243 1551 1280 1583 in
1301 1551 1417 1595 aliqua
1444 1550 1610 1583 facultate
1641 1551 1719 1583 sine
1750 1552 1897 1596 speciali
1927 1552 2068 1585 licentia

206 1619 343 1651 domini
364 1618 514 1651 abbatis.

294 1686 391 1718 XXI.
425 1687 525 1726 Item,
561 1685 658 1730 quod
692 1685 866 1722 scolares,
899 1692 1020 1730 preter
1049 1692 1166 1717 actum
1199 1684 1443 1725 scolasticum,
1481 1696 1553 1716 non
1589 1692 1714 1718 exeant
1750 1686 1894 1718 domum
1934 1686 2069 1730 absque

205 1751 350 1784 licentia
372 1752 534 1796 magistri
556 1752 664 1796 petita
686 1753 819 1797 pariter
840 1759 874 1784 et
895 1752 1054 1792 obtenta,
1076 1763 1142 1784 nee
1163 1751 1293 1784 vadant
1314 1763 1378 1796 per
1397 1751 1514 1783 villam
1539 1751 1607 1783 sub
1629 1752 1750 1784 colore
1769 1759 1800 1784 et
1819 1752 1942 1785 umbra
1960 1753 2069 1785 eundi

206 1818 248 1851 ad
271 1818 429 1851 studium
453 1818 509 1851 vel
531 1831 732 1859 sermones,
757 1826 791 1852 et
812 1819 909 1864 quod
930 1831 1002 1851 non
1024 1825 1120 1851 stent
1141 1818 1196 1851 vel
1218 1818 1369 1850 sedeant
1390 1818 1450 1850 diu
1473 1818 1509 1850 in
1532 1825 1643 1862 porta.

294 1886 409 1918 XXII.
435 1887 535 1924 Item,
558 1886 655 1930 qued
672 1892 772 1918 aetus
795 1886 1008 1919 scolasticos
1029 1885 1260 1918 laudabiliter
1283 1891 1315 1917 et
1338 1885 1534 1929 diligenter
1555 1886 1779 1924 continuent,
1800 1893 1865 1918 tam
1889 1886 2069 1919 audiendo

206 1964 309 1996 quam
334 1952 529 1990 studendo,
553 1952 800 1994 sermonibus,
823 1952 1132 1998 disputationibus
1154 1959 1189 1984 et
1209 1951 1429 1984 lectionibus
1452 1952 1646 1984 ordinariis
1673 1953 1941 1988 interessendo.
1965 1960 2071 1998 prout

206 2018 356 2051 cuilibet
376 2026 431 2051 est
451 2030 679 2052 concessum.

295 2086 427 2117 XXIII.
452 2086 554 2126 Item,
577 2086 673 2130 quod
700 2085 822 2118 nullus
842 2087 960 2130 jaceat
987 2092 1085 2118 extra
1113 2086 1272 2125 domum,
1303 2085 1373 2117 nisi
1402 2085 1446 2117 de
1477 2085 1621 2118 licentia
1651 2086 1798 2130 speciali
1829 2087 2006 2131 magistri,
2035 2094 2070 2119 et

208 2152 355 2184 omnino
377 2158 528 2184 caveant
547 2164 565 2184 a
587 2151 759 2193 tabernis,
783 2165 800 2185 a
821 2153 912 2185 Iocis
935 2159 969 2185 et
990 2152 1207 2197 spectaculis
1228 2152 1446 2194 irreligiosis
1469 2159 1503 2184 et
1524 2152 1739 2184 inhonestis.

294 2220 424 2251 XXIV.
450 2220 550 2258 Item,
575 2219 671 2263 quod
694 2219 817 2252 nullus
839 2219 1094 2252 beneficiarius
1116 2219 1310 2263 recipiatur
1331 2219 1373 2251 ad
1396 2231 1574 2263 expensas
1595 2219 1688 2251 dicte
1710 2219 1858 2257 d0mus3
1882 2227 1914 2252 et
1937 2221 1967 2252 si
1989 2221 2070 2265 quis

207 2285 399 2317 scolarium
423 2286 531 2317 fuerit
552 2285 802 2327 beneficiatus,
827 2287 916 2319 infra
939 2286 1030 2319 duos
1052 2297 1197 2318 menses
1219 2285 1414 2330 collegium
1438 2286 1535 2317 exire
1554 2287 1804 2318 teneatur.‚..⁷⁴

294 2353 442 2385 XXVII.
473 2353 574 2392 Item,
602 2352 638 2384 in
670 2353 765 2385 dicto
795 2353 952 2398 collegio
980 2353 1038 2385 fiat
1065 2365 1144 2385 area
1175 2353 1377 2385 communis
1406 2353 1441 2384 in
1473 2364 1540 2396 qua
1570 2359 1748 2396 ponantur
1776 2364 1858 2386 vasa
1885 2361 2068 2399 argentea,

208 2418 326 2450 littere
348 2425 382 2451 et
403 2425 532 2451 statuta
554 2419 701 2464 collegii
730 2426 763 2452 et
786 2420 946 2464 sigillum
976 2431 1179 2455 commune,
1203 2426 1238 2452 et
1259 2419 1368 2451 eciam
1397 2431 1523 2451 omnes
1547 2419 1698 2463 pecunie
1721 2431 1784 2464 per
1805 2432 2069 2466 quemcumque

209 2491 352 2529 recepte
373 2484 506 2517 ibidem
531 2493 728 2530 ponantur;
753 2486 789 2518 in
811 2498 879 2531 qua
906 2487 978 2519 sint.
1005 2493 1076 2519 tres
1105 2486 1237 2526 claves,
1268 2497 1415 2530 quarum
1447 2485 1619 2529 magister
1645 2485 1771 2518 habeat
1799 2499 1916 2525 unam,
1943 2500 2069 2532 procu-

210 2557 304 2583 rator
337 2551 482 2596 collegii
514 2564 632 2590 unam,
661 2559 695 2585 et
725 2553 828 2585 tertia
856 2553 958 2585 alteri
988 2553 1180 2585 scolarium
1209 2553 1468 2589 committatur3
1500 2558 1531 2583 et
1560 2551 1692 2583 ibidem
1717 2553 1782 2584 erit
1806 2556 1952 2598 papirus
1974 2567 2069 2587 com-

209 2617 343 2658 munis,
365 2617 400 2649 in
423 2630 490 2662 qua
518 2625 698 2662 ponentur
720 2626 754 2652 et
779 2619 1069 2652 transcribentur
1098 2626 1242 2664 recepte
1271 2618 1429 2662 collegii,
1459 2630 1496 2650 ac
1528 2618 1638 2650 eciam
1666 2619 1782 2651 omnia
1814 2632 1882 2664 que
1911 2622 2068 2665 qualibet

209 2682 434 2715 hebdomada
456 2696 518 2728 per
541 2686 765 2729 prepositum
789 2698 852 2730 pro
874 2686 1092 2719 victualibus
1115 2693 1147 2718 et
1170 2686 1249 2717 aliis
1272 2685 1372 2717 sactis
1394 2684 1538 2728 collegii
1562 2685 1822 2729 expendentur.
1847 2687 1914 2729 Qui
1942 2700 2070 2732 propo-

210 2750 302 2782 situs
332 2750 368 2781 in
398 2749 466 2782 tine
495 2761 558 2782 sue
586 2751 813 2784 hebdomade
836 2753 872 2784 in
902 2753 1083 2797 presentia
1113 2752 1273 2797 magistri
1307 2758 1337 2783 ct
1367 2750 1557 2783 scolarium
1581 2758 1788 2795 computata}
1812 2753 2003 2786 tenebitur.
2031 2757 2071 2787 Et

212 2816 273 2848 fiet
290 2816 517 2860 prepositura
541 2829 603 2861 per
625 2818 825 2862 quemlibet
846 2819 1038 2851 scolarium
1062 2819 1282 2851 successive.

299 2883 476 2914 XXVIII..
491 2884 590 2921 Item,
615 2884 711 2928 quod
736 2891 788 2916 ter
809 2885 843 2916 in
865 2898 958 2917 anno
977 2885 1060 2918 fiant
1078 2885 1260 2930 generalia
1278 2891 1457 2928 computa,
1475 2884 1641 2916 videlicet
1662 2885 1750 2916 infra
1767 2892 1908 2917 octavas
1928 2888 2072 2929 Pasche,
