<?xml version="1.0" encoding="UTF-8"?>
<!DOCTYPE html PUBLIC "-//W3C//DTD XHTML 1.0 Transitional//EN"
    "http://www.w3.org/TR/xhtml1/DTD/xhtml1-transitional.dtd">
<html xmlns="http://www.w3.org/1999/xhtml" xml:lang="en" lang="en">
 <head>
  <title>
</title>
<meta http-equiv="Content-Type" content="text/html;charset=utf-8" />
  <meta name='ocr-system' content='tesseract 3.04.00' />
  <meta name='ocr-capabilities' content='ocr_page ocr_carea ocr_par ocr_line ocrx_word'/>
</head>
<body>
  <div class='ocr_page' id='page_1' title='image "auctariumchartul03univuoft_0377.png"; bbox 0 0 2488 3386; ppageno 0'>
   <div class='ocr_carea' id='block_1_1' title="bbox 203 337 2066 374">
    <p class='ocr_par' dir='ltr' id='par_1_1' title="bbox 203 337 2066 374">
     <span class='ocr_line' id='line_1_1' title="bbox 203 337 2066 374; baseline 0.001 -4"><span class='ocrx_word' id='word_1_1' title='bbox 203 337 298 370; x_wconf 83' lang='lat'>1384]</span> <span class='ocrx_word' id='word_1_2' title='bbox 616 347 662 368; x_wconf 79' lang='grc' dir='ltr'>ΑΒ</span> <span class='ocrx_word' id='word_1_3' title='bbox 697 346 802 368; x_wconf 67' lang='lat' dir='ltr'>Anao</span> <span class='ocrx_word' id='word_1_4' title='bbox 838 346 969 368; x_wconf 72' lang='lat' dir='ltr'>Mcccr.</span> <span class='ocrx_word' id='word_1_5' title='bbox 1003 346 1135 374; x_wconf 79' lang='lat' dir='ltr'><strong>USQUE</strong></span> <span class='ocrx_word' id='word_1_6' title='bbox 1171 347 1218 368; x_wconf 80' lang='lat' dir='ltr'>AD</span> <span class='ocrx_word' id='word_1_7' title='bbox 1255 347 1519 369; x_wconf 80' lang='lat' dir='ltr'>BENEDiCTUM</span> <span class='ocrx_word' id='word_1_8' title='bbox 1554 349 1644 370; x_wconf 85' lang='lat' dir='ltr'>X111.</span> <span class='ocrx_word' id='word_1_9' title='bbox 2001 339 2066 372; x_wconf 86' lang='lat'>329</span> 
     </span>
    </p>
   </div>
   <div class='ocr_carea' id='block_1_2' title="bbox 198 415 2075 1734">
    <p class='ocr_par' dir='ltr' id='par_1_2' title="bbox 198 415 2065 531">
     <span class='ocr_line' id='line_1_2' title="bbox 198 415 2065 465; baseline 0.001 -11"><span class='ocrx_word' id='word_1_10' title='bbox 198 415 332 460; x_wconf 83' lang='lat' dir='ltr'>fuerat;</span> <span class='ocrx_word' id='word_1_11' title='bbox 356 427 391 453; x_wconf 87' lang='lat' dir='ltr'>et</span> <span class='ocrx_word' id='word_1_12' title='bbox 411 420 621 465; x_wconf 75' lang='lat' dir='ltr'>priusquam</span> <span class='ocrx_word' id='word_1_13' title='bbox 643 420 737 452; x_wconf 91' lang='lat' dir='ltr'>dicta</span> <span class='ocrx_word' id='word_1_14' title='bbox 758 420 914 452; x_wconf 84' lang='lat' dir='ltr'>sciencia</span> <span class='ocrx_word' id='word_1_15' title='bbox 936 420 1165 452; x_wconf 89' lang='lat' dir='ltr'>decretorum</span> <span class='ocrx_word' id='word_1_16' title='bbox 1187 420 1473 460; x_wconf 87' lang='lat' dir='ltr'>adinveniretur,</span> <span class='ocrx_word' id='word_1_17' title='bbox 1492 428 1593 454; x_wconf 88' lang='lat' dir='ltr'>eraut</span> <span class='ocrx_word' id='word_1_18' title='bbox 1614 422 1712 454; x_wconf 87' lang='lat' dir='ltr'>scole</span> <span class='ocrx_word' id='word_1_19' title='bbox 1734 422 1770 454; x_wconf 91' lang='lat' dir='ltr'>in</span> <span class='ocrx_word' id='word_1_20' title='bbox 1792 423 1887 455; x_wconf 90' lang='lat' dir='ltr'>dicto</span> <span class='ocrx_word' id='word_1_21' title='bbox 1909 423 2065 455; x_wconf 90' lang='lat' dir='ltr'>claustro</span> 
     </span>
     <span class='ocr_line' id='line_1_3' title="bbox 200 486 1405 531; baseline -0.001 -11"><span class='ocrx_word' id='word_1_22' title='bbox 200 487 313 520; x_wconf 89' lang='lat' dir='ltr'>Paris.</span> <span class='ocrx_word' id='word_1_23' title='bbox 335 487 372 519; x_wconf 92' lang='lat' dir='ltr'>in</span> <span class='ocrx_word' id='word_1_24' title='bbox 393 486 526 531; x_wconf 90' lang='lat' dir='ltr'>quibus</span> <span class='ocrx_word' id='word_1_25' title='bbox 548 487 592 519; x_wconf 92' lang='lat' dir='ltr'>de</span> <span class='ocrx_word' id='word_1_26' title='bbox 614 486 784 519; x_wconf 78' lang='lat' dir='ltr'><strong>scienciis</strong></span> <span class='ocrx_word' id='word_1_27' title='bbox 805 498 874 531; x_wconf 91' lang='lat' dir='ltr'>que</span> <span class='ocrx_word' id='word_1_28' title='bbox 896 493 980 519; x_wconf 91' lang='lat' dir='ltr'>tunc</span> <span class='ocrx_word' id='word_1_29' title='bbox 1002 493 1103 519; x_wconf 87' lang='lat' dir='ltr'>erant</span> <span class='ocrx_word' id='word_1_30' title='bbox 1124 486 1405 531; x_wconf 80' lang='lat' dir='ltr'>legebatur....³.</span> 
     </span>
    </p>

    <p class='ocr_par' dir='ltr' id='par_1_3' title="bbox 199 556 2075 1734">
     <span class='ocr_line' id='line_1_4' title="bbox 289 556 2066 605; baseline 0.002 -15"><span class='ocrx_word' id='word_1_31' title='bbox 289 558 448 591; x_wconf 86' lang='lat' dir='ltr'>Tandem</span> <span class='ocrx_word' id='word_1_32' title='bbox 466 558 598 590; x_wconf 89' lang='lat' dir='ltr'>auditis</span> <span class='ocrx_word' id='word_1_33' title='bbox 615 557 779 602; x_wconf 88' lang='lat' dir='ltr'>partibus</span> <span class='ocrx_word' id='word_1_34' title='bbox 796 557 987 590; x_wconf 81' lang='lat' dir='ltr'>antedictis</span> <span class='ocrx_word' id='word_1_35' title='bbox 1009 557 1045 589; x_wconf 92' lang='lat' dir='ltr'>in</span> <span class='ocrx_word' id='word_1_36' title='bbox 1063 556 1245 598; x_wconf 89' lang='lat' dir='ltr'>omnibus,</span> <span class='ocrx_word' id='word_1_37' title='bbox 1266 569 1335 601; x_wconf 89' lang='lat' dir='ltr'>que</span> <span class='ocrx_word' id='word_1_38' title='bbox 1352 558 1445 590; x_wconf 87' lang='lat' dir='ltr'>circa</span> <span class='ocrx_word' id='word_1_39' title='bbox 1467 559 1642 602; x_wconf 89' lang='lat' dir='ltr'>premissa</span> <span class='ocrx_word' id='word_1_40' title='bbox 1664 559 1784 591; x_wconf 90' lang='lat' dir='ltr'>dicere</span> <span class='ocrx_word' id='word_1_41' title='bbox 1807 565 1841 591; x_wconf 87' lang='lat' dir='ltr'>et</span> <span class='ocrx_word' id='word_1_42' title='bbox 1861 572 2066 605; x_wconf 77' lang='lat' dir='ltr'>proponere</span> 
     </span>
     <span class='ocr_line' id='line_1_5' title="bbox 199 623 2066 669; baseline 0.001 -12"><span class='ocrx_word' id='word_1_43' title='bbox 199 624 406 665; x_wconf 89' lang='lat' dir='ltr'>voluerunt,</span> <span class='ocrx_word' id='word_1_44' title='bbox 424 624 514 656; x_wconf 89' lang='lat' dir='ltr'>visis</span> <span class='ocrx_word' id='word_1_45' title='bbox 534 624 686 668; x_wconf 80' lang='lat' dir='ltr'>insuper</span> <span class='ocrx_word' id='word_1_46' title='bbox 707 623 932 668; x_wconf 88' lang='lat' dir='ltr'>querimonia</span> <span class='ocrx_word' id='word_1_47' title='bbox 954 623 1132 656; x_wconf 89' lang='lat' dir='ltr'>dictorum</span> <span class='ocrx_word' id='word_1_48' title='bbox 1154 624 1469 668; x_wconf 75' lang='lat' dir='ltr'>conquerentium,</span> <span class='ocrx_word' id='word_1_49' title='bbox 1495 624 1647 669; x_wconf 87' lang='lat' dir='ltr'>expletis</span> <span class='ocrx_word' id='word_1_50' title='bbox 1676 637 1739 657; x_wconf 83' lang='lat' dir='ltr'>seu</span> <span class='ocrx_word' id='word_1_51' title='bbox 1766 626 1947 658; x_wconf 76' lang='lat' dir='ltr'>relacione</span> <span class='ocrx_word' id='word_1_52' title='bbox 1972 627 2066 659; x_wconf 88' lang='lat' dir='ltr'>dicte</span> 
     </span>
     <span class='ocr_line' id='line_1_6' title="bbox 201 689 2066 736; baseline 0.001 -13"><span class='ocrx_word' id='word_1_53' title='bbox 201 691 427 735; x_wconf 89' lang='lat' dir='ltr'>querimonie</span> <span class='ocrx_word' id='word_1_54' title='bbox 448 690 665 731; x_wconf 72' lang='lat' dir='ltr'>executoris,</span> <span class='ocrx_word' id='word_1_55' title='bbox 695 690 944 735; x_wconf 81' lang='lat' dir='ltr'>procuratorio</span> <span class='ocrx_word' id='word_1_56' title='bbox 973 689 1151 722; x_wconf 90' lang='lat' dir='ltr'>dictorum</span> <span class='ocrx_word' id='word_1_57' title='bbox 1182 690 1344 734; x_wconf 81' lang='lat' dir='ltr'>predicte</span> <span class='ocrx_word' id='word_1_58' title='bbox 1365 690 1557 731; x_wconf 69' lang='lat' dir='ltr'>facultatis,</span> <span class='ocrx_word' id='word_1_59' title='bbox 1578 703 1616 723; x_wconf 91' lang='lat' dir='ltr'>ac</span> <span class='ocrx_word' id='word_1_60' title='bbox 1642 691 1751 723; x_wconf 86' lang='lat' dir='ltr'>certis</span> <span class='ocrx_word' id='word_1_61' title='bbox 1781 692 1923 724; x_wconf 85' lang='lat' dir='ltr'>statutis</span> <span class='ocrx_word' id='word_1_62' title='bbox 1951 693 2066 736; x_wconf 89' lang='lat' dir='ltr'>ipsius</span> 
     </span>
     <span class='ocr_line' id='line_1_7' title="bbox 199 756 2068 801; baseline 0.001 -12"><span class='ocrx_word' id='word_1_63' title='bbox 199 757 391 798; x_wconf 75' lang='lat' dir='ltr'>facultatis,</span> <span class='ocrx_word' id='word_1_64' title='bbox 414 768 567 789; x_wconf 88' lang='lat' dir='ltr'>unacum</span> <span class='ocrx_word' id='word_1_65' title='bbox 590 756 741 801; x_wconf 84' lang='lat' dir='ltr'>quadam</span> <span class='ocrx_word' id='word_1_66' title='bbox 764 756 1024 789; x_wconf 89' lang='lat' dir='ltr'>informacione</span> <span class='ocrx_word' id='word_1_67' title='bbox 1047 768 1111 801; x_wconf 92' lang='lat' dir='ltr'>per</span> <span class='ocrx_word' id='word_1_68' title='bbox 1132 756 1329 789; x_wconf 87' lang='lat' dir='ltr'>nonnullos</span> <span class='ocrx_word' id='word_1_69' title='bbox 1351 756 1445 789; x_wconf 91' lang='lat' dir='ltr'>dicte</span> <span class='ocrx_word' id='word_1_70' title='bbox 1467 757 1566 789; x_wconf 91' lang='lat' dir='ltr'>curie</span> <span class='ocrx_word' id='word_1_71' title='bbox 1588 764 1712 790; x_wconf 87' lang='lat' dir='ltr'>nostre</span> <span class='ocrx_word' id='word_1_72' title='bbox 1734 758 2003 791; x_wconf 81' lang='lat' dir='ltr'>commissarios</span> <span class='ocrx_word' id='word_1_73' title='bbox 2026 770 2068 791; x_wconf 85' lang='lat' dir='ltr'>ex</span> 
     </span>
     <span class='ocr_line' id='line_1_8' title="bbox 201 823 2068 868; baseline 0.001 -12"><span class='ocrx_word' id='word_1_74' title='bbox 201 823 435 856; x_wconf 89' lang='lat' dir='ltr'>ordinacione</span> <span class='ocrx_word' id='word_1_75' title='bbox 456 823 550 856; x_wconf 88' lang='lat' dir='ltr'>dicte</span> <span class='ocrx_word' id='word_1_76' title='bbox 572 823 671 856; x_wconf 91' lang='lat' dir='ltr'>curie</span> <span class='ocrx_word' id='word_1_77' title='bbox 692 824 794 864; x_wconf 86' lang='lat' dir='ltr'>facta,</span> <span class='ocrx_word' id='word_1_78' title='bbox 825 830 859 856; x_wconf 85' lang='lat' dir='ltr'>et</span> <span class='ocrx_word' id='word_1_79' title='bbox 889 823 1074 856; x_wconf 85' lang='lat' dir='ltr'>sentencia</span> <span class='ocrx_word' id='word_1_80' title='bbox 1103 823 1264 868; x_wconf 85' lang='lat' dir='ltr'>predicta</span> <span class='ocrx_word' id='word_1_81' title='bbox 1292 835 1330 855; x_wconf 87' lang='lat' dir='ltr'>ac</span> <span class='ocrx_word' id='word_1_82' title='bbox 1358 823 1467 856; x_wconf 87' lang='lat' dir='ltr'>certis</span> <span class='ocrx_word' id='word_1_83' title='bbox 1495 823 1574 856; x_wconf 85' lang='lat' dir='ltr'>aliis</span> <span class='ocrx_word' id='word_1_84' title='bbox 1604 823 1748 864; x_wconf 86' lang='lat' dir='ltr'>litteris,</span> <span class='ocrx_word' id='word_1_85' title='bbox 1777 825 1865 857; x_wconf 87' lang='lat' dir='ltr'>actis</span> <span class='ocrx_word' id='word_1_86' title='bbox 1892 831 1926 857; x_wconf 84' lang='lat' dir='ltr'>et</span> <span class='ocrx_word' id='word_1_87' title='bbox 1951 825 2068 857; x_wconf 91' lang='lat' dir='ltr'>muni-</span> 
     </span>
     <span class='ocr_line' id='line_1_9' title="bbox 200 889 2070 935; baseline 0.001 -13"><span class='ocrx_word' id='word_1_88' title='bbox 200 891 332 923; x_wconf 85' lang='lat' dir='ltr'>mentis</span> <span class='ocrx_word' id='word_1_89' title='bbox 349 890 503 935; x_wconf 90' lang='lat' dir='ltr'>partium</span> <span class='ocrx_word' id='word_1_90' title='bbox 525 890 783 935; x_wconf 87' lang='lat' dir='ltr'>predictarum,</span> <span class='ocrx_word' id='word_1_91' title='bbox 801 890 1115 934; x_wconf 83' lang='lat' dir='ltr'>consideratisque</span> <span class='ocrx_word' id='word_1_92' title='bbox 1133 896 1167 922; x_wconf 90' lang='lat' dir='ltr'>et</span> <span class='ocrx_word' id='word_1_93' title='bbox 1187 890 1332 922; x_wconf 86' lang='lat' dir='ltr'>attentis</span> <span class='ocrx_word' id='word_1_94' title='bbox 1354 889 1550 935; x_wconf 85' lang='lat' dir='ltr'>diligenter</span> <span class='ocrx_word' id='word_1_95' title='bbox 1567 890 1736 923; x_wconf 85' lang='lat' dir='ltr'>omnibus</span> <span class='ocrx_word' id='word_1_96' title='bbox 1753 891 1846 923; x_wconf 85' lang='lat' dir='ltr'>circa</span> <span class='ocrx_word' id='word_1_97' title='bbox 1868 891 1935 923; x_wconf 92' lang='lat' dir='ltr'>hoc</span> <span class='ocrx_word' id='word_1_98' title='bbox 1956 898 2070 923; x_wconf 88' lang='lat' dir='ltr'>atten-</span> 
     </span>
     <span class='ocr_line' id='line_1_10' title="bbox 201 956 2070 1002; baseline 0.001 -13"><span class='ocrx_word' id='word_1_99' title='bbox 201 956 331 989; x_wconf 90' lang='lat' dir='ltr'>dendis</span> <span class='ocrx_word' id='word_1_100' title='bbox 360 963 395 989; x_wconf 89' lang='lat' dir='ltr'>et</span> <span class='ocrx_word' id='word_1_101' title='bbox 424 968 494 1001; x_wconf 92' lang='lat' dir='ltr'>que</span> <span class='ocrx_word' id='word_1_102' title='bbox 522 956 651 989; x_wconf 89' lang='lat' dir='ltr'>dictam</span> <span class='ocrx_word' id='word_1_103' title='bbox 679 957 813 989; x_wconf 88' lang='lat' dir='ltr'>curiam</span> <span class='ocrx_word' id='word_1_104' title='bbox 846 963 1005 989; x_wconf 87' lang='lat' dir='ltr'>nostram</span> <span class='ocrx_word' id='word_1_105' title='bbox 1036 957 1072 989; x_wconf 93' lang='lat' dir='ltr'>in</span> <span class='ocrx_word' id='word_1_106' title='bbox 1102 956 1167 989; x_wconf 90' lang='lat' dir='ltr'>hac</span> <span class='ocrx_word' id='word_1_107' title='bbox 1197 963 1296 1001; x_wconf 91' lang='lat' dir='ltr'>parte</span> <span class='ocrx_word' id='word_1_108' title='bbox 1327 968 1472 989; x_wconf 77' lang='lat' dir='ltr'>movere</span> <span class='ocrx_word' id='word_1_109' title='bbox 1503 963 1669 1001; x_wconf 85' lang='lat' dir='ltr'>poterant</span> <span class='ocrx_word' id='word_1_110' title='bbox 1698 964 1734 990; x_wconf 92' lang='lat' dir='ltr'>et</span> <span class='ocrx_word' id='word_1_111' title='bbox 1762 957 1943 990; x_wconf 89' lang='lat' dir='ltr'>debebant</span> <span class='ocrx_word' id='word_1_112' title='bbox 1969 969 1975 989; x_wconf 88' lang='lat'>:</span> <span class='ocrx_word' id='word_1_113' title='bbox 2006 970 2070 1002; x_wconf 91' lang='lat' dir='ltr'>per</span> 
     </span>
     <span class='ocr_line' id='line_1_11' title="bbox 201 1023 2070 1068; baseline 0.001 -12"><span class='ocrx_word' id='word_1_114' title='bbox 201 1030 377 1057; x_wconf 88' lang='lat' dir='ltr'>arrestum</span> <span class='ocrx_word' id='word_1_115' title='bbox 400 1023 565 1068; x_wconf 88' lang='lat' dir='ltr'>ejusdem</span> <span class='ocrx_word' id='word_1_116' title='bbox 582 1023 682 1056; x_wconf 91' lang='lat' dir='ltr'>curie</span> <span class='ocrx_word' id='word_1_117' title='bbox 699 1024 833 1056; x_wconf 91' lang='lat' dir='ltr'>dictum</span> <span class='ocrx_word' id='word_1_118' title='bbox 851 1024 918 1056; x_wconf 90' lang='lat' dir='ltr'>fuit</span> <span class='ocrx_word' id='word_1_119' title='bbox 937 1024 1034 1068; x_wconf 93' lang='lat' dir='ltr'>quod</span> <span class='ocrx_word' id='word_1_120' title='bbox 1056 1023 1345 1068; x_wconf 85' lang='lat' dir='ltr'>procuratorium</span> <span class='ocrx_word' id='word_1_121' title='bbox 1366 1023 1544 1055; x_wconf 90' lang='lat' dir='ltr'>dictorum</span> <span class='ocrx_word' id='word_1_122' title='bbox 1563 1024 1724 1068; x_wconf 85' lang='lat' dir='ltr'>predicte</span> <span class='ocrx_word' id='word_1_123' title='bbox 1745 1024 1923 1057; x_wconf 83' lang='lat' dir='ltr'>facultatis</span> <span class='ocrx_word' id='word_1_124' title='bbox 1945 1025 2070 1057; x_wconf 91' lang='lat' dir='ltr'>decre-</span> 
     </span>
     <span class='ocr_line' id='line_1_12' title="bbox 201 1090 2070 1134; baseline 0.001 -12"><span class='ocrx_word' id='word_1_125' title='bbox 201 1096 319 1123; x_wconf 86' lang='lat' dir='ltr'>torum</span> <span class='ocrx_word' id='word_1_126' title='bbox 342 1097 417 1122; x_wconf 89' lang='lat' dir='ltr'>erat</span> <span class='ocrx_word' id='word_1_127' title='bbox 438 1096 473 1122; x_wconf 90' lang='lat' dir='ltr'>et</span> <span class='ocrx_word' id='word_1_128' title='bbox 489 1097 543 1123; x_wconf 88' lang='lat' dir='ltr'>est</span> <span class='ocrx_word' id='word_1_129' title='bbox 563 1090 698 1122; x_wconf 90' lang='lat' dir='ltr'>bonum</span> <span class='ocrx_word' id='word_1_130' title='bbox 720 1097 755 1123; x_wconf 89' lang='lat' dir='ltr'>et</span> <span class='ocrx_word' id='word_1_131' title='bbox 769 1090 941 1131; x_wconf 88' lang='lat' dir='ltr'>validum,</span> <span class='ocrx_word' id='word_1_132' title='bbox 961 1097 1133 1134; x_wconf 88' lang='lat' dir='ltr'>erantque</span> <span class='ocrx_word' id='word_1_133' title='bbox 1155 1096 1190 1122; x_wconf 89' lang='lat' dir='ltr'>et</span> <span class='ocrx_word' id='word_1_134' title='bbox 1211 1096 1295 1122; x_wconf 90' lang='lat' dir='ltr'>sunt</span> <span class='ocrx_word' id='word_1_135' title='bbox 1315 1090 1401 1122; x_wconf 90' lang='lat' dir='ltr'>dicti</span> <span class='ocrx_word' id='word_1_136' title='bbox 1422 1090 1583 1134; x_wconf 83' lang='lat' dir='ltr'>predicte</span> <span class='ocrx_word' id='word_1_137' title='bbox 1604 1090 1782 1123; x_wconf 84' lang='lat' dir='ltr'>facultatis</span> <span class='ocrx_word' id='word_1_138' title='bbox 1804 1090 1897 1124; x_wconf 88' lang='lat' dir='ltr'>bene</span> <span class='ocrx_word' id='word_1_139' title='bbox 1919 1098 1954 1123; x_wconf 90' lang='lat' dir='ltr'>et</span> <span class='ocrx_word' id='word_1_140' title='bbox 1972 1091 2070 1123; x_wconf 84' lang='lat' dir='ltr'>suffi-</span> 
     </span>
     <span class='ocr_line' id='line_1_13' title="bbox 204 1156 2072 1202; baseline 0.001 -13"><span class='ocrx_word' id='word_1_141' title='bbox 204 1157 342 1189; x_wconf 89' lang='lat' dir='ltr'>cienter</span> <span class='ocrx_word' id='word_1_142' title='bbox 370 1157 509 1189; x_wconf 89' lang='lat' dir='ltr'>fundati</span> <span class='ocrx_word' id='word_1_143' title='bbox 541 1157 577 1189; x_wconf 90' lang='lat' dir='ltr'>in</span> <span class='ocrx_word' id='word_1_144' title='bbox 607 1156 671 1189; x_wconf 89' lang='lat' dir='ltr'>hac</span> <span class='ocrx_word' id='word_1_145' title='bbox 701 1168 827 1197; x_wconf 74' lang='lat' dir='ltr'>causa3</span> <span class='ocrx_word' id='word_1_146' title='bbox 858 1169 922 1201; x_wconf 91' lang='lat' dir='ltr'>per</span> <span class='ocrx_word' id='word_1_147' title='bbox 951 1157 1121 1201; x_wconf 85' lang='lat' dir='ltr'>idemque</span> <span class='ocrx_word' id='word_1_148' title='bbox 1152 1163 1329 1189; x_wconf 87' lang='lat' dir='ltr'>arrestum</span> <span class='ocrx_word' id='word_1_149' title='bbox 1361 1157 1494 1189; x_wconf 88' lang='lat' dir='ltr'>dictum</span> <span class='ocrx_word' id='word_1_150' title='bbox 1524 1157 1591 1189; x_wconf 90' lang='lat' dir='ltr'>fuit</span> <span class='ocrx_word' id='word_1_151' title='bbox 1621 1157 1717 1201; x_wconf 90' lang='lat' dir='ltr'>quod</span> <span class='ocrx_word' id='word_1_152' title='bbox 1748 1157 1865 1190; x_wconf 83' lang='lat' dir='ltr'>(lictus</span> <span class='ocrx_word' id='word_1_153' title='bbox 1897 1158 2072 1202; x_wconf 82' lang='lat' dir='ltr'>magister</span> 
     </span>
     <span class='ocr_line' id='line_1_14' title="bbox 201 1222 2071 1268; baseline 0.001 -13"><span class='ocrx_word' id='word_1_154' title='bbox 201 1222 358 1256; x_wconf 88' lang='lat' dir='ltr'>Jacobus</span> <span class='ocrx_word' id='word_1_155' title='bbox 380 1235 446 1255; x_wconf 90' lang='lat' dir='ltr'>suo</span> <span class='ocrx_word' id='word_1_156' title='bbox 468 1223 614 1256; x_wconf 91' lang='lat' dir='ltr'>nomine</span> <span class='ocrx_word' id='word_1_157' title='bbox 645 1223 784 1268; x_wconf 84' lang='lat' dir='ltr'>privato</span> <span class='ocrx_word' id='word_1_158' title='bbox 813 1235 886 1256; x_wconf 93' lang='lat' dir='ltr'>non</span> <span class='ocrx_word' id='word_1_159' title='bbox 914 1230 989 1256; x_wconf 87' lang='lat' dir='ltr'>erat</span> <span class='ocrx_word' id='word_1_160' title='bbox 1016 1235 1082 1256; x_wconf 89' lang='lat' dir='ltr'>nec</span> <span class='ocrx_word' id='word_1_161' title='bbox 1111 1230 1165 1256; x_wconf 84' lang='lat' dir='ltr'>est</span> <span class='ocrx_word' id='word_1_162' title='bbox 1195 1223 1452 1262; x_wconf 82' lang='lat' dir='ltr'>admittendus,</span> <span class='ocrx_word' id='word_1_163' title='bbox 1480 1223 1672 1268; x_wconf 85' lang='lat' dir='ltr'>ipsumque</span> <span class='ocrx_word' id='word_1_164' title='bbox 1703 1236 1775 1256; x_wconf 89' lang='lat' dir='ltr'>non</span> <span class='ocrx_word' id='word_1_165' title='bbox 1806 1224 1951 1256; x_wconf 85' lang='lat' dir='ltr'>admisit</span> <span class='ocrx_word' id='word_1_166' title='bbox 1979 1224 2071 1257; x_wconf 87' lang='lat' dir='ltr'>dicta</span> 
     </span>
     <span class='ocr_line' id='line_1_15' title="bbox 203 1290 2074 1335; baseline 0.001 -13"><span class='ocrx_word' id='word_1_167' title='bbox 203 1290 302 1322; x_wconf 86' lang='lat' dir='ltr'>curia</span> <span class='ocrx_word' id='word_1_168' title='bbox 330 1301 396 1322; x_wconf 92' lang='lat' dir='ltr'>nec</span> <span class='ocrx_word' id='word_1_169' title='bbox 424 1290 591 1331; x_wconf 86' lang='lat' dir='ltr'>admittit,</span> <span class='ocrx_word' id='word_1_170' title='bbox 614 1290 732 1335; x_wconf 88' lang='lat' dir='ltr'>ipsum</span> <span class='ocrx_word' id='word_1_171' title='bbox 759 1290 796 1322; x_wconf 93' lang='lat' dir='ltr'>in</span> <span class='ocrx_word' id='word_1_172' title='bbox 823 1290 994 1335; x_wconf 83' lang='lat' dir='ltr'>expensis</span> <span class='ocrx_word' id='word_1_173' title='bbox 1023 1290 1201 1322; x_wconf 89' lang='lat' dir='ltr'>dictorum</span> <span class='ocrx_word' id='word_1_174' title='bbox 1232 1290 1394 1335; x_wconf 86' lang='lat' dir='ltr'>predicte</span> <span class='ocrx_word' id='word_1_175' title='bbox 1422 1290 1601 1322; x_wconf 83' lang='lat' dir='ltr'>facultatis</span> <span class='ocrx_word' id='word_1_176' title='bbox 1628 1290 1854 1323; x_wconf 84' lang='lat' dir='ltr'>decretorum</span> <span class='ocrx_word' id='word_1_177' title='bbox 1878 1291 2074 1335; x_wconf 87' lang='lat' dir='ltr'>condemp-</span> 
     </span>
     <span class='ocr_line' id='line_1_16' title="bbox 202 1356 2071 1401; baseline 0.001 -13"><span class='ocrx_word' id='word_1_178' title='bbox 202 1356 335 1397; x_wconf 87' lang='lat' dir='ltr'>nando,</span> <span class='ocrx_word' id='word_1_179' title='bbox 358 1356 532 1389; x_wconf 89' lang='lat' dir='ltr'>dictarum</span> <span class='ocrx_word' id='word_1_180' title='bbox 556 1368 795 1401; x_wconf 81' lang='lat' dir='ltr'>expensarum</span> <span class='ocrx_word' id='word_1_181' title='bbox 819 1357 1003 1390; x_wconf 86' lang='lat' dir='ltr'>taxacione</span> <span class='ocrx_word' id='word_1_182' title='bbox 1023 1357 1117 1389; x_wconf 87' lang='lat' dir='ltr'>dicte</span> <span class='ocrx_word' id='word_1_183' title='bbox 1139 1357 1238 1389; x_wconf 90' lang='lat' dir='ltr'>curie</span> <span class='ocrx_word' id='word_1_184' title='bbox 1261 1363 1454 1389; x_wconf 88' lang='lat' dir='ltr'>reservata.</span> <span class='ocrx_word' id='word_1_185' title='bbox 1478 1358 1521 1389; x_wconf 80' lang='lat' dir='ltr'>Et</span> <span class='ocrx_word' id='word_1_186' title='bbox 1542 1368 1605 1401; x_wconf 90' lang='lat' dir='ltr'>per</span> <span class='ocrx_word' id='word_1_187' title='bbox 1626 1357 1721 1389; x_wconf 91' lang='lat' dir='ltr'>idem</span> <span class='ocrx_word' id='word_1_188' title='bbox 1743 1364 1918 1389; x_wconf 84' lang='lat' dir='ltr'>arrestum</span> <span class='ocrx_word' id='word_1_189' title='bbox 1937 1357 2071 1390; x_wconf 86' lang='lat' dir='ltr'>dictum</span> 
     </span>
     <span class='ocr_line' id='line_1_17' title="bbox 202 1423 2072 1468; baseline 0.001 -13"><span class='ocrx_word' id='word_1_190' title='bbox 202 1423 269 1455; x_wconf 89' lang='lat' dir='ltr'>fuit</span> <span class='ocrx_word' id='word_1_191' title='bbox 294 1423 391 1467; x_wconf 91' lang='lat' dir='ltr'>quod</span> <span class='ocrx_word' id='word_1_192' title='bbox 422 1423 458 1454; x_wconf 92' lang='lat' dir='ltr'>in</span> <span class='ocrx_word' id='word_1_193' title='bbox 488 1423 620 1455; x_wconf 86' lang='lat' dir='ltr'>ceteris</span> <span class='ocrx_word' id='word_1_194' title='bbox 649 1423 743 1455; x_wconf 91' lang='lat' dir='ltr'>dicte</span> <span class='ocrx_word' id='word_1_195' title='bbox 776 1429 896 1468; x_wconf 90' lang='lat' dir='ltr'>partes</span> <span class='ocrx_word' id='word_1_196' title='bbox 926 1430 1027 1456; x_wconf 90' lang='lat' dir='ltr'>erant</span> <span class='ocrx_word' id='word_1_197' title='bbox 1061 1430 1096 1456; x_wconf 91' lang='lat' dir='ltr'>et</span> <span class='ocrx_word' id='word_1_198' title='bbox 1125 1430 1210 1456; x_wconf 89' lang='lat' dir='ltr'>sunt</span> <span class='ocrx_word' id='word_1_199' title='bbox 1243 1423 1286 1456; x_wconf 91' lang='lat' dir='ltr'>ad</span> <span class='ocrx_word' id='word_1_200' title='bbox 1321 1435 1384 1455; x_wconf 80' lang='lat' dir='ltr'>sua</span> <span class='ocrx_word' id='word_1_201' title='bbox 1420 1423 1606 1468; x_wconf 86' lang='lat' dir='ltr'>proposita</span> <span class='ocrx_word' id='word_1_202' title='bbox 1636 1423 1870 1459; x_wconf 81' lang='lat' dir='ltr'>admittende,</span> <span class='ocrx_word' id='word_1_203' title='bbox 1902 1424 2072 1468; x_wconf 83' lang='lat' dir='ltr'>ipsasque</span> 
     </span>
     <span class='ocr_line' id='line_1_18' title="bbox 203 1489 2075 1535; baseline 0.001 -14"><span class='ocrx_word' id='word_1_204' title='bbox 203 1489 348 1522; x_wconf 86' lang='lat' dir='ltr'>admisit</span> <span class='ocrx_word' id='word_1_205' title='bbox 369 1489 461 1522; x_wconf 90' lang='lat' dir='ltr'>dicta</span> <span class='ocrx_word' id='word_1_206' title='bbox 489 1489 587 1522; x_wconf 89' lang='lat' dir='ltr'>curia</span> <span class='ocrx_word' id='word_1_207' title='bbox 610 1496 644 1522; x_wconf 90' lang='lat' dir='ltr'>et</span> <span class='ocrx_word' id='word_1_208' title='bbox 670 1489 837 1530; x_wconf 83' lang='lat' dir='ltr'>admittit,</span> <span class='ocrx_word' id='word_1_209' title='bbox 865 1502 931 1522; x_wconf 90' lang='lat' dir='ltr'>nec</span> <span class='ocrx_word' id='word_1_210' title='bbox 959 1496 1124 1534; x_wconf 88' lang='lat' dir='ltr'>poterant</span> <span class='ocrx_word' id='word_1_211' title='bbox 1154 1502 1273 1535; x_wconf 86' lang='lat' dir='ltr'>neque</span> <span class='ocrx_word' id='word_1_212' title='bbox 1304 1496 1457 1534; x_wconf 86' lang='lat' dir='ltr'>possunt</span> <span class='ocrx_word' id='word_1_213' title='bbox 1486 1490 1564 1522; x_wconf 90' lang='lat' dir='ltr'>sine</span> <span class='ocrx_word' id='word_1_214' title='bbox 1592 1490 1694 1522; x_wconf 87' lang='lat' dir='ltr'>factis</span> <span class='ocrx_word' id='word_1_215' title='bbox 1725 1490 1901 1535; x_wconf 85' lang='lat' dir='ltr'>expediri.</span> <span class='ocrx_word' id='word_1_216' title='bbox 1930 1490 2075 1523; x_wconf 84' lang='lat' dir='ltr'>Facient</span> 
     </span>
     <span class='ocr_line' id='line_1_19' title="bbox 203 1555 2073 1601; baseline 0.001 -14"><span class='ocrx_word' id='word_1_217' title='bbox 203 1555 314 1600; x_wconf 86' lang='lat' dir='ltr'>igitur</span> <span class='ocrx_word' id='word_1_218' title='bbox 339 1555 428 1588; x_wconf 89' lang='lat' dir='ltr'>facta</span> <span class='ocrx_word' id='word_1_219' title='bbox 449 1567 526 1596; x_wconf 70' lang='lat' dir='ltr'>sua,</span> <span class='ocrx_word' id='word_1_220' title='bbox 549 1567 660 1600; x_wconf 85' lang='lat' dir='ltr'>super</span> <span class='ocrx_word' id='word_1_221' title='bbox 681 1555 814 1600; x_wconf 88' lang='lat' dir='ltr'>quibus</span> <span class='ocrx_word' id='word_1_222' title='bbox 842 1556 1047 1601; x_wconf 90' lang='lat' dir='ltr'>inquiretur</span> <span class='ocrx_word' id='word_1_223' title='bbox 1071 1556 1224 1596; x_wconf 80' lang='lat' dir='ltr'>veritas;</span> <span class='ocrx_word' id='word_1_224' title='bbox 1248 1563 1283 1589; x_wconf 88' lang='lat' dir='ltr'>et</span> <span class='ocrx_word' id='word_1_225' title='bbox 1309 1556 1476 1600; x_wconf 90' lang='lat' dir='ltr'>inquesta</span> <span class='ocrx_word' id='word_1_226' title='bbox 1501 1556 1591 1588; x_wconf 87' lang='lat' dir='ltr'>facta</span> <span class='ocrx_word' id='word_1_227' title='bbox 1616 1568 1655 1588; x_wconf 89' lang='lat' dir='ltr'>ac</span> <span class='ocrx_word' id='word_1_228' title='bbox 1684 1556 1800 1588; x_wconf 88' lang='lat' dir='ltr'>eidem</span> <span class='ocrx_word' id='word_1_229' title='bbox 1823 1557 1922 1589; x_wconf 90' lang='lat' dir='ltr'>curie</span> <span class='ocrx_word' id='word_1_230' title='bbox 1951 1568 2073 1601; x_wconf 89' lang='lat' dir='ltr'>repor-</span> 
     </span>
     <span class='ocr_line' id='line_1_20' title="bbox 204 1621 2074 1668; baseline 0.001 -14"><span class='ocrx_word' id='word_1_231' title='bbox 204 1628 272 1655; x_wconf 84' lang='lat' dir='ltr'>tata</span> <span class='ocrx_word' id='word_1_232' title='bbox 293 1621 355 1654; x_wconf 87' lang='lat' dir='ltr'>fiet</span> <span class='ocrx_word' id='word_1_233' title='bbox 375 1623 450 1666; x_wconf 88' lang='lat' dir='ltr'>jus.</span> <span class='ocrx_word' id='word_1_234' title='bbox 474 1623 514 1654; x_wconf 91' lang='lat' dir='ltr'>ln</span> <span class='ocrx_word' id='word_1_235' title='bbox 536 1628 707 1666; x_wconf 87' lang='lat' dir='ltr'>quantum</span> <span class='ocrx_word' id='word_1_236' title='bbox 733 1634 819 1655; x_wconf 91' lang='lat' dir='ltr'>vero</span> <span class='ocrx_word' id='word_1_237' title='bbox 841 1623 956 1668; x_wconf 86' lang='lat' dir='ltr'>tangit</span> <span class='ocrx_word' id='word_1_238' title='bbox 983 1623 1250 1655; x_wconf 89' lang='lat' dir='ltr'>recredenciam</span> <span class='ocrx_word' id='word_1_239' title='bbox 1280 1635 1344 1668; x_wconf 88' lang='lat' dir='ltr'>per</span> <span class='ocrx_word' id='word_1_240' title='bbox 1369 1629 1557 1667; x_wconf 88' lang='lat' dir='ltr'>utramque</span> <span class='ocrx_word' id='word_1_241' title='bbox 1585 1623 1759 1655; x_wconf 87' lang='lat' dir='ltr'>dictarum</span> <span class='ocrx_word' id='word_1_242' title='bbox 1786 1623 1937 1668; x_wconf 87' lang='lat' dir='ltr'>partium</span> <span class='ocrx_word' id='word_1_243' title='bbox 1967 1635 2074 1668; x_wconf 85' lang='lat' dir='ltr'>supra</span> 
     </span>
     <span class='ocr_line' id='line_1_21' title="bbox 205 1688 2072 1734; baseline 0.001 -14"><span class='ocrx_word' id='word_1_244' title='bbox 205 1689 363 1733; x_wconf 80' lang='lat' dir='ltr'>petitam,</span> <span class='ocrx_word' id='word_1_245' title='bbox 389 1688 482 1721; x_wconf 88' lang='lat' dir='ltr'>dicta</span> <span class='ocrx_word' id='word_1_246' title='bbox 504 1689 602 1721; x_wconf 87' lang='lat' dir='ltr'>curia</span> <span class='ocrx_word' id='word_1_247' title='bbox 624 1701 735 1734; x_wconf 86' lang='lat' dir='ltr'>super</span> <span class='ocrx_word' id='word_1_248' title='bbox 760 1689 828 1722; x_wconf 91' lang='lat' dir='ltr'>hoc</span> <span class='ocrx_word' id='word_1_249' title='bbox 855 1689 1056 1734; x_wconf 88' lang='lat' dir='ltr'>pleniorem</span> <span class='ocrx_word' id='word_1_250' title='bbox 1083 1689 1231 1722; x_wconf 86' lang='lat' dir='ltr'>habebit</span> <span class='ocrx_word' id='word_1_251' title='bbox 1255 1689 1575 1730; x_wconf 81' lang='lat' dir='ltr'>deliberacionem,</span> <span class='ocrx_word' id='word_1_252' title='bbox 1599 1696 1633 1722; x_wconf 90' lang='lat' dir='ltr'>et</span> <span class='ocrx_word' id='word_1_253' title='bbox 1659 1702 1769 1734; x_wconf 91' lang='lat' dir='ltr'>super</span> <span class='ocrx_word' id='word_1_254' title='bbox 1790 1689 1857 1722; x_wconf 89' lang='lat' dir='ltr'>hoc</span> <span class='ocrx_word' id='word_1_255' title='bbox 1879 1689 2072 1730; x_wconf 84' lang='lat' dir='ltr'>ordinabit,</span> 
     </span>
    </p>
   </div>
   <div class='ocr_carea' id='block_1_3' title="bbox 205 1755 1933 1801">
    <p class='ocr_par' dir='ltr' id='par_1_4' title="bbox 205 1755 1933 1801">
     <span class='ocr_line' id='line_1_22' title="bbox 205 1755 1933 1801; baseline 0.001 -14"><span class='ocrx_word' id='word_1_256' title='bbox 205 1761 244 1787; x_wconf 88' lang='lat' dir='ltr'>ut</span> <span class='ocrx_word' id='word_1_257' title='bbox 263 1755 372 1787; x_wconf 90' lang='lat' dir='ltr'>fuerit</span> <span class='ocrx_word' id='word_1_258' title='bbox 394 1755 556 1787; x_wconf 88' lang='lat' dir='ltr'>rationis.</span> <span class='ocrx_word' id='word_1_259' title='bbox 580 1756 862 1788; x_wconf 86' lang='lat' dir='ltr'>Pronunciatum</span> <span class='ocrx_word' id='word_1_260' title='bbox 884 1756 972 1800; x_wconf 67' lang='lat' dir='ltr'>xxija</span> <span class='ocrx_word' id='word_1_261' title='bbox 989 1756 1046 1788; x_wconf 92' lang='lat' dir='ltr'>die</span> <span class='ocrx_word' id='word_1_262' title='bbox 1069 1756 1218 1801; x_wconf 86' lang='lat' dir='ltr'>Aprilis,</span> <span class='ocrx_word' id='word_1_263' title='bbox 1241 1768 1334 1789; x_wconf 89' lang='lat' dir='ltr'>anno</span> <span class='ocrx_word' id='word_1_264' title='bbox 1357 1758 1406 1789; x_wconf 66' lang='grc' dir='ltr'>ΜΟ</span> <span class='ocrx_word' id='word_1_265' title='bbox 1419 1757 1524 1789; x_wconf 90' lang='lat' dir='ltr'><strong>CCC⁰</strong></span> <span class='ocrx_word' id='word_1_266' title='bbox 1546 1756 1771 1800; x_wconf 85' lang='lat' dir='ltr'>octogesimo</span> <span class='ocrx_word' id='word_1_267' title='bbox 1794 1763 1933 1800; x_wconf 86' lang='lat' dir='ltr'>quarto.</span> 
     </span>
    </p>
   </div>
   <div class='ocr_carea' id='block_1_4' title="bbox 298 1824 1894 1897">
    <p class='ocr_par' dir='ltr' id='par_1_5' title="bbox 298 1824 1894 1897">
     <span class='ocr_line' id='line_1_23' title="bbox 298 1824 1894 1897; baseline -0.014 -8"><span class='ocrx_word' id='word_1_268' title='bbox 298 1866 374 1889; x_wconf 75' lang='lat' dir='ltr'>Arch.</span> <span class='ocrx_word' id='word_1_269' title='bbox 393 1869 446 1889; x_wconf 79' lang='lat' dir='ltr'>nat.</span> <span class='ocrx_word' id='word_1_270' title='bbox 463 1866 548 1890; x_wconf 80' lang='lat' dir='ltr'>Paris.</span> <span class='ocrx_word' id='word_1_271' title='bbox 565 1866 611 1889; x_wconf 61' lang='grc' dir='ltr'>ΧΜ</span> <span class='ocrx_word' id='word_1_272' title='bbox 623 1867 652 1889; x_wconf 83' lang='lat'>32</span> <span class='ocrx_word' id='word_1_273' title='bbox 670 1867 783 1897; x_wconf 71' lang='lat' dir='ltr'>(Juye&#39;s)‚</span> <span class='ocrx_word' id='word_1_274' title='bbox 801 1868 844 1892; x_wconf 83' lang='lat' dir='ltr'>sol.</span> <span class='ocrx_word' id='word_1_275' title='bbox 862 1868 915 1890; x_wconf 68' lang='lat'>343.</span> <span class='ocrx_word' id='word_1_276' title='bbox 1746 1824 1894 1856; x_wconf 68' lang='lat' dir='ltr'><strong>CORBOE·</strong></span> 
     </span>
    </p>
   </div>
   <div class='ocr_carea' id='block_1_5' title="bbox 301 1958 2075 1991">
    <p class='ocr_par' dir='ltr' id='par_1_6' title="bbox 301 1958 2075 1991">
     <span class='ocr_line' id='line_1_24' title="bbox 301 1958 2075 1991; baseline 0.001 -9"><span class='ocrx_word' id='word_1_277' title='bbox 301 1959 320 1981; x_wconf 89' lang='grc'>1.</span> <span class='ocrx_word' id='word_1_278' title='bbox 339 1958 411 1986; x_wconf 76' lang='lat' dir='ltr'>Quae</span> <span class='ocrx_word' id='word_1_279' title='bbox 427 1967 495 1981; x_wconf 85' lang='lat' dir='ltr'>nunc</span> <span class='ocrx_word' id='word_1_280' title='bbox 510 1959 536 1982; x_wconf 84' lang='lat' dir='ltr'>in</span> <span class='ocrx_word' id='word_1_281' title='bbox 552 1959 727 1983; x_wconf 82' lang='lat' dir='ltr'>instrumento</span> <span class='ocrx_word' id='word_1_282' title='bbox 744 1960 855 1983; x_wconf 79' lang='lat' dir='ltr'>strictim</span> <span class='ocrx_word' id='word_1_283' title='bbox 872 1963 1022 1988; x_wconf 66' lang='lat' dir='ltr'>narrantur,</span> <span class='ocrx_word' id='word_1_284' title='bbox 1041 1969 1055 1983; x_wconf 87' lang='lat' dir='ltr'>a</span> <span class='ocrx_word' id='word_1_285' title='bbox 1071 1960 1146 1983; x_wconf 81' lang='lat' dir='ltr'>nobis</span> <span class='ocrx_word' id='word_1_286' title='bbox 1163 1960 1301 1983; x_wconf 79' lang='lat' dir='ltr'>brevitatis</span> <span class='ocrx_word' id='word_1_287' title='bbox 1317 1968 1397 1982; x_wconf 83' lang='lat' dir='ltr'>causa</span> <span class='ocrx_word' id='word_1_288' title='bbox 1412 1960 1609 1991; x_wconf 75' lang='lat' dir='ltr'>praetermissa,</span> <span class='ocrx_word' id='word_1_289' title='bbox 1626 1961 1676 1983; x_wconf 82' lang='lat' dir='ltr'>late</span> <span class='ocrx_word' id='word_1_290' title='bbox 1692 1960 1808 1983; x_wconf 75' lang='lat' dir='ltr'>invenies</span> <span class='ocrx_word' id='word_1_291' title='bbox 1823 1969 1903 1991; x_wconf 84' lang='lat' dir='ltr'>supra</span> <span class='ocrx_word' id='word_1_292' title='bbox 1918 1969 1944 1991; x_wconf 89' lang='lat' dir='ltr'>p.</span> <span class='ocrx_word' id='word_1_293' title='bbox 1964 1961 2075 1984; x_wconf 62' lang='lat' dir='ltr'>sao-322.</span> 
     </span>
    </p>
   </div>
   <div class='ocr_carea' id='block_1_6' title="bbox 204 2003 2075 2078">
    <p class='ocr_par' dir='ltr' id='par_1_7' title="bbox 204 2003 2075 2078">
     <span class='ocr_line' id='line_1_25' title="bbox 204 2003 2075 2036; baseline 0.001 -11"><span class='ocrx_word' id='word_1_294' title='bbox 204 2016 235 2020; x_wconf 88' lang='lat'><strong>—</strong></span> <span class='ocrx_word' id='word_1_295' title='bbox 256 2003 278 2025; x_wconf 79' lang='lat'>9..</span> <span class='ocrx_word' id='word_1_296' title='bbox 296 2003 330 2025; x_wconf 87' lang='lat' dir='ltr'>De</span> <span class='ocrx_word' id='word_1_297' title='bbox 348 2004 530 2034; x_wconf 78' lang='lat' dir='ltr'>procuratorio</span> <span class='ocrx_word' id='word_1_298' title='bbox 548 2004 601 2027; x_wconf 77' lang='lat' dir='ltr'>vid.</span> <span class='ocrx_word' id='word_1_299' title='bbox 623 2012 705 2035; x_wconf 81' lang='lat' dir='ltr'>supra</span> <span class='ocrx_word' id='word_1_300' title='bbox 720 2013 746 2035; x_wconf 88' lang='lat' dir='ltr'>p.</span> <span class='ocrx_word' id='word_1_301' title='bbox 764 2006 809 2027; x_wconf 74' lang='lat'>323</span> <span class='ocrx_word' id='word_1_302' title='bbox 828 2005 853 2027; x_wconf 91' lang='lat' dir='ltr'>in</span> <span class='ocrx_word' id='word_1_303' title='bbox 871 2005 922 2028; x_wconf 83' lang='lat' dir='ltr'>fine</span> <span class='ocrx_word' id='word_1_304' title='bbox 942 2013 947 2027; x_wconf 89' lang='grc'>·.</span> <span class='ocrx_word' id='word_1_305' title='bbox 966 2014 977 2027; x_wconf 76' lang='grc' dir='ltr'><strong><em>α</em></strong></span> <span class='ocrx_word' id='word_1_306' title='bbox 994 2005 1081 2032; x_wconf 80' lang='lat' dir='ltr'>Quant</span> <span class='ocrx_word' id='word_1_307' title='bbox 1098 2007 1112 2028; x_wconf 75' lang='lat' dir='ltr'>a</span> <span class='ocrx_word' id='word_1_308' title='bbox 1136 2005 1162 2028; x_wconf 84' lang='lat' dir='ltr'>la</span> <span class='ocrx_word' id='word_1_309' title='bbox 1186 2005 1356 2036; x_wconf 83' lang='lat' dir='ltr'>procuration</span> <span class='ocrx_word' id='word_1_310' title='bbox 1372 2013 1393 2029; x_wconf 83' lang='lat'>».</span> <span class='ocrx_word' id='word_1_311' title='bbox 1410 2009 1459 2029; x_wconf 79' lang='lat' dir='ltr'>etc.</span> <span class='ocrx_word' id='word_1_312' title='bbox 1475 2018 1505 2021; x_wconf 86' lang='lat'>—</span> <span class='ocrx_word' id='word_1_313' title='bbox 1520 2006 1543 2028; x_wconf 88' lang='lat'>3.</span> <span class='ocrx_word' id='word_1_314' title='bbox 1562 2005 1590 2027; x_wconf 90' lang='lat' dir='ltr'>In</span> <span class='ocrx_word' id='word_1_315' title='bbox 1606 2005 1776 2036; x_wconf 79' lang='lat' dir='ltr'>sequentibus</span> <span class='ocrx_word' id='word_1_316' title='bbox 1796 2005 1910 2027; x_wconf 87' lang='lat' dir='ltr'>breviter</span> <span class='ocrx_word' id='word_1_317' title='bbox 1927 2008 2075 2034; x_wconf 68' lang='lat' dir='ltr'>enarratur,</span> 
     </span>
     <span class='ocr_line' id='line_1_26' title="bbox 205 2047 819 2078; baseline 0.003 -9"><span class='ocrx_word' id='word_1_318' title='bbox 205 2047 273 2077; x_wconf 90' lang='lat' dir='ltr'>quod</span> <span class='ocrx_word' id='word_1_319' title='bbox 290 2055 372 2078; x_wconf 82' lang='lat' dir='ltr'>supra</span> <span class='ocrx_word' id='word_1_320' title='bbox 387 2056 413 2078; x_wconf 85' lang='lat' dir='ltr'>p.</span> <span class='ocrx_word' id='word_1_321' title='bbox 430 2049 535 2070; x_wconf 70' lang='lat'>:322-323</span> <span class='ocrx_word' id='word_1_322' title='bbox 552 2048 635 2071; x_wconf 86' lang='lat' dir='ltr'>fusius</span> <span class='ocrx_word' id='word_1_323' title='bbox 654 2049 819 2072; x_wconf 81' lang='lat' dir='ltr'>exscribitur.</span> 
     </span>
    </p>
   </div>
   <div class='ocr_carea' id='block_1_7' title="bbox 212 2192 2071 2287">
    <p class='ocr_par' dir='ltr' id='par_1_8' title="bbox 212 2192 2071 2287">
     <span class='ocr_line' id='line_1_27' title="bbox 212 2192 2071 2239; baseline 0 -11"><span class='ocrx_word' id='word_1_324' title='bbox 212 2192 352 2229; x_wconf 77' lang='grc'><strong>1489.</strong></span> <span class='ocrx_word' id='word_1_325' title='bbox 380 2201 505 2227; x_wconf 78' lang='lat' dir='ltr'>Clemens</span> <span class='ocrx_word' id='word_1_326' title='bbox 527 2204 618 2228; x_wconf 82' lang='lat' dir='ltr'>VIIin</span> <span class='ocrx_word' id='word_1_327' title='bbox 635 2205 760 2237; x_wconf 75' lang='lat' dir='ltr'>favorem</span> <span class='ocrx_word' id='word_1_328' title='bbox 778 2203 900 2239; x_wconf 73' lang='lat' dir='ltr'>capituli</span> <span class='ocrx_word' id='word_1_329' title='bbox 914 2204 1009 2229; x_wconf 81' lang='lat' dir='ltr'>Paris.</span> <span class='ocrx_word' id='word_1_330' title='bbox 1029 2204 1142 2237; x_wconf 76' lang='lat' dir='ltr'>statuit,</span> <span class='ocrx_word' id='word_1_331' title='bbox 1166 2207 1196 2229; x_wconf 81' lang='lat' dir='ltr'>ut</span> <span class='ocrx_word' id='word_1_332' title='bbox 1218 2203 1353 2239; x_wconf 77' lang='lat' dir='ltr'>deinceps</span> <span class='ocrx_word' id='word_1_333' title='bbox 1370 2212 1441 2228; x_wconf 75' lang='lat' dir='ltr'>unus</span> <span class='ocrx_word' id='word_1_334' title='bbox 1458 2203 1611 2228; x_wconf 79' lang='lat' dir='ltr'>canonicus</span> <span class='ocrx_word' id='word_1_335' title='bbox 1634 2202 1699 2228; x_wconf 72' lang='lat' dir='ltr'>eccl.</span> <span class='ocrx_word' id='word_1_336' title='bbox 1718 2204 1824 2236; x_wconf 78' lang='lat' dir='ltr'>Paris.,</span> <span class='ocrx_word' id='word_1_337' title='bbox 1843 2203 1946 2228; x_wconf 77' lang='lat' dir='ltr'>decret.</span> <span class='ocrx_word' id='word_1_338' title='bbox 1966 2203 2071 2237; x_wconf 84' lang='lat' dir='ltr'>doctor,</span> 
     </span>
     <span class='ocr_line' id='line_1_28' title="bbox 294 2250 1782 2287; baseline 0.001 -11"><span class='ocrx_word' id='word_1_339' title='bbox 294 2250 411 2276; x_wconf 82' lang='lat' dir='ltr'>decreta</span> <span class='ocrx_word' id='word_1_340' title='bbox 426 2252 488 2276; x_wconf 81' lang='lat' dir='ltr'>sine</span> <span class='ocrx_word' id='word_1_341' title='bbox 505 2251 623 2277; x_wconf 80' lang='lat' dir='ltr'>licentia</span> <span class='ocrx_word' id='word_1_342' title='bbox 638 2252 793 2286; x_wconf 77' lang='lat' dir='ltr'>facultatis</span> <span class='ocrx_word' id='word_1_343' title='bbox 807 2252 983 2278; x_wconf 75' lang='lat' dir='ltr'>decretorum</span> <span class='ocrx_word' id='word_1_344' title='bbox 1001 2253 1029 2278; x_wconf 85' lang='lat' dir='ltr'>in</span> <span class='ocrx_word' id='word_1_345' title='bbox 1045 2252 1151 2278; x_wconf 80' lang='lat' dir='ltr'>scholis</span> <span class='ocrx_word' id='word_1_346' title='bbox 1169 2252 1290 2277; x_wconf 77' lang='lat' dir='ltr'>claustri</span> <span class='ocrx_word' id='word_1_347' title='bbox 1305 2251 1443 2277; x_wconf 79' lang='lat' dir='ltr'>ecclesiae</span> <span class='ocrx_word' id='word_1_348' title='bbox 1458 2252 1550 2277; x_wconf 77' lang='lat' dir='ltr'>Paris.</span> <span class='ocrx_word' id='word_1_349' title='bbox 1571 2252 1663 2286; x_wconf 75' lang='lat' dir='ltr'>legere</span> <span class='ocrx_word' id='word_1_350' title='bbox 1680 2252 1782 2287; x_wconf 80' lang='lat' dir='ltr'>possit.</span> 
     </span>
    </p>
   </div>
   <div class='ocr_carea' id='block_1_8' title="bbox 1217 2337 1789 2370">
    <p class='ocr_par' dir='ltr' id='par_1_9' title="bbox 1217 2337 1789 2370">
     <span class='ocr_line' id='line_1_29' title="bbox 1217 2337 1789 2370; baseline -0.002 -7"><span class='ocrx_word' id='word_1_351' title='bbox 1217 2338 1292 2366; x_wconf 71' lang='lat'><strong><em>1384.</em></strong></span> <span class='ocrx_word' id='word_1_352' title='bbox 1309 2337 1415 2370; x_wconf 66' lang='lat' dir='ltr'>Augusti</span> <span class='ocrx_word' id='word_1_353' title='bbox 1427 2338 1463 2366; x_wconf 83' lang='grc'>16,</span> <span class='ocrx_word' id='word_1_354' title='bbox 1481 2338 1549 2369; x_wconf 82' lang='lat' dir='ltr'>apud</span> <span class='ocrx_word' id='word_1_355' title='bbox 1562 2337 1678 2362; x_wconf 76' lang='lat' dir='ltr'>Castrum</span> <span class='ocrx_word' id='word_1_356' title='bbox 1693 2337 1789 2363; x_wconf 78' lang='lat' dir='ltr'>Momm.</span> 
     </span>
    </p>
   </div>
   <div class='ocr_carea' id='block_1_9' title="bbox 207 2419 2075 2866">
    <p class='ocr_par' dir='ltr' id='par_1_10' title="bbox 207 2419 2075 2866">
     <span class='ocr_line' id='line_1_30' title="bbox 297 2419 2073 2466; baseline 0.001 -15"><span class='ocrx_word' id='word_1_357' title='bbox 297 2419 467 2452; x_wconf 89' lang='lat' dir='ltr'>Clemens</span> <span class='ocrx_word' id='word_1_358' title='bbox 485 2420 680 2466; x_wconf 86' lang='lat' dir='ltr'>episcopus</span> <span class='ocrx_word' id='word_1_359' title='bbox 697 2433 826 2454; x_wconf 88' lang='lat' dir='ltr'>servus</span> <span class='ocrx_word' id='word_1_360' title='bbox 843 2433 1031 2454; x_wconf 89' lang='lat' dir='ltr'>servorum</span> <span class='ocrx_word' id='word_1_361' title='bbox 1051 2422 1128 2454; x_wconf 87' lang='lat' dir='ltr'>Dei.</span> <span class='ocrx_word' id='word_1_362' title='bbox 1148 2421 1203 2453; x_wconf 86' lang='lat' dir='ltr'>Ad</span> <span class='ocrx_word' id='word_1_363' title='bbox 1224 2428 1432 2466; x_wconf 87' lang='lat' dir='ltr'>perpetuam</span> <span class='ocrx_word' id='word_1_364' title='bbox 1451 2421 1502 2453; x_wconf 92' lang='lat' dir='ltr'>rei</span> <span class='ocrx_word' id='word_1_365' title='bbox 1520 2421 1742 2453; x_wconf 90' lang='lat' dir='ltr'>memoriam.</span> <span class='ocrx_word' id='word_1_366' title='bbox 1762 2421 1815 2453; x_wconf 82' lang='lat' dir='ltr'>Ad</span> <span class='ocrx_word' id='word_1_367' title='bbox 1834 2421 2073 2454; x_wconf 82' lang='lat' dir='ltr'>Parisicnscm</span> 
     </span>
     <span class='ocr_line' id='line_1_31' title="bbox 208 2485 2074 2533; baseline 0.001 -15"><span class='ocrx_word' id='word_1_368' title='bbox 208 2485 412 2527; x_wconf 87' lang='lat' dir='ltr'>ecclesiam,</span> <span class='ocrx_word' id='word_1_369' title='bbox 440 2487 476 2519; x_wconf 93' lang='lat' dir='ltr'>in</span> <span class='ocrx_word' id='word_1_370' title='bbox 503 2499 571 2531; x_wconf 87' lang='lat' dir='ltr'>qua</span> <span class='ocrx_word' id='word_1_371' title='bbox 592 2488 676 2520; x_wconf 90' lang='lat' dir='ltr'>dum</span> <span class='ocrx_word' id='word_1_372' title='bbox 703 2488 835 2520; x_wconf 90' lang='lat' dir='ltr'>minori</span> <span class='ocrx_word' id='word_1_373' title='bbox 863 2489 1100 2533; x_wconf 84' lang='lat' dir='ltr'>fungeremur</span> <span class='ocrx_word' id='word_1_374' title='bbox 1128 2488 1245 2520; x_wconf 83' lang='lat' dir='ltr'>officio</span> <span class='ocrx_word' id='word_1_375' title='bbox 1271 2487 1521 2520; x_wconf 87' lang='lat' dir='ltr'>canonicatum</span> <span class='ocrx_word' id='word_1_376' title='bbox 1546 2494 1578 2519; x_wconf 87' lang='lat' dir='ltr'>ct</span> <span class='ocrx_word' id='word_1_377' title='bbox 1604 2486 1824 2532; x_wconf 89' lang='lat' dir='ltr'>prebendam</span> <span class='ocrx_word' id='word_1_378' title='bbox 1851 2487 2074 2520; x_wconf 88' lang='lat' dir='ltr'>obtinuimus</span> 
     </span>
     <span class='ocr_line' id='line_1_32' title="bbox 208 2552 2074 2599; baseline 0.001 -15"><span class='ocrx_word' id='word_1_379' title='bbox 208 2564 246 2584; x_wconf 87' lang='lat' dir='ltr'>ac</span> <span class='ocrx_word' id='word_1_380' title='bbox 265 2552 503 2586; x_wconf 88' lang='lat' dir='ltr'>residenciam</span> <span class='ocrx_word' id='word_1_381' title='bbox 521 2554 673 2587; x_wconf 84' lang='lat' dir='ltr'>fecimus</span> <span class='ocrx_word' id='word_1_382' title='bbox 691 2554 934 2599; x_wconf 88' lang='lat' dir='ltr'>personalem,</span> <span class='ocrx_word' id='word_1_383' title='bbox 954 2555 1123 2599; x_wconf 84' lang='lat' dir='ltr'>specialis</span> <span class='ocrx_word' id='word_1_384' title='bbox 1142 2554 1347 2587; x_wconf 83' lang='lat' dir='ltr'>devotionis</span> <span class='ocrx_word' id='word_1_385' title='bbox 1368 2560 1539 2598; x_wconf 82' lang='lat' dir='ltr'>gerentes</span> <span class='ocrx_word' id='word_1_386' title='bbox 1557 2554 1723 2587; x_wconf 78' lang='lat' dir='ltr'>affectum</span> <span class='ocrx_word' id='word_1_387' title='bbox 1740 2554 1959 2592; x_wconf 89' lang='lat' dir='ltr'>inducimur,</span> <span class='ocrx_word' id='word_1_388' title='bbox 1978 2560 2016 2585; x_wconf 91' lang='lat' dir='ltr'>ut</span> <span class='ocrx_word' id='word_1_389' title='bbox 2032 2553 2074 2585; x_wconf 91' lang='lat' dir='ltr'>ad</span> 
     </span>
     <span class='ocr_line' id='line_1_33' title="bbox 208 2620 2072 2666; baseline 0.001 -16"><span class='ocrx_word' id='word_1_390' title='bbox 208 2630 283 2650; x_wconf 86' lang='lat' dir='ltr'>eam</span> <span class='ocrx_word' id='word_1_391' title='bbox 307 2626 476 2663; x_wconf 85' lang='lat' dir='ltr'>quantum</span> <span class='ocrx_word' id='word_1_392' title='bbox 503 2633 582 2653; x_wconf 91' lang='lat' dir='ltr'>cum</span> <span class='ocrx_word' id='word_1_393' title='bbox 614 2622 690 2653; x_wconf 90' lang='lat' dir='ltr'>Deo</span> <span class='ocrx_word' id='word_1_394' title='bbox 717 2633 914 2666; x_wconf 85' lang='lat' dir='ltr'>possumus</span> <span class='ocrx_word' id='word_1_395' title='bbox 942 2621 1185 2661; x_wconf 84' lang='lat' dir='ltr'>intendamus,</span> <span class='ocrx_word' id='word_1_396' title='bbox 1209 2633 1278 2665; x_wconf 91' lang='lat' dir='ltr'>que</span> <span class='ocrx_word' id='word_1_397' title='bbox 1309 2620 1499 2652; x_wconf 90' lang='lat' dir='ltr'>summotis</span> <span class='ocrx_word' id='word_1_398' title='bbox 1528 2620 1770 2664; x_wconf 87' lang='lat' dir='ltr'>quarumlibet</span> <span class='ocrx_word' id='word_1_399' title='bbox 1801 2620 2072 2653; x_wconf 81' lang='lat' dir='ltr'>(liscencionum</span> 
     </span>
     <span class='ocr_line' id='line_1_34' title="bbox 208 2685 2074 2733; baseline 0.001 -17"><span class='ocrx_word' id='word_1_400' title='bbox 208 2685 368 2718; x_wconf 89' lang='lat' dir='ltr'>materiis</span> <span class='ocrx_word' id='word_1_401' title='bbox 385 2686 428 2718; x_wconf 90' lang='lat' dir='ltr'>ad</span> <span class='ocrx_word' id='word_1_402' title='bbox 446 2699 682 2731; x_wconf 88' lang='lat' dir='ltr'>personarum</span> <span class='ocrx_word' id='word_1_403' title='bbox 705 2688 821 2733; x_wconf 89' lang='lat' dir='ltr'>ipsius</span> <span class='ocrx_word' id='word_1_404' title='bbox 839 2688 1133 2732; x_wconf 86' lang='lat' dir='ltr'>tranquillitatem</span> <span class='ocrx_word' id='word_1_405' title='bbox 1155 2694 1189 2720; x_wconf 90' lang='lat' dir='ltr'>et</span> <span class='ocrx_word' id='word_1_406' title='bbox 1211 2699 1331 2732; x_wconf 84' lang='lat' dir='ltr'>pacem</span> <span class='ocrx_word' id='word_1_407' title='bbox 1350 2687 1427 2719; x_wconf 91' lang='lat' dir='ltr'>fore</span> <span class='ocrx_word' id='word_1_408' title='bbox 1444 2687 1691 2731; x_wconf 81' lang='lat' dir='ltr'>conspicimus</span> <span class='ocrx_word' id='word_1_409' title='bbox 1708 2694 1922 2732; x_wconf 86' lang='lat' dir='ltr'>opportuna,</span> <span class='ocrx_word' id='word_1_410' title='bbox 1942 2686 2074 2729; x_wconf 81' lang='lat' dir='ltr'>illaque</span> 
     </span>
     <span class='ocr_line' id='line_1_35' title="bbox 207 2751 2073 2800; baseline 0.001 -18"><span class='ocrx_word' id='word_1_411' title='bbox 207 2751 454 2785; x_wconf 87' lang='lat' dir='ltr'>favorabiliter</span> <span class='ocrx_word' id='word_1_412' title='bbox 470 2754 712 2787; x_wconf 89' lang='lat' dir='ltr'>concedamus</span> <span class='ocrx_word' id='word_1_413' title='bbox 734 2767 804 2799; x_wconf 86' lang='lat' dir='ltr'>quc</span> <span class='ocrx_word' id='word_1_414' title='bbox 825 2762 1057 2800; x_wconf 75' lang='lat' dir='ltr'>augmentum</span> <span class='ocrx_word' id='word_1_415' title='bbox 1082 2755 1232 2787; x_wconf 90' lang='lat' dir='ltr'>honoris</span> <span class='ocrx_word' id='word_1_416' title='bbox 1255 2754 1418 2798; x_wconf 81' lang='lat' dir='ltr'>ejusdem</span> <span class='ocrx_word' id='word_1_417' title='bbox 1442 2753 1595 2785; x_wconf 76' lang='lat' dir='ltr'>ecclesie</span> <span class='ocrx_word' id='word_1_418' title='bbox 1619 2754 1800 2798; x_wconf 77' lang='lat' dir='ltr'>respicere</span> <span class='ocrx_word' id='word_1_419' title='bbox 1823 2753 2073 2785; x_wconf 79' lang='lat' dir='ltr'>dinoscuntur.</span> 
     </span>
     <span class='ocr_line' id='line_1_36' title="bbox 209 2818 2075 2866; baseline 0 -17"><span class='ocrx_word' id='word_1_420' title='bbox 209 2818 298 2850; x_wconf 89' lang='lat' dir='ltr'>Cum</span> <span class='ocrx_word' id='word_1_421' title='bbox 322 2818 457 2863; x_wconf 87' lang='lat' dir='ltr'>itaque,</span> <span class='ocrx_word' id='word_1_422' title='bbox 479 2820 573 2853; x_wconf 89' lang='lat' dir='ltr'>sicut</span> <span class='ocrx_word' id='word_1_423' title='bbox 593 2821 812 2866; x_wconf 87' lang='lat' dir='ltr'>accepimus,</span> <span class='ocrx_word' id='word_1_424' title='bbox 836 2822 931 2854; x_wconf 90' lang='lat' dir='ltr'>inter</span> <span class='ocrx_word' id='word_1_425' title='bbox 952 2822 1106 2854; x_wconf 82' lang='lat' dir='ltr'>dilectos</span> <span class='ocrx_word' id='word_1_426' title='bbox 1133 2821 1228 2853; x_wconf 86' lang='lat' dir='ltr'>filios</span> <span class='ocrx_word' id='word_1_427' title='bbox 1253 2819 1424 2853; x_wconf 78' lang='lat' dir='ltr'>Jacobum</span> <span class='ocrx_word' id='word_1_428' title='bbox 1448 2820 1621 2851; x_wconf 78' lang='lat' dir='ltr'>decanum</span> <span class='ocrx_word' id='word_1_429' title='bbox 1645 2826 1680 2852; x_wconf 90' lang='lat' dir='ltr'>et</span> <span class='ocrx_word' id='word_1_430' title='bbox 1700 2820 1891 2864; x_wconf 83' lang='lat' dir='ltr'>capitulum</span> <span class='ocrx_word' id='word_1_431' title='bbox 1917 2818 2075 2863; x_wconf 64' lang='lat' dir='ltr'>predicte</span> 
     </span>
    </p>
   </div>
   <div class='ocr_carea' id='block_1_10' title="bbox 206 2884 2074 2933">
    <p class='ocr_par' dir='ltr' id='par_1_11' title="bbox 206 2884 2074 2933">
     <span class='ocr_line' id='line_1_37' title="bbox 206 2884 2074 2933; baseline 0 -18"><span class='ocrx_word' id='word_1_432' title='bbox 206 2884 364 2917; x_wconf 85' lang='lat' dir='ltr'>ecclesie</span> <span class='ocrx_word' id='word_1_433' title='bbox 387 2898 429 2918; x_wconf 88' lang='lat' dir='ltr'>ex</span> <span class='ocrx_word' id='word_1_434' title='bbox 449 2899 516 2919; x_wconf 92' lang='lat' dir='ltr'>una</span> <span class='ocrx_word' id='word_1_435' title='bbox 539 2894 651 2931; x_wconf 80' lang='lat' dir='ltr'>parte,</span> <span class='ocrx_word' id='word_1_436' title='bbox 670 2900 708 2920; x_wconf 90' lang='lat' dir='ltr'>ac</span> <span class='ocrx_word' id='word_1_437' title='bbox 731 2888 905 2920; x_wconf 89' lang='lat' dir='ltr'>decanum</span> <span class='ocrx_word' id='word_1_438' title='bbox 924 2895 957 2921; x_wconf 82' lang='lat' dir='ltr'>et</span> <span class='ocrx_word' id='word_1_439' title='bbox 979 2888 1172 2933; x_wconf 79' lang='lat' dir='ltr'>collegium</span> <span class='ocrx_word' id='word_1_440' title='bbox 1192 2887 1370 2919; x_wconf 81' lang='lat' dir='ltr'>facultatis</span> <span class='ocrx_word' id='word_1_441' title='bbox 1388 2886 1616 2918; x_wconf 87' lang='lat' dir='ltr'>decretorum</span> <span class='ocrx_word' id='word_1_442' title='bbox 1640 2886 1750 2918; x_wconf 86' lang='lat' dir='ltr'>studii</span> <span class='ocrx_word' id='word_1_443' title='bbox 1772 2884 2074 2918; x_wconf 66' lang='lat' dir='ltr'>l&#39;arisicnsis.....¹</span> 
     </span>
    </p>
   </div>
   <div class='ocr_carea' id='block_1_11' title="bbox 333 2943 1953 2968">
    <p class='ocr_par' dir='ltr' id='par_1_12' title="bbox 333 2943 1953 2968">
     <span class='ocr_line' id='line_1_38' title="bbox 333 2943 1953 2968; baseline -0.002 -1"><span class='ocrx_word' id='word_1_444' title='bbox 333 2946 381 2962; x_wconf 46' lang='lat' dir='ltr'>*t*</span> <span class='ocrx_word' id='word_1_445' title='bbox 400 2945 491 2967; x_wconf 74' lang='lat' dir='ltr'>Chare.</span> <span class='ocrx_word' id='word_1_446' title='bbox 517 2945 593 2968; x_wconf 80' lang='lat' dir='ltr'>Uniu.</span> <span class='ocrx_word' id='word_1_447' title='bbox 613 2945 706 2968; x_wconf 76' lang='lat' dir='ltr'>Paris.</span> <span class='ocrx_word' id='word_1_448' title='bbox 726 2946 771 2968; x_wconf 84' lang='grc' dir='ltr'>ΠΙ.</span> <span class='ocrx_word' id='word_1_449' title='bbox 1910 2943 1953 2964; x_wconf 59' lang='grc' dir='ltr'>Γ42</span> 
     </span>
    </p>
   </div>
  </div>
 </body>
</html>
