2488 3386
484 322 547 355 602
1060 330 1376 353 CHARTULAIUUM
1409 328 1600 351 UNivssns.
1638 328 1766 350 PARIS.
1930 344 1934 348 .
2056 317 2058 319 '
2244 315 2343 352 [1393

485 412 519 438 et
540 405 842 450 quamplurimum
863 405 1073 450 insignitur,
1098 405 1201 437 decet
1228 411 1262 436 et
1290 402 1435 448 expedit
1459 413 1524 447 per
1552 401 1676 435 sedem
1698 401 1932 447 apostolicam
1964 402 2001 434 in
2028 413 2153 434 eorum
2176 402 2288 447 justis
2309 409 2345 435 et

485 471 647 504 honestis
668 472 762 504 votis
788 472 915 504 merito
941 471 1126 504 confoveri
1152 477 1187 503 et
1210 469 1395 503 favoribus
1420 468 1594 514 prosequi
1616 469 1818 513 oportunis.
1841 469 1931 502 Cum
1957 468 2091 513 itaque,
2114 468 2208 501 sicut
2228 480 2344 514 nuper

484 538 526 570 ad
545 544 707 570 nostrum
725 538 889 582 pervenit
908 538 1082 578 auditum,
1100 538 1136 569 in
1156 536 1318 582 partibus
1335 535 1610 568 ultramontanis
1631 535 1704 568 sint
1723 534 1889 568 nonnulli
1906 534 2067 568 scolares
2083 546 2122 567 ac
2138 535 2342 576 studentes,

485 604 545 648 qui
572 604 728 637 libenter
748 604 791 637 ad
819 604 1023 637 Parisiense
1045 604 1203 636 studium
1226 614 1264 635 se
1286 602 1507 642 conferrent,
1529 601 1600 634 nisi
1627 602 1797 635 timerent
1823 613 1862 634 se
1883 601 2013 634 exinde
2040 613 2152 647 penas
2173 608 2233 634 aut
2259 613 2343 635 sen-

484 670 613 703 tentias
639 671 852 704 incursuros
879 682 885 703 ε
916 682 983 703 nos
1013 670 1241 703 attendentes
1274 668 1372 713 quod
1402 668 1438 700 in
1467 668 1631 713 predicto
1663 668 1784 701 studio
1813 680 1876 713 pre
1898 668 2029 701 ceteris
2055 668 2181 701 mundi
2211 668 2342 701 studiis

483 737 587 769 etiam
618 737 660 770 ab
690 737 847 782 antiquis
878 736 1102 782 temporibus
1132 737 1213 768 fons
1243 735 1395 768 scientie
1426 734 1589 767 noscitur
1618 735 1782 780 viguisse
1813 741 1847 768 et
1876 735 1920 767 ad
1952 746 2106 780 presens
2133 735 2271 780 vigere,
2302 747 2341 768 ac

482 803 646 837 volentes
667 804 826 837 scolares
848 810 883 836 et
902 804 1091 837 studentes
1112 802 1322 847 hujusmodi
1348 802 1384 834 in
1406 813 1530 834 eorum
1557 801 1730 834 laudabili
1760 802 1948 847 proposito
1969 802 2178 841 confovere,
2200 813 2341 835 exnunc

482 870 651 903 omnibus
677 877 712 903 et
736 870 892 916 singulis
913 869 1115 903 scolaribus
1138 875 1172 901 et
1193 868 1438 910 studentibus,
1462 868 1523 913 qui
1543 879 1649 901 causa
1669 868 1841 901 studendi
1862 868 1899 901 in
1919 868 2038 914 aliqua
2057 868 2154 901 licita
2174 868 2340 902 facultate

481 937 524 969 ad
546 937 744 982 predictum
768 936 925 970 studium
949 936 1153 969 parisiense
1177 935 1229 968 ire
1251 941 1285 968 et
1311 934 1446 967 ibidem
1467 934 1615 968 studere
1635 934 1830 976 voluerint,
1854 941 1893 968 ut
1916 935 1960 968 ad
1987 934 2078 968 illud
2104 934 2219 968 libere
2239 947 2341 968 acce-

482 1003 567 1036 dere
589 1010 623 1036 et
643 1003 776 1036 ibidem
798 1003 834 1035 in
855 1014 1080 1047 quacumque
1101 1002 1197 1035 licita
1213 1001 1381 1034 facultate
1402 1001 1540 1047 legere,
1557 1001 1683 1034 audire
1699 1013 1738 1034 ac
1760 1001 1908 1034 studere
1925 1008 1958 1035 et
1979 1000 2070 1034 inibi
2089 1001 2225 1047 gradus
2241 1001 2339 1044 illos,

481 1070 542 1114 qui
559 1070 638 1114 pel-¹
658 1069 844 1102 facultates
861 1069 1023 1113 ejusdem
1046 1068 1157 1101 studii
1178 1075 1238 1101 aut
1257 1079 1322 1113 per
1343 1068 1488 1101 easdem
1510 1067 1698 1101 facultates
1715 1079 1780 1113 pro
1798 1074 1960 1113 tempore
1980 1068 2185 1113 deputatos,
2202 1067 2340 1114 absque

479 1135 692 1168 cancellario
715 1135 943 1176 Parisiensi²,
966 1135 1101 1168 ibidem
1130 1135 1207 1168 dari
1237 1141 1519 1176 consueverunt,
1544 1135 1706 1180 recipere
1734 1134 1849 1167 libere
1876 1141 1910 1167 et
1934 1134 2032 1167 licite
2060 1134 2214 1179 possint,
2237 1134 2340 1168 dum-

480 1202 586 1234 modo
617 1201 703 1234 alias
733 1202 769 1234 in
799 1202 949 1234 crimine
980 1201 1162 1235 scismatis
1194 1213 1273 1234 cum
1305 1201 1497 1246 quibusvis
1528 1201 1745 1234 scismaticis
1777 1213 1850 1233 non
1879 1201 2160 1242 communicent,
2189 1200 2340 1246 quibus-

477 1280 629 1313 cumque
651 1268 860 1313 apostolicis
881 1268 937 1301 vel
958 1268 1038 1301 aliis
1060 1267 1297 1314 processibus
1318 1274 1378 1301 aut
1398 1268 1591 1301 sententiis
1613 1280 1686 1301 non
1707 1267 1950 1309 obstantibus,
1973 1267 2220 1313 indulgemus.
2241 1267 2339 1301 Nulli

478 1347 578 1380 ergo,
601 1341 668 1367 etc.
692 1336 785 1376 Dat.,
808 1341 875 1368 etc.

568 1433 644 1456 Arch.
661 1433 686 1456 S.
703 1432 772 1455 Petri
788 1433 819 1455 de
835 1432 914 1462 Urbe,
934 1432 963 1456 C.
980 1433 1033 1462 116,
1055 1432 1100 1456 tol.
1117 1433 1170 1455 173.
1185 1432 1213 1455 ln
1233 1432 1353 1464 margine
1372 1432 1480 1456 rubrica
1495 1440 1501 1456 t
1516 1442 1529 1454 κ
1550 1432 1721 1464 Privilegium
1735 1441 1784 1464 pro
1802 1433 1969 1456 studentibus
1987 1433 2113 1461 Parisius,
2134 1433 2203 1464 quod
2223 1433 2339 1456 volentes

475 1477 578 1508 possint
592 1477 629 1499 ibi
645 1477 749 1500 studere
764 1485 815 1500 non
830 1477 950 1500 obstante
966 1476 1087 1500 scismate
1100 1485 1121 1500 ι).
1137 1476 1264 1508 Epistola,
1281 1476 1337 1500 sine
1352 1477 1478 1508 temporis
1490 1480 1559 1506 nota,
1574 1477 1648 1501 deest
1659 1477 1685 1500 in
1701 1477 1809 1501 Collect.
1823 1477 1904 1501 Vatic.
1919 1481 1944 1501 et
1958 1477 2078 1501 Lateran.
2095 1478 2122 1500 In
2137 1477 2214 1501 ΑΜΒ.
2230 1477 2256 1501 S.
2269 1477 2339 1501 Petri

477 1525 621 1552 sequuntur
635 1529 696 1552 epp.
713 1530 755 1545 an.
772 1521 812 1546 5⁶.
825 1521 1008 1544 verisimiliter
1020 1524 1107 1544 tamen
1122 1521 1236 1552 pertinet
1251 1521 1283 1544 ad
1299 1521 1367 1545 idem
1381 1525 1495 1553 tempus,
1512 1530 1563 1553 quo
1578 1522 1657 1545 etiam
1670 1522 1822 1545 Bonifacius
1837 1522 1953 1545 Parisios
1967 1530 2028 1545 suos
2042 1522 2147 1545 nuntios
2164 1521 2245 1545 misit.

569 1606 591 1628 1.
610 1606 729 1629 Refertur
749 1605 827 1628 etiam
849 1606 881 1628 ad
898 1614 909 1628 «
926 1606 1064 1636 deputatos
1086 1614 1106 1628 ».
1128 1619 1157 1623 —
1173 1606 1194 1628 2.
1213 1606 1316 1638 Absque
1334 1607 1490 1630 cancellario
1510 1607 1605 1636 Paris„
1626 1607 1688 1639 quia
1707 1615 1722 1630 a
1746 1615 1816 1638 papa
1833 1607 2007 1631 Avenionensi
2027 1607 2155 1636 instituto,
2177 1607 2340 1639 proindeque

476 1650 630 1673 auctoritate
650 1658 734 1681 papae
750 1650 910 1673 schismatici
923 1650 1054 1673 licentiam
1070 1651 1157 1674 dante.
1173 1650 1231 1674 Vid.
1250 1659 1332 1683 supra
1347 1656 1376 1674 n⁰
1391 1652 1461 1675 1641.

481 1857 620 1894 1673.
645 1875 660 1891 ‹
679 1867 780 1892 Petras
803 1867 838 1892 de
861 1868 940 1892 Luna
963 1868 991 1893 in
1014 1868 1164 1903 presencia
1188 1868 1264 1902 regis
1288 1871 1315 1893 et
1342 1868 1540 1894 Universitatis
1564 1872 1664 1904 sponte
1687 1871 1715 1894 et
1736 1867 1826 1894 libere
1845 1868 1963 1903 juravit,
1991 1867 2030 1893 ad
2054 1870 2157 1893 sancta
2177 1867 2230 1893 Dei
2257 1875 2341 1892 evan-

563 1915 649 1949 gelia,
668 1919 754 1951 atque
771 1917 827 1941 Deo
843 1919 870 1941 et
889 1916 1018 1941 omnihus
1036 1917 1111 1951 vovit,
1131 1916 1207 1952 quod
1222 1917 1284 1952 ipse
1303 1925 1415 1952 semper
1431 1925 1485 1953 pro
1507 1917 1610 1943 unione
1627 1918 1656 1943 in
1676 1916 1799 1943 ecclesia
1818 1917 1872 1943 Dei
1892 1916 2047 1950 laboraret,
2070 1919 2098 1942 et
2115 1915 2192 1952 quod
2214 1915 2340 1942 Clemens

562 1964 687 2000 papatui
702 1964 801 1990 cedere
820 1964 944 1991 deberet.
962 1966 1062 1991 Eciam
1079 1966 1147 1991 vovit
1162 1969 1190 1991 et
1198 1966 1309 2001 juravit
1325 1965 1410 2001 qaod,
1427 1966 1454 1991 si
1469 1967 1644 2000 contingeret
1659 1975 1721 1992 eum
1738 1966 1766 1992 in
1779 1975 1887 2002 papam
1906 1965 1983 2000 eligi,
1999 1965 2075 2001 qaod
2095 1965 2156 2001 ipse
2168 1973 2221 2001 pro
2237 1964 2340 1991 unione
2358 1996 2362 2000 β

564 2013 703 2047 facienda
719 2013 831 2039 cederet
842 2014 976 2050 papatui,
996 2014 1022 2040 si
1038 2018 1064 2040 et
1080 2014 1108 2040 in
1128 2019 1266 2050 quantum
1282 2014 1331 2040 ille
1346 2015 1491 2041 Romanas
1507 2015 1607 2041 cedere
1622 2014 1711 2050 vellet,
1726 2024 1828 2051 ymmo,
1847 2014 1962 2051 quando
1975 2023 2029 2051 per
2046 2023 2138 2049 regem
2154 2018 2182 2040 et
2201 2013 2340 2040 Universa*-

565 2066 652 2088 tatem
666 2066 740 2088 esset
755 2062 920 2098 requisitas,
940 2063 981 2089 vel
999 2064 1025 2088 si
1036 2072 1090 2099 per
1105 2063 1226 2099 aliquod
1238 2063 1374 2098 generale
1392 2063 1547 2090 Concilium
1564 2064 1604 2089 ad
1619 2063 1670 2090 hoc
1688 2067 1763 2090 esset
1778 2064 1942 2100 requisitas,
1961 2064 2052 2090 eciam
2067 2062 2186 2089 cederet.
2202 2063 2240 2088 Et
2253 2070 2340 2099 super

565 2111 615 2136 lzoc
630 2114 688 2136 lam
705 2111 765 2147 ipse
779 2120 863 2147 quam
877 2111 985 2138 domini
999 2112 1034 2138 de
1055 2113 1242 2138 Universitate
1259 2113 1422 2139 Parisiensi
1435 2113 1580 2149 petierunt
1595 2113 1637 2139 eis
1655 2113 1721 2148 fieri
1733 2113 1852 2149 publica
1869 2113 2072 2147 instrumenta;
2088 2111 2222 2138 similiter
2237 2115 2264 2138 et
2276 2111 2338 2147 ipse

564 2168 615 2185 rex
626 2160 712 2195 petiit
726 2160 783 2186 sibi
799 2161 865 2194 fieri
880 2161 1078 2195 instrumenta,
1097 2170 1150 2197 que
1165 2162 1261 2187 omnia
1277 2163 1408 2196 confecta
1422 2163 1548 2196 fuerunt,
1567 2165 1594 2188 et
1613 2161 1716 2197 aliqua
1735 2161 1832 2196 sigillo
1853 2162 1945 2198 ipsius
1961 2161 2069 2187 domini
2083 2159 2244 2186 cardinalis
2258 2158 2340 2194 sigil-

564 2208 626 2234 lata
642 2219 651 2243 ;
667 2208 716 2234 hec
730 2213 812 2235 erant
824 2210 952 2246 reposita
968 2210 997 2235 in
1011 2210 1116 2236 scrinio
1137 2211 1345 2237 Universitatis.
1364 2219 1379 2236 »

1701 2255 1742 2282 An.
1766 2256 1847 2282 1393-
1851 2256 1927 2286 7394.
1941 2255 2055 2282 Pari-sila.

570 2341 674 2372 Dynter‚
692 2342 793 2366 Chron.
809 2343 872 2366 duc.
889 2343 1052 2374 Lotharmy.
1069 2348 1094 2367 et
1106 2344 1256 2371 Brabanc„
1272 2344 1313 2367 ed.
1327 2344 1358 2367 de
1374 2344 1447 2374 Ram,
1461 2344 1507 2374 111,
1522 2344 1575 2367 103.
1590 2357 1619 2361 —
1630 2344 1683 2367 Hoc
1698 2343 1785 2375 potius
1799 2352 1842 2367 an.
1858 2344 1917 2366 1393
1931 2342 2024 2366 evenit.
2042 2341 2194 2366 Cardinales
2208 2340 2339 2364 ambazia-

476 2388 545 2408 torcs
562 2385 708 2408 Sabaudiae
729 2387 845 2409 referunt
859 2390 949 2409 contra
967 2387 1136 2410 Benedictum
1155 2388 1213 2411 xlll
1227 2397 1233 2412 ι
1250 2398 1262 2409 «
1281 2388 1313 2411 ad
1326 2388 1493 2419 probandum
1512 2388 1581 2420 quod
1597 2388 1718 2411 dominus
1737 2391 1825 2411 noster
1839 2396 1910 2419 papa
1925 2387 1987 2410 dum
2002 2390 2071 2410 esset
2087 2386 2205 2410 parisius
2222 2389 2340 2416 tempore

476 2429 669 2459 predecessoris
690 2430 729 2452 sui
752 2430 867 2453 instabat
885 2439 933 2462 pro
954 2431 996 2454 via
1017 2432 1151 2460 cessionis,
1173 2435 1231 2461 etc.,
1253 2432 1379 2455 inducunt
1396 2432 1575 2456 testimonium
1598 2432 1696 2455 domini
1718 2432 1792 2455 ducis
1816 2431 1969 2463 Burgundie
1990 2434 2015 2454 et
2037 2430 2195 2454 locutionem
2215 2437 2340 2461 magnam

478 2473 594 2495 habitam
610 2473 635 2496 in
656 2477 753 2497 secreto
769 2474 835 2497 inter
855 2475 924 2498 dom.
945 2479 1062 2498 nostrum
1077 2485 1174 2507 papam
1189 2476 1217 2508 [i.
1233 2485 1255 2500 e.
1274 2478 1379 2500 Petrum
1394 2477 1425 2500 de
1440 2477 1522 2505 Luna,
1539 2480 1599 2500 tunc
1615 2476 1742 2508 legatum]
1759 2480 1784 2499 et
1801 2476 1899 2499 dictum
1917 2475 2051 2498 dominum
2071 2475 2173 2504 ducem,
2193 2474 2219 2498 in
2239 2482 2291 2506 qua
2310 2477 2338 2497 ut

478 2520 599 2540 asserunt
613 2518 690 2540 ambo
706 2518 843 2541 firmarunt
858 2519 924 2542 inter
939 2528 966 2542 se
982 2520 1051 2542 viam
1070 2521 1205 2544 cessionis.
1222 2522 1254 2544 Et
1273 2522 1341 2552 quod
1358 2522 1406 2544 hoc
1421 2521 1454 2544 sit
1474 2530 1574 2549 verum,
1595 2524 1668 2552 patet
1684 2529 1713 2544 eo
1736 2521 1798 2552 quia
1820 2520 1941 2543 dominus
1961 2520 2080 2543 Clemens
2100 2527 2235 2551 nunquam
2253 2518 2340 2550 potuit

478 2562 545 2585 scire
560 2562 592 2584 ab
604 2562 694 2585 eodem
709 2562 813 2585 domino
828 2567 916 2586 nostro
930 2572 999 2595 papa
1014 2565 1112 2588 dictum
1131 2569 1259 2588 secretum
1274 2575 1286 2587 ι)
1302 2566 1388 2595 (Arch.
1404 2566 1472 2596 Vnt„
1487 2574 1554 2589 arm.
1569 2567 1608 2594 54,
1624 2570 1653 2588 11⁰
1668 2566 1706 2594 27,
1725 2566 1770 2588 sol.
1789 2565 1852 2595 180).
1869 2565 1897 2588 In
1915 2564 2122 2589 Advisamemv‘s
2137 2572 2179 2587 an.
2196 2564 2257 2587 1398
2275 2562 2338 2593 (vid.

478 2606 582 2630 Archiv
598 2608 618 2636 f.
632 2607 800 2630 Litteratur—
816 2614 844 2630 u.
863 2608 1086 2639 Kirchenyesch„
1099 2610 1140 2639 vl,
1158 2611 1202 2633 258
1218 2612 1267 2641 sq.)
1284 2619 1334 2633 non
1351 2611 1436 2633 solum
1451 2610 1503 2633 dux
1519 2610 1698 2642 Burgundiae,
1710 2610 1756 2633 sed
1771 2609 1850 2633 etiam
1863 2609 1915 2632 dux
1926 2608 2095 2632 Lancastriae
2110 2608 2227 2636 affertur,
2240 2615 2253 2631 e
2267 2607 2338 2631 rela-

478 2650 546 2673 tione
561 2650 678 2681 plurium
693 2651 724 2673 de
740 2651 914 2674 universitate
930 2653 1012 2676 Paris.
1025 2654 1162 2677 Praeterea
1173 2654 1312 2678 Benedicto
1328 2655 1507 2686 imponebant,
1521 2663 1531 2678 ⁴5
1549 2655 1617 2686 quod
1631 2654 1687 2685 ipse
1702 2653 1912 2685 prosequebatur
1926 2653 1996 2676 viam
2014 2653 2140 2676 cessionis
2153 2660 2212 2676 cum
2225 2651 2338 2675 dominis

479 2694 510 2717 de
526 2694 635 2717 Francia
660 2698 685 2717 et
707 2703 765 2717 cum
787 2695 962 2719 Universitatc
977 2706 989 2717 ⁷>
1006 2697 1091 2727 (Arcb.
1108 2699 1175 2724 Vat..
1196 2699 1215 2722 l.
1237 2707 1269 2726 c.‚
1286 2704 1315 2721 n⁰
1332 2700 1370 2729 25,
1387 2699 1432 2723 fol.
1452 2699 1512 2729 20¹²).
1528 2699 1588 2722 Jam
1603 2702 1679 2722 antea
1703 2698 1730 2721 in
1753 2698 1851 2729 scripto
1866 2698 1972 2722 Mott'va
1988 2704 2041 2728 pro
2055 2697 2100 2721 via
2119 2696 2250 2722 cessionis
2269 2695 2338 2719 idem

479 2738 614 2768 asseritur,
631 2749 643 2760 «ι
658 2739 683 2761 in
702 2739 788 2770 seipso
809 2739 881 2762 illam
905 2740 993 2771 (viam)
1015 2742 1132 2772 recipiat,
1149 2751 1227 2773 quam
1243 2743 1269 2765 in
1292 2752 1339 2766 suo
1360 2744 1544 2775 predecessore
1560 2742 1650 2766 utilem
1665 2746 1690 2766 et
1705 2742 1880 2765 necessariam
1897 2742 2033 2773 judicavit,
2055 2741 2122 2764 alias
2145 2744 2236 2764 contra
2250 2740 2338 2772 ipsum

479 2783 548 2805 mala
572 2782 669 2806 orietur
690 2783 854 2814 presumptio
873 2784 904 2806 de
922 2784 1063 2808 ambitione
1083 2789 1108 2808 ct
1131 2786 1254 2810 simulata
1277 2787 1380 2810 fictione
1396 2797 1408 2809 »
1424 2787 1508 2818 (ihid.‚
1524 2791 1553 2810 n⁰
1572 2787 1610 2814 21,
1627 2787 1672 2810 fol.
1692 2787 1739 2818 43).
1760 2786 1862 2809 Similia
1884 2787 2000 2809 referunt
2023 2785 2112 2809 Simon
2132 2785 2164 2808 de
2180 2783 2338 2813 Crnmaudo‚

480 2827 575 2858 aliique
592 2826 654 2855 (vid.
670 2827 688 2850 l.
704 2835 737 2855 c.‚
755 2828 799 2850 sol.
815 2828 871 2855 188;
886 2832 914 2850 n0
931 2829 969 2859 23,
988 2830 1003 2851 Ι“.
1020 2829 1081 2858 69¹³).
1102 2830 1140 2853 Cf.
1157 2831 1236 2853 etiam
1250 2831 1393 2862 Bourgeois
1412 2832 1447 2855 du
1463 2832 1613 2860 Chastenet,
1627 2831 1718 2855 Nouo.
1732 2830 1795 2855 hist.
1806 2831 1846 2855 du
1863 2830 1976 2855 Concile
1987 2831 2020 2854 de
2034 2829 2195 2858 Constance,
2213 2829 2338 2856 Preuves,

478 2879 505 2901 p,
522 2871 575 2899 107,
591 2874 616 2894 et
628 2871 697 2894 infra
712 2876 740 2893 n⁰
756 2872 823 2899 1690,
839 2875 891 2896 not.
908 2874 930 2895 5.

604 2916 640 2939 76.
