2488 3386
211 339 306 376 1384]
625 351 671 373 AB
705 351 810 372 ANNo
845 350 976 372 MceeL
1005 350 1137 378 USQUE
1173 351 1220 372 AD
1256 351 1522 372 BENEDICTUM
1558 352 1649 373 Χιιι.
2006 342 2077 375 333.

213 467 353 505 1493.
379 476 503 502 Clemens
524 477 576 502 VII
587 475 723 510 (Iohanni
736 475 906 508 Blanclzart)
923 474 1096 500 cancellario
1113 475 1218 509 Paris„
1240 479 1269 500 ut
1285 476 1429 509 Ilugonem
1447 477 1575 510 Sloquer,
1594 475 1658 501 ord.
1677 476 1853 506 PraedicrzL,
1871 476 1919 510 qai
1935 477 1963 501 in
1979 476 2070 511 philo-

296 526 417 561 sophiae
432 529 459 551 et
474 524 634 559 theologiae
652 523 844 558 facultatibus
865 524 893 549 in
913 523 1032 549 diversis
1047 523 1153 548 studiis
1172 523 1264 559 ipsius
1284 523 1348 549 Ord.
1368 523 1455 549 lector·
1470 525 1526 557 full
1546 524 1726 559 principalis,
1746 524 1785 549 ad
1801 524 1949 558 legendnm
1971 524 2071 550 librum

298 575 509 600 Sententiarum
530 574 559 599 in
577 573 673 599 studio
689 573 851 598 Parisiensi
874 573 901 597 in
921 572 1016 597 altera
1035 572 1197 597 scholarum
1213 574 1337 606 fratrum
1357 572 1423 598 ord.
1442 576 1566 607 tempore
1582 573 1700 598 hiemali
1721 582 1795 598 anno
1816 573 1929 598 Domini
1944 574 2013 600 1385
2030 573 2071 599 vel

297 625 375 656 1386,
394 622 435 648 vel
447 626 550 658 postea
566 622 712 647 admittat.
726 622 789 648 Dat.
808 622 887 655 apud
902 623 1038 647 Castrum
1054 629 1165 646 novum
1182 622 1316 647 Avinion.
1334 622 1407 647 dioc.
1426 622 1472 654 viij
1494 622 1532 646 id.
1550 622 1726 651 Novembris,
1743 630 1820 647 anuo
1836 622 1968 654 septimo.
1988 633 2001 647 (1
2013 622 2071 648 Viri

296 680 372 699 sacre
386 683 410 697 >›.
1189 705 1262 735 1384,
1279 705 1423 731 Novembris
1436 707 1458 735 6,
1476 707 1544 738 apud
1559 706 1676 731 Castrum
1692 706 1788 732 Morum.

301 793 363 823 Reg.
387 791 443 814 Vnt.
467 790 607 814 Clementis
627 790 681 818 VII,
699 794 728 812 n⁰
744 791 796 817 300,
815 790 860 812 sol.
882 790 936 812 305.
953 802 983 806 -—
1005 789 1076 812 Licet
1100 789 1175 819 Ilugo
1194 789 1307 820 Stoquer
1329 789 1476 812 Scntcntias
1494 789 1611 819 legisset,
1629 797 1679 811 non
1700 793 1795 816 tamen,
1815 797 1895 811 causa
1916 789 2073 812 exclusionis

207 836 352 860 Praedicat.
367 836 400 859 ab
417 835 594 859 universitate
609 834 704 867 Paris„
718 834 851 857 licentium
866 834 892 856 in
909 834 1041 865 theologia
1057 833 1171 856 obtinuit
1186 833 1237 856 nisi
1255 842 1296 856 an.
1315 834 1375 856 1403
1395 834 1417 864 (e
1432 834 1518 858 Catal.
1538 833 1651 864 licent.),
1669 833 1688 857 i.
1703 842 1725 857 e.
1744 834 1834 856 statim
1855 837 1916 864 post
1933 833 2074 856 admissio-

207 889 265 904 nem
283 881 396 904 fratrum
411 880 443 902 nd
458 879 664 903 universitatem
680 879 759 910 (quod
775 887 816 901 an.
834 879 903 907 1403,
921 879 985 909 Aug.
1004 878 1042 906 21,
1057 878 1161 907 evenit),
1178 886 1236 900 cum
1250 878 1304 909 jam
1320 881 1389 900 essct
1404 878 1501 900 electus
1515 878 1596 908 episr.
1613 878 1780 900 Trecorensis
1796 879 1865 908 (pest
1883 877 1980 900 obitum
1996 885 2073 908 prae-

207 925 353 948 decessoris
369 925 452 952 Petri;
471 933 481 947 «
497 923 594 947 Yvonis
608 932 619 946 »
636 923 661 946 in
680 924 752 947 Gall.
769 923 876 953 christ„
894 923 958 952 XIV,
973 923 1053 951 1128),
1069 922 1102 945 ab
1120 931 1162 946 an.
1180 923 1248 950 1403,
1263 924 1330 953 Aug.
1348 923 1376 945 20
1399 923 1471 953 (Reg.
1487 923 1566 945 Aven.
1587 922 1683 945 Bened.
1702 923 1770 949 XIII,
1789 922 1839 945 vol.
1857 922 1930 950 XXX,
1948 922 1992 945 fol.
2007 922 2073 950 821³).

207 970 235 993 In
250 969 363 1000 epistola
378 969 549 992 haccalareus
573 969 700 991 formatus
717 968 743 990 in
759 968 838 990 theol.
857 967 1016 990 nominatur.
1036 969 1101 998 Aug.
1118 968 1148 990 30
1163 967 1246 998 ejusd.
1263 967 1324 989 anni
1341 967 1362 989 ei
1381 967 1534 997 indulgetur
1549 967 1710 990 consecratio
1729 967 1800 997 (Reg.
1820 967 1876 990 vat.
1895 967 1990 990 Bened.
2007 966 2074 995 XIII,

207 1018 236 1037 n0
250 1015 304 1042 323,
322 1015 339 1037 f.
353 1013 434 1043 254b),
453 1021 494 1036 an.
509 1013 579 1042 1404,
593 1014 660 1043 Aug.
677 1014 715 1041 25,
731 1013 876 1035 translatus
891 1015 931 1035 est
948 1012 981 1034 ad
1000 1012 1135 1036 Venetens.
1153 1013 1225 1042 (Reg.
1239 1013 1318 1034 Aven.
1336 1012 1397 1034 Ben.
1416 1012 1483 1037 XIII.
1500 1011 1552 1034 vol.
1570 1012 1655 1039 XXXI,
1674 1012 1717 1034 sol.
1735 1013 1799 1040 50⁴³).

213 1198 354 1234 1494.
377 1216 392 1232 α
406 1208 625 1232 lustramentum
642 1206 788 1231 continens
809 1206 920 1231 modum
937 1205 1062 1240 eligendi
1080 1215 1133 1241 per
1151 1205 1323 1239 facultatem
1344 1205 1485 1239 theologie
1500 1204 1626 1240 aliquem
1643 1205 1777 1230 vicarium
1793 1214 1842 1230 seu
1860 1205 2073 1239 vicesgerentem

296 1255 400 1281 decani
415 1255 541 1290 ejusdem
556 1254 720 1289 facultatis,
739 1255 788 1290 qui
803 1254 910 1280 habeat
928 1258 1046 1290 portare
1062 1263 1149 1280 onera
1165 1254 1249 1288 officii
1262 1254 1374 1280 decani.
1389 1263 1404 1279 x·

1386 1340 1462 1368 7384.
1479 1339 1623 1365 Novembris
1641 1340 1661 1368 7,
1678 1339 1790 1364 Parisiis.

296 1425 337 1456 In
357 1423 504 1456 nomine
526 1423 684 1464 Domini,
702 1435 819 1455 amen.
838 1424 906 1455 Per
926 1422 994 1455 hoc
1016 1434 1169 1468 presens
1192 1422 1376 1468 publicum
1398 1423 1681 1455 instrumentum
1703 1423 1843 1455 cunctis
1866 1428 1982 1466 pateat
2002 1422 2076 1455 evi-

208 1491 337 1523 denter
357 1490 454 1535 quod
476 1502 569 1522 anno
592 1489 756 1534 ejusdem
779 1490 923 1522 Domini
945 1489 1140 1522 millesimo
1170 1489 1426 1522 trecentesimo
1453 1489 1679 1534 octogesimo
1708 1495 1848 1533 quarto,
1877 1489 2075 1521 indictione

208 1558 363 1598 octava¹,
382 1557 519 1589 mensis
536 1555 753 1589 Novembris
771 1556 829 1589 dic
841 1557 851 1572 ²
868 1556 1034 1601 septima,
1052 1556 1283 1601 pontificatus
1301 1556 1522 1589 sanctissimi
1543 1556 1579 1588 in
1597 1555 1742 1589 Christo
1760 1555 1870 1601 patris
1887 1562 1921 1588 et
1938 1555 2074 1587 domini

208 1624 324 1657 nostri
352 1624 488 1656 domini
517 1623 717 1656 Clementis
746 1623 867 1656 divina
897 1623 1125 1668 providentia
1158 1635 1247 1668 pape
1283 1623 1427 1668 septimi
1458 1635 1552 1655 anno
1580 1623 1749 1667 septimo,
1781 1622 1817 1654 in
1847 1622 1917 1654 mei
1946 1622 2075 1654 notarii

208 1690 345 1736 publici
373 1690 594 1735 testiumque
624 1690 939 1734 insrascriptorum
968 1690 1011 1722 ad
1041 1689 1107 1722 hec
1128 1697 1337 1723 vocatorum
1360 1689 1567 1734 specialiter
1588 1696 1623 1722 et
1653 1696 1857 1734 rogatorum
1888 1689 2076 1733 presencia

208 1764 357 1803 propter
373 1757 440 1790 hoc
462 1757 705 1802 personaliter
721 1757 910 1789 constituti
926 1756 1158 1789 venerabiles
1180 1763 1215 1789 et
1235 1757 1490 1801 circumspecti
1507 1756 1574 1789 viri
1596 1756 1760 1800 magistri
1782 1755 1959 1788 facultatis
1980 1755 2077 1788 theo—

207 1824 306 1869 logie
336 1823 545 1857 notabiliter
571 1824 688 1857 vocati
719 1830 753 1856 et
784 1823 987 1856 solenniter
1019 1824 1232 1868 congregati
1268 1836 1332 1868 per
1363 1824 1574 1868 magistrum
1611 1823 1838 1867 Radulphum
1869 1822 2075 1864 Glaehardi,

209 1891 384 1923 decanum
413 1890 592 1923 facultatis
620 1890 795 1935 predicte,
825 1890 868 1922 ad
898 1890 1161 1935 providendum
1191 1890 1407 1934 quibusdam
1437 1890 1640 1922 defectibus
1671 1896 1706 1922 et
1734 1889 2077 1922 inconvenientibus

209 1964 311 1990 antea
331 1957 368 1989 in
389 1957 540 2001 quadam
562 1957 848 2002 congregatione
869 1957 1032 2001 generali
1061 1969 1125 2002 per
1146 1957 1331 1989 dominum
1366 1964 1542 1989 rectorem
1570 1956 1824 1990 Universitatis
1846 1956 2076 1997 Parisiensis,

210 2031 248 2056 ut
269 2023 450 2064 dicebant,
473 2023 685 2068 propositis,
706 2024 750 2056 de
772 2035 955 2056 consensu
977 2024 1063 2056 dicti
1085 2024 1211 2056 decani
1234 2023 1450 2056 deliberavit
1471 2036 1510 2056 ea
1532 2035 1601 2068 que
1623 2030 1801 2067 sequntur
1824 2034 1830 2054 ε

299 2091 418 2123 Ρῐ·11110
441 2090 537 2123 dicto
560 2090 696 2122 decano
718 2090 895 2122 instanter
917 2090 1144 2134 supplicante
1162 2097 1196 2122 et
1218 2090 1438 2134 requirente,
1458 2090 1674 2122 deliberavit
1695 2090 1787 2122 dicta
1807 2089 1957 2122 facultas
1979 2089 2077 2134 quod

212 2164 393 2191 remaneat
413 2157 558 2202 antiqua
579 2157 807 2190 consuetudo
830 2157 873 2189 de
895 2157 1044 2197 decano,
1076 2157 1214 2189 scilicet
1243 2157 1340 2201 quod
1368 2157 1412 2189 ad
1438 2156 1723 2201 supportandum
1747 2168 1856 2189 onera
1878 2163 1913 2188 et
1932 2156 2076 2188 labores

209 2225 326 2269 ipsius
343 2230 469 2269 quater
485 2224 522 2256 in
543 2223 611 2256 hoc
628 2236 721 2256 anno
739 2223 894 2268 eligatur
912 2235 1005 2255 unus
1022 2223 1178 2256 vicarius
1200 2235 1264 2256 scu
1281 2224 1516 2268 vicesgerens
1538 2223 1655 2268 ipsius
1676 2223 1816 2264 decani,
1834 2223 2077 2255 nominandus

210 2302 275 2336 per
295 2297 449 2335 quatuor
470 2290 679 2335 magistros,
703 2290 795 2322 duos
824 2289 1020 2334 religiosos
1052 2296 1087 2322 et
1116 2290 1208 2322 duos
1239 2289 1423 2322 seculares
1454 2290 1646 2334 eligendos
1677 2301 1741 2334 per
1768 2289 1984 2322 facultatem.
2007 2289 2077 2332 Qui

210 2364 363 2402 quatuor
379 2356 555 2402 jurabunt
575 2356 712 2401 eligere
734 2356 868 2388 bonum
892 2363 926 2389 et
954 2356 1078 2388 utilem
1104 2357 1205 2400 juxta
1235 2368 1356 2401 posse.
1390 2358 1432 2388 Et
1463 2357 1493 2388 si
1521 2368 1613 2401 opus
1639 2363 1695 2388 est
1722 2362 1756 2388 et
1787 2356 1830 2388 de
1860 2356 1928 2389 1100
1957 2356 2077 2400 requi—

210 2430 346 2465 rantur,
373 2424 521 2456 audiant
550 2435 661 2468 super
690 2423 758 2455 hoc
779 2429 860 2455 vota
891 2422 1120 2467 singulorum
1150 2423 1420 2467 magistrorum.
1454 2424 1497 2455 Et
1529 2423 1573 2455 de
1605 2423 1766 2467 predicta
1796 2429 1964 2467 requesta
1992 2423 2077 2455 dicti

211 2490 338 2523 decani
359 2491 438 2535 ipse
459 2497 494 2523 et
516 2497 587 2523 tota
607 2490 758 2522 facultas
780 2490 963 2534 petierunt
986 2489 1171 2534 publicum
1193 2489 1487 2521 instrmnentum.

300 2558 388 2589 Item
410 2556 625 2589 deliberavit
644 2557 741 2601 quod
764 2556 821 2588 die
837 2556 935 2600 jovis
959 2563 1041 2588 tunc
1064 2556 1224 2600 proxima
1245 2555 1348 2588 fieret
1368 2556 1604 2601 congregatio
1625 2556 1669 2588 ad
1689 2556 1899 2600 eligendum
1921 2556 2076 2600 aliquem

211 2623 319 2655 modo
341 2623 517 2668 predicto,
541 2624 602 2667 qui
624 2623 763 2655 electus
786 2629 990 2655 remaneret
1018 2635 1133 2667 usque
1164 2622 1207 2654 ad
1229 2622 1389 2667 vigiliam
1418 2622 1685 2655 Purificationis
1714 2622 1929 2663 inclus[iv]e,
1956 2629 1989 2654 et
2017 2622 2076 2654 alii

211 2697 480 2734 consequenter
496 2690 657 2735 eligendi
675 2696 905 2722 remanerent
922 2701 985 2734 per
1003 2696 1076 2721 tres
1094 2701 1238 2721 menses
1256 2701 1372 2733 usquc
1390 2689 1433 2721 ad
1449 2702 1581 2722 annum
1599 2690 1794 2733 integrum,
1810 2696 1843 2721 et
1859 2689 1952 2721 cirea
1970 2688 2074 2720 tinem

210 2756 294 2788 anni
316 2756 580 2789 deliberaretur
601 2763 719 2789 utrum
742 2756 823 2788 talis
845 2756 1032 2788 ordinacio
1053 2755 1110 2788 vel
1133 2755 1362 2788 observantia
1384 2756 1430 2788 sit
1451 2756 1648 2800 expediens
1670 2756 1713 2788 ad
1735 2755 1977 2787 statuendum.

297 2822 462 2855 Predicta
482 2835 568 2856 vero
590 2823 647 2856 die
664 2823 762 2867 jovis
784 2823 820 2854 in
842 2823 1133 2867 congregacione
1155 2822 1250 2854 dicte
1271 2822 1451 2855 facultatis
1473 2822 1515 2854 ad
1538 2822 1604 2854 hoc
1627 2829 1751 2855 vocate
1776 2828 1810 2853 ct
1831 2822 1866 2853 in
1889 2821 2076 2865 presencia

212 2890 373 2934 magistri
394 2890 547 2923 (jerardi
569 2890 612 2922 de
628 2890 802 2930 Vervino,
823 2889 1067 2934 penitentiarii
1085 2888 1240 2921 ecclesie
1262 2889 1492 2929 Parisiensis,
1512 2895 1595 2921 tunc
1618 2888 1735 2920 locum
1759 2887 1883 2919 decani
1907 2887 2074 2927 tenentis,
