2488 3386
456 365 520 398 686
1033 375 1354 397 CHARTULARIUM
1389 375 1581 396 UNIVERS.
1619 374 1748 396 PARIS.

458 445 2322 457 ——————

456 495 515 517 1550
590 493 656 518 1389
782 493 843 517 Maii
859 494 887 517 17
969 494 1080 517 Litterae
1098 494 1166 517 Petri
1181 493 1334 522 cardinalis,
1349 493 1444 524 quibus
1463 501 1529 516 nova
1544 493 1674 524 quaedam
1689 493 1823 524 componit
1837 492 1949 515 dissidia
1963 491 2150 515 cancellarium
2165 490 2233 514 inter

999 542 1024 561 et
1037 538 1242 562 Universitatcm
1255 537 1433 561 parisiensem
1447 541 1503 560 orta
1507 554 1717 561 .........
1731 553 1734 555 -
1736 552 2231 561 ....................
2276 535 2323 558 480

455 596 512 619 1551
610 609 639 612 -
739 595 901 627 Septembris
917 597 931 619 4
969 596 1087 619 Clemens
1104 596 1149 618 VII
1171 595 1312 618 committit
1335 595 1460 626 episcopo
1475 595 1631 623 Vivariunsi,
1648 598 1676 618 ut
1699 595 1816 626 inquirat
1837 595 1868 618 de
1884 593 2026 617 virtutibus
2050 596 2075 616 et
2098 592 2233 616 miraculis

999 641 1068 664 Petri
1079 640 1110 663 de
1126 640 1310 671 Luxembourg
1318 640 1389 663 card.
1400 640 1432 663 ad
1444 640 1598 663 instantiam
1614 640 1736 664 Univers.
1744 639 1873 669 Paris.‚in
1882 647 1933 670 qua
1944 639 2036 662 Petrus
2047 638 2110 661 olim
2122 637 2232 661 studuit.
2277 637 2322 660 481

455 698 514 721 1552
609 710 639 714 -
759 698 880 722 Octobris
897 699 909 721 7
969 699 1088 722 Clemens
1105 698 1149 721 VII
1164 697 1295 729 permittit
1313 697 1427 720 Johanni
1452 697 1483 721 de
1507 697 1688 729 Guignicurte,
1704 697 1861 720 cancellario
1885 696 1980 724 Paris.y
2000 699 2028 719 ut
2049 695 2234 719 cancellariam

1000 742 1083 766 Puris.
1098 751 1157 765 curn
1172 742 1275 765 duobus
1292 742 1491 765 canonicatibus
1509 746 1534 765 et
1548 742 1707 773 praebendis
1723 742 1793 765 Petri
1808 741 1839 765 de
1854 741 1963 765 Ailliaco
1979 743 2120 764 commutet
2124 757 2232 763 .....
2277 739 2324 762 482

455 800 515 823 1553
609 812 640 816 —
806 814 837 818 —-
896 801 909 823 7
970 801 1087 824 Clemens
1104 801 1149 823 VII
1165 800 1197 823 nd
1213 800 1319 823 Petrum
1335 800 1366 823 de
1379 799 1497 827 AiHiaco,
1514 808 1583 822 nunc
1598 800 1785 823 cancellarium
1800 799 1895 828 Paris„
1912 799 1942 822 de
1961 799 2052 822 eodem
2067 801 2232 829 argumento.
2278 798 2324 821 483

455 860 515 882 1554
610 870 640 874 —-
806 872 836 876 -—
895 859 910 880 9
970 859 1079 882 Botulus
1103 858 1236 881 facultatis
1258 857 1406 889 theologiae
1422 858 1496 881 Paris
1501 872 2234 882 .............................
2278 856 2324 879 483

459 918 515 941 1555
610 928 640 932 —
743 916 897 939 Novembris
913 916 927 938 9
970 917 1088 940 Clemens
1102 916 1147 939 Vll
1162 916 1287 947 prohihet
1300 924 1330 939 ne
1346 915 1442 947 aliquis
1458 915 1628 939 baccalareus
1644 915 1739 944 Paris„
1751 915 1855 946 quando
1870 914 1964 946 recipit
1978 914 2119 946 signetum,
2133 913 2234 946 aliquid

1000 961 1138 992 promittat
1152 960 1310 984 cancellario
1325 960 1400 983 Paris
1404 975 2233 985 .................................
2278 959 2325 982 484

456 1020 516 1043 1556
609 1031 639 1035 -
806 1031 837 1035 -
911 1019 925 1040 9
970 1019 1088 1042 Clemens
1103 1019 1149 1041 V11
1163 1018 1278 1049 adauget
1292 1021 1436 1049 proventus
1452 1017 1625 1041 cancellariae
1641 1017 1734 1046 Paris.‚
1752 1017 1828 1040 Petro
1843 1017 1875 1040 de
1887 1017 1996 1040 Ailliaeo
2009 1016 2052 1039 vix
2067 1016 2093 1039 in
2109 1016 2236 1039 cancella-

1000 1063 1067 1086 rium
1084 1066 1188 1094 recepto
1192 1077 2235 1087 .........................................
2279 1062 2326 1085 485

1214 1152 1293 1176 Actio
1319 1151 1512 1176 Universitatis
1536 1151 1632 1176 Paris.
1658 1155 1759 1175 contra
1784 1151 1995 1175 Praedicatores

1264 1200 1383 1227 propter
1395 1197 1553 1220 doctrinam
1566 1195 1706 1220 Joharmis
1718 1196 1751 1219 de
1764 1195 1936 1219 Montesono.

1452 1246 1565 1269 (Continet
1577 1248 1611 1264 u⁰¹
1623 1246 1756 1269 1557-1583.)

456 1318 514 1341 1557
590 1315 656 1341 1387
756 1315 917 1339 Maio-sunio
969 1317 1090 1340 Narratio
1106 1317 1138 1340 de
1150 1317 1270 1340 Johanne
1284 1316 1316 1339 de
1329 1317 1495 1344 Montesono;
1513 1316 1604 1340 Oratio
1618 1315 1751 1347 Rudolphi
1766 1315 1917 1344 Glaehardi,
1931 1315 2023 1338 decani
2040 1316 2088 1338 fac.
2104 1314 2194 1343 theol„
2211 1314 2236 1338 in

1000 1361 1205 1393 congregatione
1221 1363 1271 1385 fac.
1285 1361 1381 1390 theol.;
1398 1361 1574 1385 Praeambula
1589 1360 1823 1384 condemnationis.
1844 1377 1850 1384 .
1871 1378 1877 1384 .
1896 1377 1903 1383 .
1923 1381 1928 1386 ,
1947 1375 2237 1384 ............
2280 1361 2326 1384 487

455 1421 514 1444 1558
610 1432 640 1436 ·-
775 1418 847 1441 Junii
867 1418 893 1441 13
970 1420 1175 1443 instrumentum
1198 1427 1288 1443 eorum
1310 1427 1376 1450 quae
1397 1419 1423 1442 in
1439 1419 1542 1450 capella
1558 1419 1693 1442 Sorbonue
1708 1418 1753 1442 lite
1768 1418 1908 1441 inchoante
1922 1421 1981 1441 ncta
1996 1421 2057 1441 sunt
2071 1418 2103 1440 de
2118 1416 2238 1441 doctrina

999 1464 1127 1487 Johannis
1143 1464 1174 1487 de
1193 1464 1346 1487 Montesono
1349 1479 2237 1488 ...................................
2281 1463 2328 1487 489

456 1523 515 1546 1559
610 1534 639 1538 -
782 1520 845 1543 Julii
861 1522 888 1556 f}-
971 1522 1101 1545 Schedula
1118 1521 1250 1545 facultatis
1266 1522 1383 1552 theolog.
1396 1521 1490 1549 Paris.¹
1511 1521 1647 1544 continens
1664 1522 1693 1544 14
1717 1520 1912 1552 propositiones
1928 1528 1943 1544 a
1957 1520 2076 1543 Johanne
2091 1521 2122 1543 de
2137 1520 2237 1543 Monte-

756 1553 867 1583 Augusu
883 1552 911 1574 23
1002 1575 1066 1589 sono
1088 1566 1207 1597 prolatas
1230 1570 1255 1589 et
1277 1566 1310 1589 ab
1335 1566 1395 1598 ipso
1418 1566 1588 1594 revocandas⁷
1613 1565 1729 1589 exhibita
1751 1565 1833 1597 episc.
1858 1565 1951 1594 Paris„
1974 1565 2020 1596 qui
2042 1565 2068 1588 in
2092 1567 2238 1588 assertores

1001 1611 1152 1634 earumdem
1166 1611 1323 1634 sententiam
1338 1610 1616 1634 excommunicationis
1631 1610 1814 1642 promulgavit
1818 1625 2237 1635 .................
2281 1610 2326 1634 491

455 1670 515 1693 1560
589 1666 655 1692 1388
746 1667 880 1691 Februarii
898 1668 925 1690 14
971 1670 1084 1693 Litterae
1098 1669 1206 1692 rectoris
1223 1673 1248 1692 et
1267 1669 1455 1692 Universitatis
1471 1669 1556 1692 Paris.
1574 1669 1606 1691 ad
1622 1677 1712 1692 omnes
1728 1668 1827 1691 Christi
1848 1668 1938 1691 fideles
1955 1668 2082 1691 adversus
2097 1675 2199 1691 errores
2214 1670 2240 1691 et

999 1708 1108 1737 vmodum
1123 1714 1218 1745 agendi
1231 1714 1360 1737 Johannis
1377 1714 1408 1737 de
1424 1714 1588 1737 Montesono.
1609 1731 1615 1736 .
1635 1734 1640 1739 ,
1661 1729 2236 1738 .......................
2282 1713 2328 1737 497

455 1771 513 1795 1561
612 1784 638 1787 -
796 1770 880 1801 Aprili
971 1772 1136 1796 Universitns
1152 1772 1237 1795 Paris.
1254 1780 1315 1795 suos
1338 1771 1444 1794 nuntios
1467 1771 1548 1794 mittit
1571 1771 1603 1794 ad
1628 1771 1735 1794 Curiam
1750 1770 1924 1794 Avenionens.
1941 1773 2032 1793 contra
2046 1769 2193 1793 Johannem
2207 1770 2239 1794 de

1002 1817 1153 1840 Montes-ono
1168 1831 2238 1841 ..........................................
2283 1817 2329 1840 500

457 1874 515 1897 1562
610 1885 640 1889 -
785 1872 845 1895 Maii
862 1873 889 1895 17
972 1874 1130 1898 Deliberalio
1146 1874 1262 1905 Capituli
1278 1874 1409 1902 generalis
1431 1874 1495 1897 Ord.
1515 1874 1608 1897 Praed.
1630 1874 1655 1896 in
1679 1875 1796 1896 favorem
1817 1873 1945 1896 Johannis
1965 1873 1997 1896 de
2020 1873 2172 1896 Montesono
2193 1871 2239 1896 lite

1002 1919 1131 1950 pendente
1150 1919 1218 1942 inter
1233 1919 1322 1950 ipsum
1342 1922 1368 1942 et
1382 1918 1589 1942 Universitatem
1609 1918 1683 1941 Paris
1689 1933 2238 1942 ......................
2283 1919 2329 1942 500

456 1976 516 1999 1563
611 1987 641 1991 -
784 1974 848 1997 -lulii
863 1975 889 1997 ’11
973 1977 1081 2000 Rotulus
1093 1980 1277 2008 praesentatus
1289 1985 1336 2007 per
1347 1977 1452 2000 nuntios
1467 1976 1653 2000 Universitatis
1669 1976 1764 2005 Paris„
1776 1979 1866 1999 contra
1880 1975 2027 1998 Johannem
2042 1975 2073 1998 de
2089 1975 2239 1998 Montesono

1003 2022 1036 2044 ad
1051 2022 1152 2044 curiam
1168 2021 1313 2044 destinatos
1327 2036 2238 2045 ....................................
2284 2020 2328 2045 501

456 2078 514 2101 1564
611 2089 641 2092 -
763 2077 915 2100 Maio-Julio
972 2080 1063 2103 Petrus
1080 2079 1111 2102 de
1124 2079 1234 2102 Ailliaco
1250 2079 1276 2102 in
1292 2079 1365 2102 curia
1379 2080 1452 2103 Rom.
1465 2082 1579 2108 enarrat,
1591 2087 1643 2110 qua
1656 2087 1686 2102 ex
1701 2087 1781 2102 causa
1791 2081 1817 2102 et
1830 2078 1961 2110 quomodo
1974 2077 2141 2101 Universitas
2155 2076 2238 2101 Paris.

1003 2127 1095 2147 contra
1107 2124 1255 2147 Johannem
1270 2124 1302 2147 de
1318 2124 1470 2147 Montesono
1486 2124 1655 2155 processerit,
1670 2126 1695 2147 et
1710 2123 1773 2155 quid
1788 2123 1874 2146 dictus
1892 2124 1973 2146 frater
1987 2122 2071 2152 egerit
2079 2138 2238 2146 .......
2285 2123 2330 2147 502

457 2180 517 2203 1565
613 2190 640 2195 -
734 2197 739 2202 .
757 2198 762 2202 .
784 2198 788 2202 .
808 2197 814 2203 .
835 2197 840 2202 -
861 2198 866 2202 .
887 2197 891 2203 ι
913 2197 918 2202 -
936 2197 941 2202 -
973 2182 1111 2205 Tractatus
1128 2190 1158 2204 ex
1172 2185 1247 2213 parte
1262 2181 1450 2205 Universitatis
1466 2181 1547 2205 studii
1562 2181 1645 2205 Paris.
1662 2189 1710 2212 pro
1726 2189 1807 2204 causa
1829 2180 1889 2203 fidei
1911 2183 2002 2203 contra
2023 2179 2163 2211 quemdam
2186 2180 2240 2203 fra-

1003 2229 1070 2249 trem
1086 2226 1149 2250 Ord.
1166 2227 1260 2250 Praed.
1276 2226 1361 2249 editus
1376 2240 2240 2251 ..................................
2285 2226 2330 2250 505

458 2282 518 2305 1566
613 2292 639 2296 -
748 2281 898 2304 Decembris
915 2283 927 2305 7
974 2284 1138 2307 Universitas
1153 2284 1238 2307 Paris.
1254 2292 1362 2307 causam
1376 2287 1467 2307 contra
1483 2284 1680 2307 praedicatores
1697 2283 1723 2307 in
1741 2283 1907 2307 Parlamento
1922 2284 2075 2314 praesentat
2077 2298 2239 2304 .......
2285 2284 2331 2307 506

459 2340 517 2362 1567
595 2336 659 2361 1389
756 2339 875 2362 Januarii
891 2341 919 2363 27
974 2342 1106 2364 Sententia
1121 2342 1398 2365 excommunicationis
1414 2343 1468 2365 lata
1483 2345 1574 2365 contra
1587 2342 1734 2365 ,Iohannem
1750 2341 1781 2364 de
1802 2341 1953 2364 Montesono
1975 2348 1990 2363 a
2011 2339 2097 2362 tribus
2117 2338 2240 2362 cardina-

1003 2386 1082 2414 libus,
1097 2386 1193 2417 quibus
1209 2387 1357 2410 doctrinam
1372 2387 1428 2418 ejus
1444 2386 1607 2418 dijudicandi
1623 2394 1686 2409 cura
1702 2386 1843 2409 commissa
1860 2385 1909 2408 suit
1923 2393 1939 2408 a
1954 2385 2086 2408 Clemente
2097 2383 2143 2406 Vll
2155 2399 2162 2406 .
2181 2401 2186 2406 .
2207 2399 2213 2406 .
2233 2401 2238 2406 .
2285 2386 2331 2409 506

460 2442 519 2464 1568
613 2451 643 2454 -
746 2441 867 2479 Ἴ«Ιιιηιιιιι-ῑί
885 2442 928 2464 20-
974 2444 1085 2467 Litterae
1100 2444 1287 2467 Universitatis
1302 2445 1396 2472 Paris.‚
1418 2445 1514 2476 quihus
1536 2443 1766 2467 Praedicatoribus
1783 2443 1809 2466 in
1825 2442 1927 2466 actibus
1944 2440 2119 2470 scholasticis,
2135 2440 2240 2472 suppli-

735 2472 941 2501 l'ebruar'w‘m
1003 2488 1160 2516 cationibus,
1186 2489 1352 2512 sermonibus
1376 2492 1437 2520 post
1462 2489 1643 2518 omnesjalios
1669 2488 1821 2519 magistros,
1844 2489 2036 2518 praesentatos,
2061 2485 2239 2513 haccalareos,

1004 2533 1152 2556 saeculares
1168 2537 1193 2556 et
1208 2534 1353 2564 regulares,
1370 2534 1443 2557 locus
1465 2534 1628 2564 assignatur,
1644 2533 1665 2556 si
1682 2533 1818 2563 contingat
1832 2540 1876 2554 cos
1893 2531 1995 2554 admitti
2000 2546 2239 2554 ..........
2284 2531 2330 2555 512

460 2588 520 2610 1569
615 2597 644 2600 -
750 2587 885 2610 Februarii
901 2589 928 2611 17
974 2590 1091 2621 Epistola
1105 2591 1211 2622 Georgii
1227 2592 1258 2614 de
1273 2591 1347 2619 Rain,
1362 2600 1432 2623 mag.
1447 2592 1544 2614 artium
1559 2591 1653 2620 Paris,
1665 2590 1699 2614 ad
1714 2590 1854 2622 quemdum
1866 2589 1893 2612 in
1904 2588 2082 2613 Universitate
2095 2586 2239 2612 Vindobon.

1005 2635 1035 2657 de
1050 2635 1095 2658 lite
1107 2635 1294 2659 Univcrsitatis
1310 2636 1394 2659 Puris.
1407 2640 1498 2659 contra
1513 2636 1710 2659 Praedicatores
1715 2648 2239 2659 .....................
2284 2633 2330 2656 513

460 2690 520 2712 1570
617 2699 644 2703 -
773 2689 859 2712 Martii
877 2691 906 2712 25
974 2693 1060 2715 Altera
1073 2693 1186 2724 epistola
1202 2694 1308 2725 Georgii
1323 2695 1354 2717 de
1371 2695 1435 2718 Rain
1451 2695 1484 2717 ad
1499 2694 1619 2717 eumdem
1635 2693 1666 2716 de
1683 2693 1773 2716 eodem
1789 2695 1945 2723 argumento
1949 2705 2240 2715 ............
2283 2690 2330 2714 514

974 2750 1170 2776 Reme-aciones
1185 2756 1221 2780 (xi
1234 2758 1359 2781 1571-1579)
1373 2763 1378 2777 2

464 2800 517 2823 1571
619 2815 641 2818 —
750 2804 886 2828 Februarii
902 2806 930 2829 17
975 2808 1112 2831 Revocntio
1128 2808 1262 2832 Guillelmi
1278 2809 1309 2832 de
1326 2810 1417 2838 volan,
1441 2808 1608 2832 Ebroicensis
1629 2808 1756 2839 episcopi,
1773 2806 1985 2838 confessorisque
2001 2806 2072 2837 regis
2094 2804 2183 2829 Caroli
2196 2805 2239 2833 VI,

1005 2860 1084 2883 super
1097 2853 1174 2876 certis
1190 2854 1417 2884 propositionibus
1433 2854 1499 2876 alias
1515 2861 1562 2884 per
1573 2861 1632 2876 eum
1647 2852 1759 2883 prolatis
1764 2866 2240 2876 ...................
2284 2849 2329 2873 515

460 2902 519 2924 1572
615 2916 645 2921 —·
748 2906 834 2929 Martii
850 2907 887 2929 21.
906 2909 934 2930 25
976 2909 1112 2933 Revocatio
1124 2911 1252 2934 Johannis
1266 2912 1391 2941 Thomae,
1405 2912 1467 2935 Ord.
1484 2911 1587 2939 Prued„
1601 2918 1672 2941 mag.
1688 2910 1714 2933 in
1735 2910 1803 2933 theol
1808 2923 2239 2933 ..................
2284 2907 2330 2930 517
