2488 3386
194 323 288 360 1357]
607 335 654 356 AB
688 335 794 356 ,111Νο
829 334 959 356 MCCCL
994 335 1124 362 USQUE
1159 335 1207 356 An
1244 335 1507 357 BENEDtCTUM
1541 337 1631 358 X111.
2011 330 2052 361 45

190 412 260 443 1360,
279 410 347 438 1361,
365 410 434 438 1362,
452 412 512 438 etc„
525 409 594 440 quod
608 408 717 432 Parisiis
735 408 837 432 noviter
850 408 998 431 licentiatus
1015 411 1039 431 et
1052 409 1179 440 magister
1191 409 1256 432 ibid.
1273 413 1426 440 permaneat
1440 410 1551 440 legendo
1569 413 1594 433 et
1607 411 1730 443 regendo,
1742 420 1877 442 quousque
1888 416 2052 443 praesentem

189 455 225 479 ibi
239 454 362 478 habuerit
378 461 565 477 successorem.
583 453 642 476 Vid.
662 453 800 482 Chartul.,
821 453 854 482 11,
872 457 901 475 n⁰
917 453 970 476 723.
989 453 1053 476 Item
1072 453 1152 476 ulium
1173 453 1365 476 ordinationem
1383 462 1424 476 an.
1443 454 1512 483 1353,
1530 462 1562 477 ne
1581 454 1713 485 magistri,
1731 455 1850 484 lectores,
1865 456 2010 479 bnecalarci
2027 457 2052 479 in

188 499 242 523 suis
259 498 399 530 principiis
415 497 556 529 pictantias
573 497 678 521 faciant.
694 497 834 526 etiamid„
847 498 878 526 11,
898 501 926 520 n⁰
943 497 1012 520 1071.

281 583 304 606 1.
322 583 369 606 Ms.
385 581 473 613 potius
487 589 493 605 :
511 591 524 603 α
539 581 678 605 Ochanicis
696 591 719 605 n.
733 595 760 599 —
780 582 801 604 2.
819 582 841 605 I.
856 589 877 605 e.
892 582 917 605 S.
933 581 1048 604 Tbomae
1064 582 1095 604 de
1110 581 1222 613 Aquino.
1239 581 1341 604 Similia
1354 581 1409 612 jam
1429 581 1456 604 in
1475 585 1538 605 tom.
1556 582 1579 605 II
1597 582 1734 610 Chartul.,
1751 587 1780 605 n⁰
1800 583 1868 612 1127,
1886 586 1910 606 et
1925 583 1950 605 in
1967 583 2051 614 Capit.

186 627 353 659 generalibus
365 635 407 651 an.
419 626 488 654 1352,
505 626 574 654 1353,
592 626 661 656 1354,
675 629 825 650 occurrunt.
837 640 868 643 —
880 627 903 649 3.
918 626 985 649 tinec
1001 626 1131 649 ordinatio
1146 626 1201 657 jam
1212 634 1254 649 an.
1269 626 1329 649 1355
1342 626 1438 649 et1356
1454 626 1480 649 in
1496 626 1624 657 Capitulis
1639 627 1806 657 generalibus
1822 627 2052 658 promulgabatur.

185 685 216 689 —
236 672 260 694 4.
274 672 322 694 An.
338 671 398 694 1:356
414 678 419 693 :
439 679 450 693 «
466 670 533 693 alter
554 678 616 694 vero
636 670 770 694 ordinarie
788 678 811 699 )),
825 671 893 702 quod
908 670 976 694 idem
990 674 1037 694 cst.
1054 684 1084 687 —
1100 673 1122 694 5.
1136 671 1183 695 An.
1201 671 1261 693 1356
1277 679 1281 693 ;
1303 680 1313 692 «
1328 670 1371 693 ille
1385 670 1429 701 qui
1445 670 1577 694 ordinarie
1594 671 1740 694 Sententias
1754 671 1848 702 legerit
1864 680 1884 694 ».
1901 685 1928 689 —-
1944 673 1967 694 G.
1985 672 2002 695 1.
2019 680 2052 699 0.,

185 715 337 747 provinciae
352 714 476 738 Franciae
481 732 487 738 .

190 851 330 888 1234.
354 860 416 885 Lite
431 859 551 885 suborta
569 859 643 885 inter
657 859 790 885 nationes
809 859 991 894 Gallicorum,
1009 859 1198 885 Picardorum
1219 863 1246 885 et
1266 860 1492 885 Nor-marmorum
1512 860 1540 885 in
1562 859 1704 893 facultate
1725 859 1884 886 medicinae
1907 861 1999 886 Paris.
2018 860 2055 885 de

274 909 410 935 electione
425 908 529 934 decani
544 911 572 934 et
585 908 824 943 examinatorum,
843 908 1074 944 compromissum
1091 908 1165 934 inter
1175 908 1276 933 ambas
1287 912 1388 944 partes
1403 910 1513 942 factum
1529 912 1580 934 est.

1377 994 1451 1023 7356,
1468 993 1587 1019 danuam*
1594 994 1639 1023 25,
1654 993 1767 1019 Parisiis.

274 1078 314 1110 In
335 1077 482 1110 nomine
503 1077 661 1118 Domini,
684 1088 800 1109 amen.
824 1077 967 1109 Dudum
989 1077 1083 1110 inter
1104 1076 1333 1109 venerabiles
1355 1083 1390 1109 et
1410 1077 1590 1109 discretos
1610 1077 1710 1110 viros
1731 1077 1925 1122 magistros
1942 1077 2054 1110 facul-

184 1143 267 1176 tatis
294 1143 473 1176 medicine
495 1144 539 1176 de
560 1144 706 1177 natione
728 1143 926 1183 Gallicana,
949 1155 992 1176 ex
1014 1155 1083 1176 una
1105 1150 1217 1188 parte,
1240 1155 1279 1176 ac
1300 1143 1529 1176 venerabiles
1555 1150 1590 1176 et
1611 1143 1790 1176 discretos
1815 1144 1914 1176 viros
1940 1144 2054 1189 magi-

184 1216 281 1243 stros
302 1210 466 1254 ejusdem
487 1210 666 1243 facultatis
687 1210 850 1242 Picardie
872 1216 907 1242 et
927 1210 1147 1242 Normannie
1169 1210 1354 1243 nationum
1377 1222 1419 1242 ex
1440 1209 1565 1251 altera,
1588 1222 1699 1255 super
1720 1210 1898 1243 electione
1924 1211 2051 1244 decani

184 1282 219 1308 et
247 1276 530 1309 examinatorum
559 1276 654 1309 dicte
680 1276 860 1309 facultatis
887 1276 1035 1309 suborta
1064 1276 1269 1321 questionis
1295 1277 1454 1317 materia,
1483 1277 1650 1321 factoque
1681 1276 1811 1309 exinde
1839 1277 1933 1309 inter
1954 1278 2052 1322 ipsas

183 1349 303 1387 partes
324 1354 435 1387 super
455 1342 523 1375 1100
544 1342 822 1387 compromisso,
846 1342 988 1375 tandem
1016 1343 1184 1375 noverint
1204 1343 1366 1375 universi
1388 1354 1541 1387 presens
1562 1342 1748 1387 publicum
1770 1343 2050 1376 instrumentum

182 1408 396 1454 inspecturi,
419 1409 517 1453 quod
537 1421 630 1441 anno
659 1421 677 1441 a
698 1409 887 1442 Nativitate
910 1409 1054 1441 Domini
1081 1409 1275 1442 millesimo
1302 1410 1550 1442 tricentesimo
1579 1410 1882 1454 quinquagesimo
1914 1412 2051 1450 sext0¹⁷

182 1475 381 1508 indictione
409 1487 516 1517 nona,
546 1476 682 1508 mensis
712 1476 872 1509 Januarii
903 1476 960 1508 die
988 1476 1164 1520 vigesima
1190 1476 1327 1520 quinta,
1350 1476 1580 1520 pontificatus
1603 1477 1823 1509 sanctissimi
1847 1477 1883 1509 111
1905 1477 2052 1510 Christo

182 1541 294 1586 patris
324 1553 363 1574 ac
393 1542 531 1574 domini
557 1542 672 1575 nostri
703 1542 842 1575 domini
870 1542 1074 1574 Innocentii
1105 1542 1225 1575 divina
1253 1543 1480 1587 providentia
1506 1555 1596 1587 pape
1624 1543 1715 1575 sexti
1737 1555 1831 1576 anno
1853 1550 1992 1588 quarto,
2014 1544 2050 1576 in

182 1608 252 1640 mei
282 1608 412 1641 notarii
439 1608 576 1653 publici
602 1615 637 1641 et
659 1608 804 1641 testium
834 1608 1147 1653 infrascriptorum
1169 1609 1212 1641 ad
1234 1608 1302 1641 1100
1324 1609 1530 1654 specialiter
1550 1616 1757 1642 vocatorum
1785 1616 1820 1642 et
1843 1617 2050 1654 rogatorum

182 1674 378 1719 presentia,
409 1675 650 1719 personaliter
678 1674 972 1719 comparentibus
1009 1675 1281 1708 venerabilibus
1311 1682 1346 1708 et
1373 1676 1541 1709 discretis
1573 1676 1661 1709 viris
1693 1676 1729 1708 in
1760 1676 1853 1709 dicta
1884 1677 2051 1709 facultate

182 1741 378 1785 magistris,
400 1741 571 1774 videlicet
589 1741 752 1774 Johanne
774 1741 818 1774 de
839 1742 1054 1781 CouciacO²,
1076 1741 1213 1774 Thoma
1233 1741 1267 1774 le
1288 1742 1511 1787 Ghisnoys³,
1532 1742 1695 1775 Johanne
1717 1743 1941 1784 Berthelelli,
1963 1743 2050 1777 alias

182 1806 226 1839 de
253 1807 522 1848 Autissiodoro,
545 1807 708 1840 Johanne
734 1808 778 1840 de
806 1808 965 1848 NVoist'ss
987 1808 1135 1841 Nicolao
1165 1808 1208 1840 (10
1231 1809 1453 1850 Savoneriis,
1480 1809 1656 1843 Gervasio
1688 1809 1919 1850 Christiani⁵,
1947 1810 2051 1843 Guil-

180 1872 289 1906 lelmo
311 1873 476 1914 Osbe1·i⁶,
506 1874 696 1906 Dominico
719 1874 762 1907 de
789 1874 967 1915 Clavasio,
991 1874 1157 1907 Gilberto
1188 1875 1231 1907 de
1254 1875 1435 1916 Celseto⁷,
1463 1875 1626 1908 Johanne
1648 1876 1864 1917 Laurentii⁸,
1886 1876 2050 1910 Arnoldo

182 1939 226 1972 de
251 1939 397 1984 Capella
423 1946 458 1972 et
483 1940 641 1973 Roberto
667 1941 849 1982 Bermain,
878 1941 914 1973 in
944 1941 1102 1986 capitulo
1129 1942 1248 1974 Sancti
1280 1941 1475 1974 Mathurini
1504 1942 1721 1975 Parisiensis
1751 1944 1982 1988 congregatis
2009 1955 2049 1976 ac

182 2005 286 2038 etiam
312 2006 531 2048 convocatis⁷
554 2013 593 2039 ut
612 2007 725 2040 moris
752 2014 818 2048 est,
841 2008 1238 2053 congregationemque
1264 2008 1358 2041 dicte
1381 2008 1560 2041 facultatis
1586 2021 1650 2042 sue
1676 2009 1892 2042 facientibus
1912 2009 2047 2042 ibidem

181 2078 217 2104 et
231 2072 345 2116 ipsam
362 2072 565 2105 facultatem
583 2074 934 2118 representantibus,
953 2074 1347 2119 considerantibusqne
1366 2075 1563 2120 diligenter
1580 2076 1691 2120 quod,
1708 2077 1790 2120 quia
1812 2088 1923 2120 super
1940 2077 2048 2109 modo

181 2138 342 2184 eligendi
379 2139 553 2172 decanum
592 2146 627 2172 et
662 2141 926 2173 examinatores
966 2141 1151 2185 predictos
1186 2153 1304 2174 coram
1343 2141 1489 2175 arbitris
1528 2149 1732 2175 verteretur
1773 2143 1919 2175 materia
1961 2155 2049 2187 que-

182 2205 325 2246 stionis,
348 2217 417 2250 que
439 2206 637 2239 electiones
655 2206 793 2240 diutius
815 2207 953 2239 differri
975 2208 1054 2240 sine
1076 2220 1206 2253 magno
1228 2208 1421 2253 dispendio
1444 2216 1478 2241 et
1502 2209 1664 2254 periculo
1689 2210 1851 2254 ejusdem
1871 2210 2049 2242 facultatis

181 2283 297 2316 usque
318 2272 361 2304 ad
382 2272 600 2305 arbitrorum
622 2273 845 2306 decisionem
874 2286 946 2306 non
969 2281 1124 2318 possunt
1147 2286 1153 2306 :
1177 2274 1259 2307 ideo
1281 2287 1361 2307 cum
1388 2275 1541 2320 predicti
1568 2276 1732 2320 magistri
1754 2276 1921 2308 dubitent
1942 2288 2046 2321 quem

182 2338 326 2370 modum
349 2338 385 2371 in
407 2339 513 2372 dictis
543 2339 785 2373 electionibus
807 2340 1036 2373 celebrandis
1065 2340 1221 2373 debeant
1248 2341 1456 2383 observare,
1483 2349 1630 2387 propter
1651 2354 1777 2375 causas
1803 2343 1984 2387 predictas
2004 2343 2047 2375 ad

179 2403 389 2448 hujusmodi
420 2405 546 2438 decani
577 2412 612 2438 et
641 2406 923 2439 examinatorum
955 2406 1145 2440 electionis
1178 2407 1323 2440 modum
1358 2420 1423 2452 per
1457 2415 1591 2441 sortem
1631 2409 1973 2441 condescenderunt
2011 2409 2046 2440 in

179 2470 328 2503 formam
355 2483 424 2516 que
453 2472 619 2516 sequitur
647 2472 800 2506 inferius
827 2479 1044 2515 annotatam,
1071 2474 1403 2518 protestacionibus
1432 2481 1548 2507 tamen
1576 2487 1594 2507 a
1620 2475 1726 2507 dictis
1757 2475 1920 2519 partibus
1945 2475 2047 2507 sactis

180 2537 347 2582 primitus
375 2544 410 2570 et
436 2538 606 2571 admissis
633 2539 840 2583 specialiter
870 2546 904 2572 et
931 2552 1119 2585 expresse,
1147 2541 1244 2585 quod
1271 2553 1335 2586 per
1356 2541 1570 2574 electionem
1601 2541 1810 2585 hujusmodi
1839 2548 2044 2586 presentem

180 2603 270 2635 nulli
291 2603 500 2648 hujusmodi
522 2605 675 2649 partium
704 2618 770 2638 nec
791 2606 866 2650 juri
893 2613 928 2639 ct
952 2607 1182 2651 possessioni
1205 2607 1363 2652 ipsarum
1386 2614 1419 2640 et
1440 2619 1561 2640 earum
1588 2608 1785 2652 cujuslibet
1806 2608 2043 2653 prejudicium

180 2681 246 2702 nec
266 2671 328 2712 jus
356 2671 492 2703 nemini
517 2672 646 2716 quovis
672 2672 779 2705 modo
806 2681 1003 2717 generetur
1027 2673 1064 2705 in
1094 2674 1335 2713 suturunLEt
1360 2674 1578 2706 renuntiavit
1605 2681 1754 2719 utraque
1782 2687 1863 2719 pars
1886 2674 2044 2718 predicta

180 2747 244 2780 per
270 2743 476 2780 presentem
503 2737 732 2780 electionem,
763 2751 802 2771 ac
830 2739 860 2771 si
890 2751 1043 2784 presens
1072 2740 1282 2784 hujusmodi
1313 2740 1441 2773 electio
1471 2741 1560 2772 facta
1588 2752 1661 2772 non
1687 2747 1796 2781 esset,
1824 2741 1859 2772 in
1885 2741 2041 2772 futurum

180 2802 308 2846 quovis
333 2803 440 2835 modo
466 2803 673 2837 nullatenus
695 2816 733 2837 se
750 2806 890 2849 juvare,
915 2806 1130 2850 promittens
1152 2806 1260 2838 michi
1286 2805 1432 2850 publico
1459 2807 1599 2839 notario
1626 2807 1855 2850 infrascripto
1882 2806 2042 2850 legitime

181 2868 366 2913 stipulanti
392 2876 427 2902 et
451 2870 640 2915 recipienti
665 2871 756 2912 vice,
785 2872 931 2904 nomine
962 2879 995 2904 et
1026 2872 1069 2904 ad
1098 2884 1189 2917 opus
1216 2872 1374 2904 omnium
1403 2879 1437 2904 et
1462 2872 1688 2917 singulorum
1717 2884 1868 2916 quorum
1892 2872 2041 2903 interest
