2508 3372
181 656 270 687 Opinio
283 657 403 681 aliorum.

206 1435 356 1460 Auctoritas

182 1470 373 1496 Universitatis.

479 359 542 380 vm
1255 354 1548 377 lN'rnoDUC'rlo.

478 433 550 468 siae
573 432 731 481 judicare
757 430 1028 479 gubernamine¹
1052 446 1087 472 »,
1110 430 1366 477 magistrosque
1397 428 1619 476 coadjutores
1651 438 1763 474 papae
1789 426 2003 473 nuncupat2.
2037 425 2215 460 Adventus
2238 422 2335 460 anti&-

478 504 600 540 christi
623 503 841 550 propinquus
866 502 942 546 erit,
962 514 1041 537 cum
1065 492 1214 537 Romani
1239 499 1378 547 imperii
1401 499 1594 542 destitutio,
1615 497 1823 534 Schismatis
1843 496 2076 532 ecclesiastici
2095 491 2281 540 desolatio,
2300 499 2335 532 et

477 575 680 611 Parisiensis
695 573 799 609 studii
816 573 1007 609 destructio
1022 572 1314 620 praecesserinffi.

574 647 673 681 Certe
691 648 831 680 exterae
853 645 959 679 etiam
982 643 1230 679 Universitates
1253 643 1483 678 Parisiensem
1510 640 1732 688 superiorem
1754 642 1986 687 agnoverunt.
2005 640 2082 675 Hoc
2100 638 2225 686 liquet,
2243 638 2336 675 inter

476 716 556 760 alia,
584 728 625 751 ex
650 715 807 763 epistolis
834 715 876 750 ab
905 714 1194 750 Universitatibus
1223 713 1439 757 Coloniensi,
1468 710 1753 755 Vindobonensi,
1780 709 1996 746 Bononiensi
2025 710 2069 746 ad
2098 711 2331 747 Parisiensem

475 787 624 834 scriptis.
650 786 740 829 Quid
768 786 921 821 mirum?
947 797 1027 821 cum
1053 785 1274 821 Coloniensis
1300 788 1334 820 et
1359 782 1666 830 Heidelbergensis
1692 793 1820 829 magna
1839 793 1882 817 ex
1903 785 2003 829 parte
2027 793 2047 817 a
2071 781 2332 818 Parisiensibus

472 858 644 906 magistris
666 858 726 893 illo
745 861 905 904 tempore
928 856 1107 899 fundatae,
1126 855 1412 892 vindobonensis
1435 866 1517 890 vero
1541 854 1778 901 redintegrata
1803 853 1858 889 sit.
1887 853 2093 889 parisiensis
2116 853 2332 890 Universitas

472 941 614 976 semper
637 928 863 975 reputabatur
890 939 1055 975 magnum
1082 926 1316 975 gymnasium,
1342 926 1376 961 in
1403 937 1473 973 quo
1498 925 1637 972 ingenia
1662 924 1821 960 omnium
1851 924 2035 960 nationum
2061 919 2328 961 exercebantur.

471 1000 541 1047 Ipsi
557 1011 682 1047 papae,
701 1000 822 1047 utJ'am
838 998 1079 1046 superioribus
1096 997 1326 1045 temporibus,
1345 1009 1417 1032 non
1434 1008 1476 1032 eo
1494 996 1600 1031 invidi
1618 996 1714 1043 quod
1729 995 1940 1031 Parisiensis
1955 996 2088 1040 civitas,
2106 996 2203 1032 haud
2218 997 2333 1032 Roma

468 1071 522 1106 vel
538 1070 683 1114 Avenio,
699 1070 891 1105 maximam
906 1069 1174 1104 Universitatem
1191 1068 1399 1116 possideret,
1418 1067 1672 1115 praestantiam
1689 1067 1843 1103 confessi
1860 1070 1941 1102 sunt
1956 1066 2210 1112 Universitatis,
2223 1073 2328 1115 quae,

468 1145 505 1176 ut
521 1141 674 1184 aiebant,
693 1152 762 1176 non
781 1141 895 1175 minus
916 1140 1040 1175 civitati
1063 1139 1170 1175 Paris.
1191 1139 1312 1174 decori
1335 1142 1410 1174 erat
1430 1150 1535 1185 quam
1559 1150 1657 1186 reges
1680 1138 1728 1173 ibi
1749 1138 2047 1174 commorantes‘.
2066 1137 2176 1174 Multo
2191 1138 2331 1185 gravius

467 1215 531 1256 cst,
559 1212 653 1258 quod
678 1211 783 1246 etiam
811 1210 1012 1246 Bonifacius
1048 1212 1106 1254 IX,
1135 1222 1242 1257 quem
1267 1221 1397 1257 papam
1430 1221 1621 1257 agnoscere
1655 1209 1870 1245 Universitas
1901 1209 2108 1245 Parisieusis
2142 1209 2328 1254 recusavit,

466 1283 586 1318 laudes
609 1286 727 1318 tamen
746 1282 777 1317 ei
794 1281 903 1326 dedit,
922 1281 1074 1317 dicendo
1095 1294 1101 1317 :
1124 1297 1139 1313 «
1159 1281 1192 1316 in
1211 1282 1287 1328 ipsa
1302 1293 1385 1328 prae
1403 1281 1530 1317 ceteris
1546 1280 1670 1316 mundi
1687 1281 1812 1317 studiis
1829 1280 1963 1316 sontem
1981 1280 2150 1317 scientiae
2163 1280 2328 1328 viguisse,

466 1357 497 1388 et
515 1353 630 1389 adhuc
642 1353 771 1400 vigere,
785 1352 1050 1400 »omnibusque
1067 1352 1272 1388 facultatem
1288 1352 1455 1387 studendi
1471 1352 1604 1388 ibidem
1622 1352 1832 1388 concessit⁵.

560 1424 642 1460 Sine
669 1423 777 1459 (lubio
803 1436 873 1459 non
899 1423 1084 1459 minimam
1115 1424 1225 1459 fuisse
1255 1413 1464 1471 potestatem
1495 1423 1739 1459 Universitatis
1769 1424 1879 1459 Paris.
1910 1435 1952 1459 ea
1979 1426 2190 1470 tempestate
2218 1427 2327 1472 patet.

465 1495 610 1542 Saepius
626 1495 719 1530 inter
733 1495 906 1542 populum
923 1498 957 1530 et
972 1506 1091 1542 regem
1108 1494 1163 1529 vel
1178 1495 1357 1542 principes
1374 1506 1443 1530 non
1463 1494 1643 1530 incassum
1665 1507 1701 1530 se
1723 1493 1971 1542 intcrposuiff.
1990 1493 2130 1530 Rectori
2147 1494 2331 1531 Universi-

464 1566 543 1602 tatis
559 1566 693 1613 primus
713 1566 811 1601 locus
831 1569 910 1601 ante
933 1566 1139 1613 episcopum
1163 1565 1395 1601 Parisiensem
1417 1565 1599 1610 dabatur7,
1618 1578 1772 1613 eumque
1795 1578 1856 1601 rex
1877 1578 1957 1602 cum
1981 1566 2146 1602 maximis
2168 1566 2330 1614 personis

466 1637 500 1671 in
517 1636 779 1672 Parlamentum
798 1636 1050 1672 convocabat&
1066 1636 1307 1672 Universitatis
1324 1637 1569 1672 auctoritatem
1583 1641 1617 1672 et
1632 1638 1868 1685 arrogantiam
1885 1641 1920 1672 et
1934 1639 2114 1685 propriam
2129 1638 2165 1673 in
2182 1649 2220 1673 se
2236 1649 2330 1674 con—

466 1707 646 1743 fidentiam
663 1707 813 1754 augebat
828 1708 904 1755 ejus
921 1707 1065 1743 victoria
1087 1707 1254 1743 adversus
1281 1709 1468 1755 Hugonem
1493 1708 1654 1752 Aubriot,
1675 1712 1742 1744 tam
1758 1712 1947 1756 'potentem
1968 1712 2002 1745 et
2022 1709 2066 1745 de
2082 1709 2221 1745 civitate
2236 1708 2330 1745 bene

467 1779 630 1813 meritum
648 1778 887 1826 praepositum
906 1778 1175 1814 Parisienscm9.
1202 1778 1259 1813 Sic
1275 1779 1390 1814 valida
1408 1779 1499 1814 sacta
1515 1782 1565 1814 est
1587 1791 1667 1826 erga
1682 1791 1802 1827 regem
1819 1780 1862 1815 de
1877 1780 1982 1815 talliis
1999 1780 2194 1823 solvendis3
2213 1780 2330 1828 primo

467 1849 580 1884 noluit
595 1861 655 1884 rex
670 1861 749 1885 eam
770 1849 937 1890 eximere,
957 1849 1202 1896 deputatisque
1223 1861 1433 1896 responsum
1455 1850 1539 1885 fecit
1562 1865 1576 1882 «
1591 1850 1660 1886 tale
1676 1850 1794 1898 quale,
1813 1850 1946 1887 scilicet
1961 1863 2041 1886 cum
2063 1851 2200 1887 duabus
2217 1851 2332 1888 sacie'·

467 1919 568 1955 bus'⁰
583 1935 597 1953 »
611 1934 618 1963 ;
638 1924 671 1956 at
686 1920 899 1955 lectionibus
916 1920 958 1955 ab
975 1920 1205 1956 Universitate
1222 1921 1403 1968 suspensis
1419 1933 1480 1956 rex
1495 1921 1656 1968 petitioni
1673 1921 1980 1969 obtemperavit¹'.

565 1991 618 2026 Ab
639 1991 771 2026 ultimis
791 1992 891 2026 annis
912 1991 1138 2038 pontificatus
1159 1991 1352 2027 Clementis
1374 1992 1433 2026 VII
1454 1992 1662 2039 praesertim
1686 1993 1913 2040 amplificata,
1939 1993 2131 2029 auctoritas
2151 1988 2331 2030 Universi'-
2380 1990 2385 1993 ’

469 2063 547 2098 tatis
567 2066 689 2109 postca
713 2062 777 2097 sub
804 2062 996 2097 Benedicto
1021 2064 1100 2097 Xlll
1131 2074 1309 2098 summum
1336 2063 1478 2098 culmen
1503 2063 1668 2098 obtinuit.
1693 2065 1768 2099 Hoc
1784 2065 1946 2110 congruit
1965 2076 2047 2100 cum
2068 2065 2281 2112 pontificalis
2297 2069 2333 2102 et

563 2194 584 2218 1.
606 2195 682 2224 opp„
698 2194 731 2222 11,
747 2194 801 2218 434.

561 2239 584 2262 2.
603 2240 678 2268 Opp„
696 2238 727 2267 11,
741 2238 781 2262 52.
795 2238 911 2262 Clemens
925 2238 971 2262 V11
987 2246 1045 2262 vero
1055 2246 1098 2262 eos
1115 2249 1127 2260 α
1140 2238 1290 2262 santasticos
1306 2239 1422 2263 homines
1435 2249 1447 2260 ι)
1458 2240 1591 2271 reputavit
1605 2241 1716 2269 (Chron.
1732 2241 1771 2264 du
1786 2241 1836 2264 rel.
1853 2242 1886 2264 de
1901 2241 1929 2264 S.
1948 2242 2051 2272 Denys,
2066 2242 2085 2270 1,
2101 2241 2167 2272 696).

561 2283 584 2306 3.
603 2283 712 2306 mezcs
728 2289 761 2306 nr.
778 2283 916 2312 Anmmco,
933 2282 1008 2312 infra,
1022 2291 1047 2314 p.
1061 2282 1115 2307 400.
1132 2283 1218 2306 Minus
1233 2283 1426 2315 hyperbolicum
1442 2286 1482 2307 est
1497 2283 1610 2315 elogium
1625 2285 1737 2309 Nicoml
1754 2292 1788 2308 m:
1803 2285 1918 2309 omasus
1933 2293 2017 2309 coram
2030 2285 2134 2310 Urbano
2150 2285 2183 2316 V,
2199 2293 2240 2318 ap.
2251 2286 2331 2317 Bon„

468 2326 515 2356 IV,
530 2326 576 2350 408
591 2334 630 2358 sq.

561 2372 584 2394 4.
604 2372 644 2395 Sic
659 2371 798 2402 Gregorius
811 2372 847 2394 XI
860 2371 891 2395 ad
906 2371 983 2403 episc.
1000 2371 1082 2395 Paris.
1094 2380 1124 2395 ex
1138 2372 1240 2395 Auania
1257 2371 1389 2396 scribebat
1401 2380 1444 2396 an.
1459 2372 1527 2401 1377,
1543 2373 1597 2397 Oct.
1615 2373 1626 2396 1
1643 2381 1648 2396 :
1665 2384 1677 2395 «
1693 2373 1895 2398 Considerantes
1910 2374 2016 2406 quantis
2028 2374 2185 2399 Altissimus
2199 2375 2330 2399 civitatem

471 2425 484 2437 α
501 2415 674 2439 Parisiensem
691 2415 795 2439 famosis
814 2415 936 2439 extulerit
948 2415 1101 2439 muneribus
1118 2416 1271 2447 gratiarum,
1289 2416 1315 2440 in
1330 2424 1381 2448 qua
1396 2416 1468 2448 viget
1480 2418 1533 2440 tam
1546 2417 1649 2448 insigne
1663 2417 1780 2441 studium
1796 2418 1863 2449 quod
1879 2418 1971 2442 merito
1986 2418 2036 2442 dici
2051 2420 2135 2450 potest
2151 2419 2198 2443 ssos
2214 2419 2330 2444 omnium

470 2469 483 2481 «
501 2459 647 2483 studiorum
662 2468 692 2483 ac
705 2459 762 2484 fons
773 2459 923 2484 indeficiens
936 2461 963 2483 et
977 2460 1096 2484 continue
1112 2460 1276 2484 scaturisans
1289 2461 1428 2492 anagogice
1443 2461 1561 2485 veritatis
1576 2469 1669 2485 rorans
1681 2463 1706 2486 et
1720 2462 1834 2494 irrigans
1850 2470 1895 2486 sue
1910 2462 2026 2487 doctrine
2050 2463 2140 2495 poculo
2158 2465 2240 2488 totam
2261 2471 2332 2489 sacre

469 2514 482 2525 α
501 2503 633 2534 religionis
656 2504 817 2536 superficiem
838 2504 986 2534 christiane,
1009 2504 1034 2528 in
1055 2512 1106 2535 qua
1119 2504 1197 2528 etiam
1218 2504 1329 2528 residere
1351 2505 1470 2529 noscitur
1485 2505 1557 2529 sedes
1580 2505 1671 2529 inclita
1693 2507 1720 2530 et
1741 2506 1884 2539 principale
1904 2506 1995 2531 solium
2017 2507 2252 2532 invictissimorum
2271 2508 2331 2533 fidei

469 2558 482 2569 «
501 2548 751 2579 propugnaculorum
774 2548 854 2578 glorie
873 2548 996 2577 liliorum,
1016 2549 1042 2572 et
1065 2548 1098 2572 ad
1117 2556 1195 2580 quam
1211 2550 1252 2572 est
1270 2549 1376 2581 iusuper
1396 2550 1530 2573 tantorum
1549 2549 1661 2581 undique
1681 2551 1836 2582 populorum
1858 2558 1997 2575 concursus
2019 2552 2050 2575 ut
2069 2559 2114 2576 nec
2130 2550 2222 2584 parem'
2236 2552 2331 2577 habere

470 2602 483 2614 «
502 2592 619 2616 videatur
629 2593 653 2616 in
665 2592 741 2616 terris
756 2592 783 2615 in
796 2593 862 2616 omni
878 2592 1010 2624 opulentia
1026 2592 1178 2617 facultatum
1192 2602 1205 2614 »
1217 2594 1292 2624 (Reg.
1310 2593 1372 2617 Vat.
1390 2594 1470 2618 Aven.
1486 2595 1565 2625 Greg.
1580 2595 1625 2624 XI,
1642 2594 1691 2619 vol.
1709 2595 1805 2625 XXIX,
1821 2594 1864 2620 sol.
1882 2595 1947 2625 235).
2306 2581 2311 2589 Ι

565 2636 588 2660 5.
606 2637 675 2660 Infra
687 2641 716 2660 n⁰
731 2636 801 2660 1672.

561 2681 586 2705 6.
602 2681 663 2705 Vid.
680 2681 713 2704 11¹⁸
727 2681 795 2710 1239,
811 2681 882 2711 1465;
896 2683 988 2709 Aucc„
1001 2681 1021 2710 Ι,
1033 2681 1089 2710 229,
1100 2681 1142 2711 253
1158 2681 1212 2711 232,
1227 2682 1271 2712 32;
1287 2682 1341 2712 236,
1353 2682 1379 2712 9;
1397 2683 1498 2707 Chron-
1515 2685 1554 2707 du
1568 2683 1649 2714 reliq.
1665 2685 1697 2707 de
1713 2684 1740 2707 S.
1757 2685 1860 2715 Denys,
1877 2684 1897 2713 Ι,
1916 2684 1968 2714 145,
1985 2685 2040 2708 233.

562 2726 585 2749 7.
603 2725 662 2749 Vid.
679 2730 708 2749 11⁰
722 2725 794 2755 146.3;
809 2727 901 2754 Amet„
916 2725 936 2751 Ι,
951 2724 1006 2754 618,
1020 2725 1060 2756 21,
1075 2725 1115 2749 34.

563 2770 587 2794 8.
604 2769 665 2794 Vid.
683 2774 711 2793 n⁰
726 2769 794 2794 1402.

562 2814 587 2838 9.
605 2813 664 2838 Vid.
681 2814 795 2844 n0145t3
811 2815 905 2843 Auca,
920 2813 940 2842 Ι,
956 2821 982 2845 p.
997 2813 1044 2837 607
1057 2814 1083 2837 et
1098 2822 1123 2837 n.
1137 2815 1161 2838 ⁴1.

564 2859 602 2883 10.
621 2858 680 2882 Vid.
697 2860 791 2886 Aucc„
807 2858 827 2887 J,
843 2857 896 2887 (513,
910 2858 949 2881 45.

565 2903 603 2927 ll.
620 2903 681 2927 Vid.
696 2902 773 2931 ibid„
789 2910 814 2934 p.
829 2902 883 2926 627.
