2488 3386
1018 309 1142 334 {NDEX
1173 311 1321 334 RERUM.

258 386 391 419 privilegia
411 387 554 418 magisterii
570 388 610 412 sui
631 396 734 413 servare
755 389 871 416 voluerit.
894 391 1009 421 425-439'3
1026 391 1144 416 Amelius

257 426 404 457 damnatur,
423 428 540 458 468477,
557 428 588 452 de
602 428 694 452 habitu
715 429 879 459 scholarium,
896 430 1009 459 442-443,
1031 432 1091 462 642;
1113 432 1144 456 de

259 468 350 493 habitu
376 469 554 500 religiosorum
575 469 605 493 O.
627 470 653 494 S.
679 469 809 494 Benedicti
829 473 856 495 et
880 471 990 496 aliorum
1007 472 1143 502 Ordinum,

233 518 237 522 ·
257 509 317 539 642;
331 509 363 533 de
376 509 464 533 habitu
479 509 629 541 legentium,
643 510 701 541 6433
717 511 748 534 de
769 511 822 535 loco
834 511 982 536 auditorum
998 513 1025 536 in
1038 513 1144 538 sedibus

257 549 388 581 capiendis
403 549 428 573 in
447 550 552 580 scholis,
569 550 628 581 642;
651 552 781 575 statutum
798 559 828 575 ne
847 551 983 583 quisquam
999 554 1035 577 sic
1054 553 1144 584 legerit

258 592 290 614 ut
304 589 435 614 auditores
450 598 508 614 cum
524 598 607 622 penna
629 591 740 616 scribere
758 592 866 623 possint,
887 592 942 623 430,
960 593 1015 623 436,
1039 602 1061 618 υ.
1078 595 1144 618 infra

258 630 368 660 ἱερείῳ
383 631 497 662 cognitio
510 630 573 662 legis
587 631 671 656 civilis
693 632 766 656 utilis
785 635 824 656 est
843 633 876 656 ad
895 634 1066 665 cognitionem
1080 635 1144 666 juris

257 670 381 700 canonici,
393 671 448 700 436,
468 670 547 701 439*;
564 671 695 702 scholaris,
717 673 820 704 quando
837 674 1014 705 unusquisque
1034 675 1145 699 habetur

257 710 392 741 scholaris,
416 711 521 742 quando
534 712 687 743 privilegiis
708 713 839 737 facultatis
856 713 961 744 fruitur,
978 714 1037 745 641;
1056 715 1145 739 nullus

252 750 375 775 :habetur
387 751 515 775 scholaris
530 751 552 775 si
568 753 748 776 tantummodo
764 754 907 777 matutinas
923 754 1044 779 lectiones
1060 755 1144 786 audit,

258 790 317 821 4293
341 793 371 815 ut
392 791 517 815 scholaris
538 791 673 822 habeatur,
694 794 790 817 decreti
810 793 945 817 lectionem
959 794 1048 819 audire
1060 794 1144 825 debet,

249 831 318 862 .429;
331 831 461 855 scholares
475 832 590 857 doctores
603 833 642 857 vel
655 833 719 858 alios
735 834 855 865 legentes,
873 835 908 858 vel
921 835 1054 860 officiarios
1066 836 1144 860 facul-

257 872 320 895 tatis
345 872 539 897 sibilationibns
566 881 615 897 non
640 873 764 905 impedire
789 875 892 904 debent,
917 875 976 905 642;
1002 876 1089 900 nullus
1114 877 1145 900 ad

257 911 391 943 legendum
405 913 514 937 Parisiis
525 914 586 945 jura
602 915 724 938 canonica
737 914 841 939 admitti
855 915 955 946 debeat,
974 916 1023 940 nisi
1035 917 1065 940 de
1080 917 1145 948 legi-

247 951 320 976 *timo
341 953 506 977 matrimonio
527 955 675 985 procreatus
699 954 741 983 sit,
762 955 808 978 3:37
829 959 857 978 n⁰
878 955 951 986 1503;
975 956 1144 980 nihilominus

230 1004 232 1006 v
258 991 351 1016 Petrus
361 992 449 1024 Regis.
460 993 524 1017 alias
537 994 631 1023 Oziere,
646 994 676 1017 de
690 994 839 1025 presbytero
849 996 875 1018 et
884 996 1021 1027 conjugata
1032 996 1144 1027 genitus,

232 1050 234 1052 .
257 1030 388 1055 licentiam
407 1032 500 1064 recipit
518 1033 577 1064 jura
595 1034 715 1057 canonica
734 1034 760 1057 in
779 1034 864 1058 studio
886 1035 969 1058 Paris.
992 1035 1105 1066 legendi,
1121 1038 1147 1060 et

258 1074 317 1104 post
331 1072 454 1096 lecturam
474 1073 583 1103 gradum
599 1073 716 1098 licentiae
729 1076 756 1098 et
771 1074 920 1098 doctoratus
936 1075 1084 1106 recipiendi,
1100 1076 1146 1100 339

259 1117 288 1136 n⁰
307 1112 380 1142 1503;
401 1112 528 1137 ordinatio
550 1113 682 1137 facultatis
701 1114 732 1137 de
752 1113 928 1139 emendatione
945 1117 969 1139 et
992 1116 1146 1140 correctione

238 1168 240 1171 ι
258 1153 430 1184 quorumdam
445 1161 597 1177 excessuum
619 1154 773 1186 praesertim
796 1155 823 1178 in
843 1156 950 1186 habitu;
969 1164 1033 1188 quae
1054 1156 1146 1181 debent

259 1192 309 1224 legi
326 1193 352 1216 in
366 1193 461 1217 scholis
475 1201 488 1217 a
501 1193 598 1218 bedello
608 1196 634 1218 et
648 1194 806 1225 subbedello,
818 1196 933 1226 442-443;
950 1204 999 1220 non
1012 1197 1109 1228 legitur
1121 1197 1146 1221 in

256 1233 321 1257 *locis
335 1240 361 1257 et
375 1233 496 1258 domibus
514 1235 631 1266 privatis,
644 1235 703 1265 322,
720 1236 751 1259 lis
763 1235 832 1260 inter
845 1237 996 1261 facultatem
1012 1237 1107 1261 decret.
1121 1238 1147 1261 et

231 1288 234 1292 -
258 1272 406 1304 Capitulum
431 1274 491 1297 ecel.
517 1274 602 1298 Paris.
626 1274 657 1298 de
677 1275 764 1299 schola
778 1275 875 1300 decreti
893 1277 920 1300 in
947 1277 1065 1301 Claustro
1084 1277 1145 1301 eccl.

259 1313 353 1344 Paris„
367 1321 391 1338 v.
403 1314 490 1339 Paris.
505 1314 623 1340 eccles.:
638 1316 815 1345 Capitulum;
826 1317 962 1348 collegium
975 1317 1070 1342 decret.
1086 1317 1145 1341 doc-

232 1368 235 1369 ν
259 1357 344 1378 torum
362 1354 394 1377 ad
418 1354 542 1378 lecturam
556 1355 697 1379 admittere
713 1355 795 1379 voluit
811 1356 941 1380 doctorem
956 1358 1031 1388 cujus
1044 1365 1146 1381 causam

258 1394 375 1426 episcopo
395 1395 478 1418 Paris.
499 1395 639 1419 committit
658 1395 776 1419 Clemens
795 1396 855 1426 Vll,
875 1397 934 1427 3133
955 1398 1096 1429 Gregorius
1111 1398 1147 1421 XI

258 1434 375 1458 concedit
389 1435 517 1466 magistro
538 1434 641 1459 cuidam
656 1435 765 1460 Parisiis
781 1437 888 1467 regenti,
912 1437 955 1468 qui
978 1438 1102 1461 lecturam
1117 1438 1147 1461 de

259 1482 333 1498 mane
347 1475 497 1499 continuare
511 1475 611 1506 nequit,
628 1477 657 1499 ut
675 1476 788 1507 aliquam
811 1484 943 1508 personam
958 1477 1075 1502 idoneam
1094 1478 1147 1502 loco

259 1515 299 1538 sui
313 1514 410 1546 absque
425 1514 529 1538 licentia
544 1514 591 1539 fac.
608 1515 764 1540 substituere
782 1517 872 1548 possit,
888 1517 934 1541 216
949 1522 978 1541 n⁰
995 1518 1066 1547 1393;
1084 1518 1146 1542 Gre-

258 1557 348 1588 gorius
363 1556 399 1580 XI
418 1557 533 1581 'rhomae
548 1558 657 1588 Haudri,
672 1561 723 1582 utr.
738 1559 790 1590 jur.
809 1559 906 1583 doctori
928 1560 1070 1590 Aureliam,
1091 1567 1148 1591 per-

259 1598 344 1622 mittit
357 1598 475 1622 Pax-isius
491 1598 620 1622 decretum
641 1599 732 1630 legere,
750 1599 797 1623 218
811 1604 840 1623 n⁰
860 1599 931 1630 1397;
949 1599 1067 1624 licentiae
1086 1607 1147 1630 gra-

257 1638 319 1661 dum
333 1638 361 1661 in
371 1638 428 1669 jure
440 1645 496 1662 can.
510 1638 599 1670 recipit
613 1639 774 1663 cammarus
786 1640 939 1670 chnMAN,
955 1648 1010 1663 can.
1025 1641 1050 1664 S.
1069 1641 1145 1670 Aug.;

257 1678 370 1710 insignia
389 1678 539 1702 doctoratus
555 1679 667 1711 recipere
682 1681 776 1711 potest,
796 1688 809 1704 e
832 1680 926 1704 litteris
943 1680 1099 1711 apostolicis,
1120 1680 1146 1703 in

257 1725 420 1749 quocumque
430 1718 516 1742 studio
528 1719 640 1750 generali
652 1719 800 1744 licentiatus
810 1720 835 1743 in
846 1722 932 1752 utroq.
941 1721 993 1751 jur.
1003 1721 1146 1744 JonANNES

258 1763 293 1780 DE
316 1757 421 1786 CARON,
443 1758 489 1782 288
510 1763 539 1782 n⁰
559 1759 627 1783 1443.
643 1773 673 1777 —-
692 1760 751 1783 Fac.
771 1760 863 1783 decret.
882 1760 909 1783 in
929 1760 1080 1790 schismate,
1101 1760 1147 1784 595

258 1802 287 1820 ιν)
301 1797 371 1827 1662,
384 1797 439 1822 596.

227 1850 288 1855 ———
302 1840 378 1862 Arca
391 1846 399 1862 :
415 1838 449 1861 De
465 1837 583 1862 clavibus
597 1846 679 1867 arcae,
694 1839 760 1863 657*
776 1843 805 1862 n⁰
821 1839 889 1864 1711.

226 1891 288 1895 —
300 1878 418 1902 Auditio
433 1885 567 1907 canonum,
583 1878 637 1903 642.

227 1930 289 1934 -—-
300 1918 484 1942 Baccalarei:
495 1918 530 1942 De
540 1918 694 1943 baccalareis
705 1919 854 1950 legentibus
862 1921 1023 1949 statuta,644
1033 1925 1061 1944 n⁰
1072 1920 1145 1950 1699;

259 1957 352 1981 baccal.
368 1965 414 1981 nec
427 1958 516 1981 horam
535 1965 606 1981 suam
627 1958 751 1988 lecturae,
767 1967 812 1983 nec
827 1959 922 1983 librum
943 1959 1071 1991 inceptum
1089 1967 1146 1983 mu-

257 1998 314 2021 tare
328 1999 422 2030 potest,
433 1997 493 2027 645;
506 1997 537 2021 de.
549 1998 654 2022 collecta
669 1998 881 2029 baccalareorum,
897 1999 943 2022 646
953 2008 958 2029 ς
970 1999 1146 2030 juramentum

257 2036 470 2066 baccalareorum,
487 2037 541 2065 437,
556 2037 614 2067 473;
628 2037 723 2062 baccal.
740 2041 838 2062 secreta
855 2038 955 2069 collegii
970 2046 1019 2062 non
1035 2038 1146 2062 revelare

256 2076 358 2107 debent,
380 2077 440 2107 644,
464 2077 559 2102 baccal.
583 2078 737 2110 respondere
762 2078 885 2108 valentes,
913 2078 972 2108 642;
1000 2078 1146 2109 juramenta

257 2125 323 2149 quae
336 2117 431 2142 debent
443 2119 573 2149 praestare
587 2118 694 2142 admissi
709 2120 740 2142 ad
757 2119 865 2150 gradum
882 2119 1143 2149 baccalareatus,643;

258 2157 351 2182 baccal.
365 2158 480 2182 doctores
497 2158 655 2183 ordinarium
673 2159 824 2191 incipientes
839 2158 954 2183 salutare
968 2158 1070 2188 debent,
1086 2159 1144 2188 426;

258 2199 439 2230 unusquisque
450 2198 544 2224 baccal.
562 2199 648 2230 legens
662 2199 694 2222 (le
707 2207 782 2223 mane
796 2199 887 2223 visitat
898 2199 1013 2230 singulos
1028 2199 1145 2224 doctores

256 2239 284 2263 in
306 2239 390 2271 prima
410 2239 515 2263 lectione
539 2239 627 2271 magni
642 2239 775 2268 ordinarii,
799 2239 858 2268 646ς
876 2239 969 2263 baccal.
986 2242 1046 2263 actu
1061 2239 1145 2271 legens

257 2278 284 2301 in
296 2278 408 2302 secundo
423 2279 561 2308 volumine,
582 2279 644 2309 252;
665 2279 772 2303 studens
793 2280 819 2303 in
838 2281 915 2304 tertio
930 2280 1069 2309 volumine,
1084 2281 1143 2310 2563

256 2319 350 2344 baccal.
372 2320 462 2351 legunt
480 2320 609 2345 ordinarie
628 2325 669 2345 ter
690 2321 717 2345 in
739 2321 906 2351 hebdomade,
923 2322 984 2352 645;
1007 2329 1058 2353 quo
1078 2323 1146 2345 tem-

231 2377 234 2379 *
257 2367 317 2392 pore
337 2360 428 2385 baccal.
449 2361 576 2385 lecturam
591 2362 704 2393 incipere
718 2362 823 2392 debent,
836 2362 896 2391 537;
914 2361 1074 2386 baccalareus
1086 2362 1145 2394 qui-

256 2401 316 2425 dam
329 2401 375 2426 200
393 2401 433 2425 vel
454 2402 501 2425 250
518 2402 617 2426 francos
633 2410 678 2434 pro
694 2402 847 2426 lectionibus
864 2403 963 2434 recipit,
979 2403 1037 2433 4273
1057 2403 1144 2427 Decre-

257 2441 322 2465 tales
336 2442 420 2473 legere
440 2441 534 2467 baccal.
548 2444 620 2466 extra.
642 2443 726 2466 vicum
741 2443 821 2467 clausi
841 2443 956 2467 Brunelli
975 2451 1024 2467 non
1040 2443 1143 2472 debent,

255 2481 311 2511 320,
327 2481 387 2512 644;
401 2483 578 2514 juramentum
593 2485 724 2515 praestant
739 2483 878 2507 baccalarci
892 2491 918 2507 se
934 2483 960 2507 in
976 2484 1031 2508 vico
1045 2484 1145 2508 decreta

257 2523 380 2552 lecturos,
391 2524 450 2554 322;
462 2524 528 2548 idem
542 2524 719 2555 juramentum
733 2532 782 2548 non
798 2526 931 2556 praestant
946 2525 1068 2555 doctores,
1100 2525 1143 2555 22;

257 2562 349 2588 baccal.
363 2564 460 2596 injure
473 2565 593 2589 canonico
611 2565 660 2589 sub
677 2565 780 2589 doctore
792 2565 855 2589 etin
871 2565 965 2589 scholis
981 2566 1035 2597 ejus
1051 2565 1145 2597 legent,

254 2603 314 2634 536;
336 2604 433 2628 baccal.
449 2605 475 2629 in
496 2606 590 2630 scholis
604 2605 779 2631 doctoralibus
797 2605 882 2636 legere
897 2605 1001 2636 debent,
1018 2606 1073 2636 537,
1088 2606 1144 2636 613,

231 2652 233 2654 ’
255 2641 316 2674 644;
335 2644 422 2676 legunt
436 2644 467 2669 de
483 2653 565 2674 mane,
586 2645 645 2676 437;
663 2646 807 2670 matutinas
826 2646 947 2670 lectiones
961 2646 1070 2676 faciunt,
1084 2646 1144 2670 425-

256 2683 316 2714 4303
334 2684 450 2716 legentes
477 2685 550 2709 nonis
568 2686 641 2709 Beati
666 2685 762 2716 Jacobi,
785 2685 840 2715 433,
858 2685 916 2715 537;
938 2685 1050 2717 legentes
1071 2687 1146 2710 nonis

256 2723 349 2747 Beatae
373 2723 475 2753 Mariae,
500 2725 554 2754 537,
577 2725 637 2755 65:23
657 2733 708 2749 non
732 2725 820 2756 legunt
844 2725 969 2749 solemnes
992 2725 1145 2754 Decretales,

256 2771 323 2795 quae
338 2764 387 2795 legi
409 2763 491 2788 solent
504 2772 519 2788 a
538 2764 696 2795 doctoribus,
713 2766 769 2796 438,
788 2766 836 2790 643
855 2771 883 2789 n⁰
900 2766 973 2796 1712;
990 2765 1020 2789 de
1038 2765 1145 2790 lectione

256 2803 426 2828 Decretalium
443 2812 459 2828 a
482 2804 644 2835 baccalareis,
676 2805 736 2835 6453
764 2805 902 2830 baccalarei
926 2805 1017 2837 legunt
1041 2807 1144 2829 sextum

257 2843 353 2868 librum
369 2846 395 2868 et
407 2844 588 2874 Clementinas,
599 2845 654 2875 433,
665 2853 692 2870 v.
702 2847 869 2875 Decretules‚
883 2847 1029 2876 Doctores;
1041 2846 1067 2869 in
1078 2846 1146 2878 prin-

257 2883 323 2915 cipio
333 2883 444 2907 lecturae
459 2884 573 2908 cedulam
589 2885 748 2909 baccalareus
763 2893 777 2909 a
790 2885 892 2910 doctore
905 2885 1014 2918 recipere
1031 2887 1144 2916 tenetur,

2047 309 2109 343 771

1229 394 1288 424 5363
1305 395 1386 419 forma
1400 396 1596 427 cedulae„537;
1618 405 1664 428 pro
1683 406 1837 431 unoquoque
1862 400 2012 431 baccalareo,
2029 401 2111 425 forma

1229 435 1330 459 cedulae
1346 436 1453 467 ponitur
1472 437 1498 460 in
1514 437 1579 461 libro
1601 437 1740 468 facultatis,
1766 439 1824 469 537;
1844 440 1932 464 nullus
1950 441 1981 465 ad
2002 442 2110 474 gradum

1229 474 1419 500 baccalareatus
1443 476 1468 499 in
1495 476 1552 508 jure
1576 477 1695 502 canonico
1718 479 1847 504 admissus
1874 481 1949 512 plura
1981 482 2112 514 proposita

1229 514 1310 539 facere
1325 517 1452 546 teneatur,
1468 516 1523 540 535.

1199 556 1304 579 Bedelli
1315 564 1324 580 .·
1336 556 1456 580 Bedellus
1470 565 1576 588 magnus
1586 558 1699 589 juratus,
1713 559 1757 582 109
1772 563 1800 582 n⁰
1821 560 1892 590 1290;
1909 561 2021 585 bedellus
2036 561 2112 586 facul-

1230 595 1302 624 tatis,
1322 596 1377 624 536,
1397 597 1455 626 537;
1481 597 1572 622 bedelli
1589 600 1616 622 et
1637 598 1778 623 subbedelli
1797 600 1957 632 principales,
1977 601 2031 631 322,
2056 602 2110 632 443,

1229 635 1288 666 653;
1302 638 1403 661 statuta
1415 637 1446 661 de
1461 637 1566 662 bedellis
1579 641 1605 662 et
1617 638 1772 663 subbedellis
1789 639 1926 670 facultatis,
1940 640 1986 664 647
1999 646 2026 664 n⁰
2037 641 2110 671 1701;

1231 675 1322 700 bedulli
1349 677 1481 701 facultatis
1500 678 1576 702 ibant
1599 678 1631 702 ad
1652 679 1751 703 scholas
1770 680 1877 703 claustri
1893 680 1919 703 in
1934 680 1994 704 eccl.
2017 681 2110 711 l‘aris.,

1230 716 1276 740 326
1297 721 1325 740 n0
1351 717 1423 747 14883
1446 718 1560 742 bedellus
1579 721 1625 742 aut
1647 719 1812 743 subbedellus
1834 720 1975 751 proclamat
1997 721 2112 745 doctores

1231 764 1384 789 unoquoque
1399 765 1465 782 anno
1480 758 1599 788 lecturos,
1611 758 1669 788 4753
1684 759 1710 782 in
1730 759 1881 783 lectionibus
1896 760 2030 785 doctorum
2048 761 2112 786 festa

1230 798 1255 820 et
1279 797 1329 820 alia
1359 798 1426 821 facta
1451 798 1532 822 studii
1560 799 1722 827 denuntiant,
1749 799 1807 828 470;
1836 800 1989 831 praecedunt
2016 803 2113 826 ceteros

1231 836 1368 860 servitores
1387 836 1526 865 facultatis,
1547 837 1593 860 647
1611 842 1639 860 no
1666 837 1736 868 17013
1759 837 1874 861 bedellus
1891 839 2034 862 communis
2052 838 2114 870 legit

1232 876 1330 899 statuta
1344 876 1371 899 in
1386 876 1518 908 principiis
1530 876 1675 906 lectionum,
1691 877 1735 901 641
1755 882 1783 900 11⁰
1799 877 1870 907 1697;
1887 878 2059 908 subbedellns,
2074 879 2114 902 be-

1231 916 1296 941 dello
1307 920 1449 949 praesente,
1475 918 1539 941 nihil
1558 918 1640 942 facere
1666 920 1758 950 potest,
1783 918 1841 948 322;
1864 918 1978 943 bedellus
1997 919 2114 951 proprius

1232 957 1435 988 uniuscujusque
1448 958 1567 986 doctoris,
1583 958 1641 989 470;
1655 958 1723 990 quod
1736 967 1750 982 a
1766 958 1919 982 baccalareis
1931 960 1958 983 et
1971 959 2045 982 novis
2059 959 2114 982 doc<

1232 996 1331 1020 toribus
1346 997 1525 1029 unusquisque
1544 998 1632 1022 doctor
1648 1006 1693 1030 pro
1713 1005 1759 1022 suo
1777 998 1875 1022 bedello
1890 998 2037 1030 recipiebat,
2055 998 2114 1026 470;

1232 1039 1333 1061 statuta
1356 1037 1385 1062 de
1412 1037 1517 1062 bedellis
1540 1038 1745 1070 uniuscujusque
1770 1038 1892 1068 doctoris,
1916 1038 1962 1062 649
1985 1043 2013 1062 n⁰
2040 1037 2114 1067 1702;

1233 1076 1347 1100 bedellus
1373 1077 1467 1101 Amelii
1494 1078 1524 1101 de
1545 1078 1631 1101 Brolio
1657 1077 1775 1106 doctoris,
1800 1078 1920 1102 COLxNUs
1943 1078 2116 1108 Sammaei-:Nu

1231 1117 1323 1141 bedelli
1340 1119 1367 1141 et
1381 1118 1525 1142 snbbedelli
1547 1119 1691 1146 doctorum,
1710 1118 1768 1148 6533
1785 1118 1848 1142 aliae
1864 1126 1904 1142 res
1922 1118 1952 1142 de
1967 1118 2074 1142 bedellis
2091 1121 2116 1142 et

1231 1157 1389 1181 subbedellis
1405 1160 1536 1188 notantur,
1556 1158 1602 1182 647
1620 1163 1649 1182 n0
1665 1158 1732 1186 1701,
1749 1158 1811 1188 64S;
1834 1168 1846 1180 α
1868 1158 1942 1189 virga
1956 1162 2063 1189 argento
2076 1166 2115 1182 or-

1233 1199 1293 1221 nata
1308 1200 1335 1221 et
1349 1198 1473 1222 deaurata
1488 1209 1501 1220 »
1518 1198 1611 1222 bedelli
1627 1198 1763 1227 generalis.
1779 1198 1834 1226 207,
1850 1198 1896 1222 647
1910 1203 1937 1221 n⁰
1953 1198 2027 1228 l7ol;
2044 1198 2117 1230 virga

1232 1238 1352 1268 argentea
1369 1237 1519 1267 subbedelli,
1537 1238 1583 1262 647
1601 1243 1628 1261 nu
1646 1238 1716 1265 1701;
1734 1237 1826 1261 bedelli
1845 1237 1992 1268 generales:
2008 1245 2032 1262 v.
2048 1238 2116 1262 ALA-

1232 1283 1284 1300 Nus
1301 1277 1378 1304 Num,
1398 1278 1484 1300 Sinos
1499 1278 1627 1301 ΤΗοΜΑΕ.
1643 1292 1673 1295 —
1687 1278 1832 1302 Subbedelli
1847 1277 1976 1309 generales
1991 1286 1997 1301 :
2012 1285 2036 1302 υ.
2053 1278 2118 1302 Bm-

1231 1324 1292 1342 cms
1305 1318 1443 1346 Monacm,
1459 1318 1640 1342 Guitnmnns
1659 1319 1758 1342 GOLLo.

1201 1373 1263 1376 —
1276 1359 1396 1386 Birreca‚
1413 1358 1472 1388 653;
1488 1358 1650 1387 bii-cetarius,
1666 1358 1721 1382 653.

1202 1413 1263 1416 —-
1277 1399 1509 1430 Coma-eyationes
1528 1398 1555 1421 in
1572 1398 1695 1430 hospitali
1708 1399 1734 1422 S.
1748 1398 1873 1422 Jobannis
1888 1398 2114 1426 Hierosolimitani,

1232 1438 1286 1464 328.
1303 1438 1356 1466 437,
1374 1439 1433 1468 443;
1449 1439 1476 1462 in
1490 1441 1614 1470 parqueto
1634 1438 1722 1461 curiae
1739 1438 1853 1462 officialis
1870 1438 1951 1462 Paris.
1969 1439 2043 1469 juxta
2058 1447 2115 1470 gra-

1233 1478 1282 1502 dus
1293 1479 1336 1510 qni
1349 1479 1490 1503 ascendunt
1505 1478 1536 1502 ad
1548 1487 1673 1503 cameram
1686 1478 1811 1507 officialis,
1827 1478 1871 1502 109
1885 1483 1914 1502 n⁰
1930 1479 1997 1502 1290.

1201 1533 1263 1536 —
1277 1519 1408 1544 Decanus
1420 1528 1429 1543 .·
1450 1520 1555 1544 Statuta
1569 1520 1599 1543 de
1613 1520 1715 1548 decano,
1732 1519 1845 1551 ejusdem
1864 1518 1986 1543 electione
2001 1521 2027 1543 et
2044 1520 2116 1550 jura-

1233 1560 1327 1587 mento,
1338 1560 1396 1589 655;
1413 1559 1514 1590 aliquot
1528 1559 1607 1583 officia
1626 1562 1652 1583 et
1667 1567 1776 1583 munera
1791 1559 1878 1582 decani
1893 1560 2056 1590 exponuntur
2071 1559 2116 1583 ibi-

1233 1599 1299 1628 clem,
1312 1599 1430 1629 655-‹5573
1447 1600 1513 1623 circa
1534 1607 1640 1623 examen
1664 1599 1790 1626 licentiae.
1805 1598 1863 1628 6503
1884 1599 1999 1629 sigillum
2019 1599 2115 1624 decani.

1232 1639 1287 1663 537.
1303 1654 1329 1657 —
1345 1639 1437 1663 Decani
1452 1648 1458 1663 z
1472 1647 1495 1664 υ.
1513 1640 1662 1664 GALTERUS
1679 1640 1791 1667 GRAssx,
1808 1638 1969 1662 szvnsms
1991 1638 2118 1661 Bovson-

1233 1685 1294 1709 cns,
1310 1680 1461 1704 HEBERTUS
1477 1686 1510 1703 DE
1527 1681 1688 1708 Saacnnms,
1707 1679 1851 1702 Hasmcus
1866 1678 1990 1706 Busuvn,
2004 1678 2065 1701 Jon.
2083 1685 2116 1701 nn

1233 1722 1409 1749 CHEMPIENG‚
1425 1721 1485 1744 JOH.
1505 1721 1650 1748 Toxsoms,
1674 1720 1845 1743 Lanceariis
1865 1724 1899 1741 DF.
1914 1718 2007 1742 FLoms
2029 1719 2114 1748 Sicco,

1231 1762 1379 1785 MARTINUS
1402 1766 1448 1785 seu
1466 1761 1624 1785 Mamurius
1648 1766 1682 1784 nn
1703 1760 1923 1784 KAERGOURANT.
1945 1760 2057 1783 Psrizus
2082 1766 2115 1782 nr.

1233 1803 1397 1825 AGNEVILLA
1409 1802 1436 1824 Ο.
1450 1802 1475 1824 S.
1489 1800 1561 1828 Bcn.,
1575 1801 1686 1824 PETRus
1701 1800 1829 1824 BmAUDI.
1844 1799 2008 1823 STEPHANUS
2022 1806 2056 1822 DE
2068 1800 2118 1822 PA-

1234 1849 1334 1866 msms.

1203 1897 1262 1899 ——
1276 1883 1434 1906 Decretales
1447 1890 1456 1906 :
1473 1881 1646 1906 Decretalium
1663 1881 1783 1904 lectiones
1804 1879 1946 1903 matutinae
1966 1887 1981 1902 a
2001 1878 2116 1903 baccala-

1233 1922 1283 1947 rcis
1297 1923 1374 1951 fiunt,
1398 1922 1459 1952 4753
1481 1921 1606 1946 licentiati
1621 1921 1646 1944 in
1663 1920 1766 1951 legibus
1780 1920 1892 1951 aptiores
1905 1920 1966 1943 sunt
1976 1919 2006 1942 ad
2021 1919 2116 1942 Decre—

1232 1962 1296 1986 tales
1322 1962 1451 1993 legendas,
1477 1961 1535 1992 43&
1562 1962 1649 1985 sextus
1679 1961 1740 1984 liber
1767 1959 1941 1983 Decretalium
1967 1959 2037 1983 utilis
2061 1966 2116 1983 esse

1233 2003 1397 2034 agnoscitur;
1414 2002 1458 2026 ille
1471 2010 1516 2034 pro
1531 2009 1581 2025 uno
1603 2001 1669 2025 libro
1683 2003 1709 2024 et
1731 2000 1820 2031 majori
1844 2001 1916 2031 parte
1931 1999 2038 2023 alterius
2051 2007 2117 2023 com-

1198 2036 1200 2038 ·
1233 2044 1349 2074 putatur,
1365 2042 1423 2072 5363
1449 2043 1513 2066 hora
1537 2049 1585 2073 qua
1610 2041 1708 2072 legitur
1729 2041 1876 2069 Decretum,
1899 2039 2041 2063 Decretales
2066 2039 2115 2070 legi

1232 2090 1281 2107 non
1297 2084 1412 2114 possunt,
1428 2082 1487 2112 642;
1499 2090 1522 2106 v.
1539 2082 1713 2110 Baccalarei,
1729 2082 1867 2105 Doctores.

1200 2137 1261 2140 μ
1276 2124 1423 2147 Decretum
1436 2131 1444 2146 .·
1459 2122 1546 2146 Lectio
1560 2122 1654 2145 decreti
1667 2121 1728 2145 hora
1743 2121 1848 2153 primae,
1864 2120 1919 2148 469,
1935 2119 1996 2149 4703
2013 2119 2116 2143 Dect-eti

1231 2163 1306 2187 lectio
1322 2171 1372 2187 non
1387 2163 1499 2194 amplius
1512 2170 1587 2193 quam
1598 2164 1691 2193 quarta
1704 2164 1775 2193 parte
1791 2161 1866 2185 horae
1878 2160 1966 2190 durat,
1979 2160 2036 2190 4283
2052 2159 2115 2183 inci-

1234 2211 1290 2235 pere
1307 2203 1334 2227 in
1350 2203 1472 2231 Decretis,
1484 2203 1543 2231 6523
1560 2210 1583 2226 v.
1600 2203 1774 2231 Baccalarei,
1788 2202 1928 2225 Doctores.

1200 2258 1259 2260 ⁷-—
1275 2244 1495 2273 Disputationes,
1511 2243 1566 2272 642,
1582 2242 1636 2272 643,
1650 2242 1705 2266 650.

1200 2300 1260 2302 ——
1275 2287 1405 2309 Doctores
1419 2293 1427 2308 :
1443 2283 1640 2308 Doctordicitur
1654 2291 1669 2306 a
1681 2281 1802 2312 docendo,
1819 2281 1981 2306 baccalareus
1996 2288 2011 2304 a
2027 2280 2115 2311 banca,

1231 2329 1257 2349 et
1274 2325 1396 2349 scholaris
1411 2332 1426 2348 a
1447 2324 1541 2352 schola,
1563 2323 1617 2347 435.
1636 2337 1666 2340 -
1687 2321 1823 2346 Honor-arii
1842 2321 1967 2350 doctores,
1984 2319 2038 2350 428,
2054 2321 2115 2350 430;

1231 2365 1361 2390 honorarii
1376 2365 1492 2389 doctores
1509 2372 1559 2388 non
1572 2363 1703 2387 habentur
1724 2363 1852 2394 regenteS,
1872 2362 1927 2386 428.
1951 2374 1979 2381 -
1994 2361 2117 2385 Doctores

1231 2407 1348 2436 regentes
1363 2404 1394 2428 ad
1415 2411 1533 2434 congreg.
1556 2402 1656 2432 facum,
1672 2401 1713 2426 die
1735 2400 1827 2425 martis
1851 2402 1910 2432 post
1930 2400 2026 2424 festum
2042 2400 2115 2423 Omn.

1231 2446 1395 2473 Sanctorum,
1409 2442 1496 2466 venire
1506 2442 1607 2470 debent,
1621 2441 1667 2465 425
1681 2445 1709 2464 n⁰
1722 2439 1791 2469 1528,
1807 2440 1882 2471 atque
1893 2438 1970 2462 etiam
1983 2438 2065 2469 prima
2076 2437 2116 2460 (lic

1230 2485 1361 2514 ordinarii,
1376 2486 1404 2508 ut
1415 2484 1592 2516 juramentum
1607 2482 1737 2514 praestent
1753 2488 1780 2504 se
1794 2480 1905 2504 lecturos
1915 2487 1978 2508 esse,
2001 2479 2062 2507 4⁶26,
2080 2477 2116 2501 illi

1230 2528 1318 2550 autem
1333 2525 1377 2557 qui
1393 2526 1449 2556 post
1462 2523 1621 2548 ordinarium
1632 2522 1775 2546 adveniunt
1785 2529 1835 2545 non
1849 2521 1977 2544 habentur
1990 2520 2115 2550 regentes,

1231 2567 1290 2597 4263
1304 2566 1421 2590 doctores
1438 2568 1557 2596 regentes
1578 2563 1707 2587 scholares
1720 2561 1893 2585 incarceratos
1915 2561 2044 2591 repetunt,
2060 2558 2114 2587 474,

1230 2606 1284 2633 641,
1312 2606 1370 2635 612,
1395 2605 1511 2629 doctores
1534 2602 1701 2628 studentibus
1723 2601 1871 2626 testimonia
1891 2599 1963 2630 dant,
1982 2599 2034 2626 426,
2060 2597 2115 2626 427,

1232 2646 1286 2676 428,
1304 2645 1359 2676 429,
1374 2645 1433 2674 4343
1449 2645 1565 2668 doctores
1586 2644 1707 2674 regentes
1726 2641 1757 2666 ad
1774 2647 1891 2671 congreg.
1912 2639 1958 2663 fac.
1974 2637 2117 2662 extraordi-

1231 2687 1317 2710 narias
1338 2693 1382 2717 per
1406 2684 1532 2709 bedellum
1552 2685 1598 2708 aut
1621 2682 1801 2708 subbedellum
1821 2682 1954 2708 vocantur,
1971 2678 2029 2708 4703
2049 2685 2117 2701 anno

1232 2726 1292 2750 1386
1311 2726 1367 2757 xxvj
1389 2724 1508 2749 doctores
1528 2724 1644 2755 regentes
1661 2725 1731 2752 sunt,
1755 2721 1812 2750 430;
1841 2719 1963 2744 Urbanus
1989 2719 2008 2741 V
2026 2719 2054 2742 et
2072 2717 2117 2742 alii

1231 2765 1449 2798 praestantissimi
1469 2763 1584 2788 doctores
1605 2764 1631 2787 in
1648 2762 1725 2786 Univ.
1750 2761 1868 2792 legerunt
1886 2759 1918 2783 <le
1935 2764 2009 2782 mane
2028 2758 2118 2781 Decre-

1231 2807 1305 2836 tales,
1327 2805 1373 2829 433
1395 2810 1424 2829 n0
1449 2804 1517 2830 1531.
1534 2804 1592 2833 4385
1619 2801 1796 2833 unusquisque
1817 2799 1908 2824 doctor
1926 2805 2016 2830 regens
2038 2797 2116 2822 habet

1230 2853 1307 2870 suum
1323 2844 1457 2875 bedellum,
1474 2844 1528 2874 434,
1541 2843 1595 2873 438,
1612 2842 1860 2873 4735juramentum
1876 2838 2008 2863 doctorum
2026 2843 2117 2869 regen-

1231 2886 1304 2914 tium,
1320 2885 1375 2914 429,
1394 2884 1454 2913 4733
1471 2883 1621 2915 juramenta
1640 2881 1744 2905 illorum
1761 2879 1805 2911 qui
1823 2878 1855 2903 ad
1874 2878 2037 2902 doctoratum
2053 2876 2116 2900 reci-
