2488 3386
446 345 507 377 164
1018 355 1335 377 CHARTULARIUM
1369 355 1559 376 UNIVERS.
1596 355 1725 376 PARls.
2117 365 2120 367 -
2205 342 2303 379 [1367

442 428 535 468 aliis,
553 435 592 461 ut
610 428 850 462 instrumento
873 429 1017 473 publico
1039 441 1149 473 super
1168 428 1377 473 hujusmodi
1393 429 1599 472 juramento
1620 434 1765 473 recepto
1787 428 1987 461 secundum
2009 428 2172 461 ordinem
2194 428 2306 461 facul-

444 501 553 527 tatum
575 495 755 528 recitatur.

537 601 602 624 Mus.
619 602 736 624 Britann.
754 610 802 624 ms.
818 602 879 625 add.
898 603 982 631 17304,
1000 602 1044 625 sol.
1061 602 1114 625 147.
1131 615 1159 620 -
1172 602 1294 628 Bulaeus,
1312 602 1352 629 lv,
1371 602 1425 624 413.

538 695 558 717 1.
577 695 632 718 Vid.
649 695 680 717 de
695 695 752 726 ipso
768 695 938 719 Auctarium
960 695 1084 719 Univers.
1100 695 1206 724 Paris.y
1220 695 1239 718 l.
1253 709 1282 711 —
1298 695 1320 718 2.
1337 695 1384 717 Ms.
1401 702 1404 717 τ
1423 704 1435 715 α
1452 694 1546 725 Bilgcti
1560 704 1583 717 ›».
1596 695 1658 717 -3,
1676 694 1733 718 Vid.
1746 695 1854 717 n01332.
1867 696 1928 717 —4.
1942 695 2011 718 Haec
2029 695 2134 718 rubrica
2150 696 2175 718 in
2192 696 2306 720 Recueil

442 740 488 764 des
503 739 654 770 privileges
675 741 707 763 de
727 740 906 764 l'Universite'
924 741 955 763 de
978 740 1068 767 Paris,
1086 748 1111 770 p.
1129 740 1182 767 281,
1204 742 1228 762 et
1247 739 1316 770 apud
1339 738 1476 768 Jourdain,
1500 743 1528 761 ηο
1549 740 1603 767 696,
1623 747 1763 770 perperam
1783 739 1815 762 nd
1839 747 1881 762 an.
1900 740 1959 762 1304
1979 741 2100 766 refertur,
2127 740 2202 771 quasi
2229 741 2303 772 Hugo

443 783 552 806 Aubriot
564 783 618 814 jam
631 787 691 806 tunc
705 783 829 814 temporis
840 783 1007 814 praepositus
1023 783 1106 806 Paris.
1125 783 1225 811 suisset,
1240 791 1298 805 cum
1315 786 1400 805 tumen
1416 783 1501 805 adhuc
1516 782 1648 805 Johannes
1664 782 1771 805 Bernier
1787 783 1869 805 officio
1885 783 2085 814 praepositurae
2101 784 2263 814 fungeretur.
2274 798 2305 802 —

443 829 464 850 5,
483 827 531 850 Ms-
548 835 552 850 z
568 838 581 848 ι(
595 828 713 850 Ambriot
728 837 748 850 ι),
767 841 797 844 ——
813 829 836 850 G.
852 827 909 850 Vid.
926 832 954 850 n⁰
972 828 1037 850 1337.
1051 841 1081 844 —
1095 828 1116 850 7.
1130 828 1177 850 Ms.
1192 835 1196 849 z
1215 836 1228 847 α
1243 827 1363 850 Fratrum
1379 827 1594 850 Bernadistarum
1609 837 1631 849 ».
1647 841 1671 844 -—
1689 828 1711 849 8.
1728 828 1763 850 Dc
1777 835 1827 858 quo
1847 835 1928 858 supra
1949 831 1976 850 n⁰
1992 827 2060 854 1305,
2077 828 2121 851 ubi
2138 836 2149 851 t(
2163 829 2195 851 de
2209 829 2303 852 Hcsdi-

444 871 486 894 nio
500 880 520 894 ›).

449 1017 587 1053 1337.
611 1026 702 1050 Novus
716 1025 899 1060 praepositas
915 1026 1021 1059 Paris„
1039 1027 1120 1059 Hugo
1136 1025 1265 1059 Aubriot,
1283 1025 1397 1051 solitum
1408 1026 1602 1060 juramentum
1614 1028 1759 1061 praestat.

1626 1122 1702 1149 1367,
1719 1120 1835 1147 Octobris
1850 1121 1887 1151 10,
1905 1121 2018 1147 Parisiis.

531 1220 570 1250 ln
592 1218 737 1250 nomine
760 1218 916 1259 Domini,
936 1230 1051 1250 amen.
1075 1219 1190 1262 Hujus
1212 1225 1337 1250 tenore
1359 1217 1541 1262 presentis
1562 1218 1796 1250 instrumenti
1817 1218 1957 1251 cunctis
1980 1225 2097 1263 pateat
2116 1218 2305 1252 evidenter

442 1285 539 1330 quod
566 1297 658 1317 anno
688 1284 888 1317 Nativitatis
916 1285 1077 1328 ejusdem
1113 1285 1256 1317 Domini
1288 1284 1481 1317 millesimo
1509 1285 1615 1318 CCC⁰
1641 1285 1868 1329 sexagesimo
1899 1285 2067 1330 septimo,
2099 1285 2304 1318 indiccione

442 1353 573 1391 sexta¹,
605 1351 742 1384 mensis
773 1351 942 1384 Octobris
978 1351 1035 1383 die
1070 1351 1222 1390 decima,
1256 1351 1349 1383 circa
1386 1351 1508 1383 horam
1547 1351 1707 1392 terciam,
1742 1351 1972 1396 pontificatus
2010 1352 2231 1385 sanctissimi
2268 1352 2306 1384 in

442 1418 586 1452 Christo
610 1418 719 1462 patris
740 1430 778 1450 ac
796 1418 933 1450 domiui
955 1418 1069 1450 nostri
1091 1418 1227 1451 domini
1246 1415 1381 1451 Urbani
1403 1418 1523 1451 divina
1545 1418 1778 1463 providencia
1800 1431 1890 1463 pape
1912 1419 2028 1463 quinti
2049 1431 2143 1451 anno
2164 1419 2304 1464 quinto,

441 1485 477 1517 in
508 1485 576 1517 mei
605 1484 740 1529 publici
768 1484 898 1516 notarii
929 1491 962 1517 et
997 1485 1139 1517 testium
1173 1484 1462 1529 subscriptorum
1495 1485 1696 1529 presencia,
1719 1485 1920 1518 astantibus
1947 1485 1984 1518 in
2014 1486 2174 1530 prioratu
2205 1486 2306 1519 Beati

442 1551 615 1583 Bernardi
644 1551 754 1583 Paris.
778 1551 930 1583 Cisterc.
953 1550 1040 1583 Ord.
1067 1551 1246 1593 (videlicet
1272 1551 1308 1583 in
1336 1551 1416 1583 loco
1438 1563 1509 1596 quo
1538 1551 1702 1597 religiosi
1729 1552 1828 1596 prior
1849 1559 1884 1585 et
1910 1558 2112 1585 conventus
2139 1552 2304 1597 ejusdem

441 1618 621 1662 prioratus
651 1617 844 1662 capitulum
877 1629 979 1650 suum
1017 1624 1140 1650 tencre
1176 1619 1457 1661 consueverunt)
1494 1618 1706 1651 reverendis
1737 1619 1895 1652 dominis
1926 1625 1962 1652 et
1995 1619 2179 1664 magistris
2213 1619 2304 1652 meis

440 1685 596 1717 Arnesto
625 1684 668 1716 de
695 1684 883 1716 Hollandia
906 1691 1045 1717 rectore
1072 1691 1104 1717 et
1134 1684 1300 1729 pluribus
1326 1685 1407 1718 aliis
1428 1685 1613 1730 magistris
1635 1692 1668 1718 et
1690 1685 1894 1719 scolaribus
1914 1686 2169 1719 Universitatis
2190 1686 2302 1719 Paris.

439 1750 572 1783 ibidem
591 1763 668 1783 cum
691 1763 817 1795 magna
836 1751 1064 1783 multitudine
1082 1752 1315 1796 congregatis
1332 1764 1375 1784 ex
1396 1764 1465 1784 una
1487 1759 1598 1796 parte,
1618 1759 1652 1785 et
1673 1751 1787 1785 nobili
1809 1764 1847 1785 ac
1866 1753 2034 1797 prudenti
2050 1753 2128 1786 viro
2151 1754 2304 1798 Hugone

439 1817 604 1850 Aubrioti
647 1818 829 1862 preposito
872 1818 1102 1858 Parisiensi²,
1141 1818 1418 1863 quampluribus
1459 1818 1643 1863 peditibus
1680 1818 1920 1852 illustrissimi
1955 1819 2130 1864 principis
2166 1819 2305 1853 domini

439 1883 562 1916 Karoli
591 1884 655 1916 Dei
686 1884 804 1928 gracia
834 1885 1049 1917 Francorum
1073 1885 1185 1929 regis,
1208 1885 1243 1916 in
1272 1886 1351 1929 ejus
1379 1884 1575 1918 Castelleto
1607 1885 1804 1918 parisiensi
1834 1885 2094 1928 servientibus,
2120 1898 2201 1919 cum
2231 1898 2304 1919 non

439 1950 580 1983 modico
607 1962 757 1983 numero
779 1951 914 1983 sociato
936 1963 978 1983 ex
1000 1957 1098 1995 parte
1121 1951 1243 1992 altera,
1267 1951 1385 1984 dictus
1407 1952 1616 1997 prepositus
1636 1954 1732 1997 (post
1759 1952 1932 1985 lecturam
1954 1952 2134 1985 dictorum
2158 1952 2303 1998 privile·
2344 1996 2346 2000 V

437 2017 578 2061 giorum
602 2017 774 2060 predictis
797 2018 939 2052 rectori.
964 2018 1147 2062 magistris
1175 2025 1210 2050 et
1235 2018 1440 2051 scolaribus
1466 2030 1531 2063 per
1558 2019 1694 2064 regiam
1718 2020 1938 2063 majestatem
1970 2031 2243 2061 concessorum,
2266 2019 2303 2052 in

439 2082 653 2127 quibusdam
676 2084 843 2128 registris
864 2084 1022 2128 antiquis
1048 2085 1194 2129 scriptis
1224 2085 1260 2117 in
1282 2084 1404 2117 verbis
1426 2085 1547 2118 latinis
1576 2092 1611 2118 et
1641 2085 1677 2117 in
1704 2097 1786 2118 cera
1812 2086 1920 2118 viridi
1949 2098 2029 2118 cum
2059 2085 2130 2118 filis
2150 2085 2302 2119 cericeis

439 2149 607 2193 sigillatis
624 2149 753 2181 litteris
771 2150 986 2194 scriptorum
1006 2157 1040 2183 et
1059 2157 1326 2192 contentorum,
1348 2163 1412 2196 per
1431 2151 1675 2184 venerabilem
1698 2158 1733 2184 et
1753 2152 1944 2185 discretam
1967 2164 2172 2197 personam,
2191 2151 2302 2185 domi-

439 2227 521 2246 num
539 2215 736 2247 Johannem
755 2216 798 2248 de
820 2216 1003 2249 Leonibus
1021 2217 1286 2262 presbyterum,
1305 2218 1469 2251 nacionis
1490 2218 1685 2250 Normanie
1706 2218 1913 2251 scollarium
1932 2218 2026 2252 dicte
2044 2218 2303 2251 Universitatis

438 2280 633 2322 bedellum,
658 2281 800 2325 publice
830 2289 864 2314 et
893 2283 959 2315 alta
990 2295 1076 2316 voce
1106 2284 1232 2316 saetam
1261 2290 1296 2316 et
1325 2284 1552 2329 completam⁷
1582 2285 1672 2317 sacta
1702 2284 1803 2329 prius
1834 2296 1944 2330 super
1973 2285 2041 2318 hoc
2071 2297 2136 2330 per
2165 2284 2300 2318 dictum

439 2347 622 2379 dominum
646 2354 819 2380 rectorem
843 2361 907 2393 pro
929 2349 1021 2382 dicta
1043 2351 1286 2383 Universitate
1308 2351 1554 2384 summacione
1575 2351 1671 2384 dicto
1695 2352 1882 2396 preposito
1903 2351 2109 2397 diligenter)
2131 2358 2301 2385 contenta

437 2413 474 2444 in
495 2413 603 2445 certis
630 2413 802 2446 clausulis
833 2414 870 2446 in
899 2415 1049 2459 quadam
1080 2416 1207 2449 cedula
1238 2417 1447 2462 pergameni
1475 2429 1539 2462 per
1560 2417 1692 2450 dictum
1716 2418 1941 2462 prepositum
1964 2417 2070 2450 michi
2092 2417 2298 2463 subscripto

436 2480 574 2511 notario
597 2480 723 2512 tradita
745 2482 969 2526 transcriptis
990 2482 1045 2525 (de
1067 2483 1200 2526 quibus
1221 2495 1299 2516 cum
1323 2484 1496 2517 clausulis
1527 2484 1696 2529 paribus³
1718 2484 1755 2517 in
1782 2485 1889 2518 dictis
1921 2485 2032 2530 regiis
2060 2484 2191 2518 litteris
2212 2496 2299 2518 con-

437 2546 558 2587 tentis,
579 2547 735 2578 tenendo
758 2547 884 2579 dictam
908 2548 1084 2590 cedulam,
1107 2549 1191 2581 dum
1214 2550 1307 2582 dicte
1329 2550 1448 2583 littere
1473 2550 1697 2596 legerentur,
1720 2558 1758 2584 ut
1785 2558 1841 2584 est
1866 2551 2014 2593 dictum,
2042 2551 2110 2584 feci
2130 2551 2299 2584 collacio—

435 2624 517 2644 nem
539 2612 776 2655 dilligentem,
795 2615 898 2657 eujus
919 2615 1028 2647 eciam
1051 2616 1179 2648 cedule
1201 2623 1305 2649 tenor
1326 2617 1478 2650 inferius
1500 2625 1556 2650 est
1575 2618 1746 2661 insertus)
1764 2618 1874 2651 salvis
1895 2618 2108 2651 obediencia
2126 2625 2160 2650 et
2180 2624 2297 2651 aueto-

435 2678 537 2710 ritate
559 2678 641 2710 dicti
665 2679 800 2711 domini
822 2681 935 2712 nostri
959 2681 1070 2726 regis,
1092 2683 1290 2715 secundum
1314 2684 1480 2728 quidem⁶
1502 2684 1587 2717 dicti
1609 2685 1785 2729 prepositi
1807 2684 2098 2730 possibilitatem,
2116 2684 2242 2717 fraude
2263 2690 2299 2717 et

435 2744 518 2776 dolo
540 2745 781 2786 cessantibus,
799 2746 935 2790 absque
953 2754 1070 2779 tamen
1092 2749 1311 2792 prefatorum
1330 2750 1558 2783 dominorum
1581 2751 1746 2792 rectoris,
1768 2751 2023 2796 magistrorum
2047 2758 2082 2784 et
2101 2751 2296 2784 scolarium

434 2811 647 2855 prejudicio,
671 2818 793 2844 tenere
816 2820 850 2845 et
876 2813 1070 2846 observare
1094 2822 1184 2847 tacto
1213 2816 1305 2849 libro
1338 2817 1575 2862 solempniter
1590 2818 1739 2862 juravit,
1762 2829 1872 2862 super
1893 2818 2026 2862 quibus
2047 2818 2143 2851 idem
2165 2829 2296 2863 prepo-

433 2878 524 2910 situs
545 2878 648 2922 petiit
666 2890 684 2910 a
706 2890 760 2910 me
782 2879 859 2911 fieri
880 2879 1065 2923 publicum
1086 2881 1379 2915 instrumentum.

2481 3147 2488 3185 „hs
2476 3078 2488 3131 oms.
2473 2979 2488 3069 mma-2
