2488 3386
455 321 497 353 36
1030 326 1346 350 ann'rULAMUM
1381 324 1570 347 umvnns.
1607 324 1736 347 PARis.
2216 307 2316 344 [1354

456 403 547 436 simo
565 409 703 447 quarto.
721 423 764 426 ——
779 402 938 436 Collacio
959 402 1048 434 facta
1065 407 1120 433 est
1139 412 1218 433 cum
1241 399 1408 443 originali
1430 398 1559 432 tradito
1581 397 1828 437 Universitati‚
1847 396 1899 429 sic
1920 396 2062 440 signato
2082 406 2089 427 z
2106 395 2181 428 Per
2197 405 2314 438 regem

456 470 492 503 in
506 480 568 503 suo
583 469 731 502 consilio
745 468 915 502 sedentem
932 468 967 501 in
989 467 1231 507 Parlamento,

1304 525 1513 556 DYomqus.

533 571 609 594 Arch.
627 574 680 594 nat.
696 570 780 594 Paris.
796 570 888 593 xia-15
904 570 1015 600 (Juye's),
1034 569 1077 592 fol.
1095 569 1149 592 256.

534 654 556 678 1.
571 653 725 677 Guillelmus
742 653 834 678 Staise.
849 653 882 676 ab
897 661 939 676 an.
958 652 1026 680 1352,
1042 651 1116 675 Febr.
1135 651 1245 678 12-1359,
1259 651 1346 674 Martii
1364 652 1402 674 30.
1422 664 1448 668 —
1466 651 1488 674 2.
1507 650 1542 674 De
1560 650 1618 681 ipso
1635 649 1688 672 vid.
1705 656 1787 679 supra
1800 648 1825 671 in
1844 647 2025 671 instrumentis
2040 645 2268 678 praecedentibus.
2283 658 2312 662 —

456 698 478 721 3.
493 698 539 720 Ms.
558 706 562 720 :
581 706 592 720 (ι
608 698 677 729 quod
691 706 712 720 ›>.
728 711 754 715 -
770 698 794 720 le.
807 697 854 720 Ms.
872 697 932 719 add.
946 705 957 719 «
973 704 1020 727 per
1033 704 1055 719 υ.
1070 710 1097 714 -
1112 697 1133 718 5.
1151 695 1310 718 Armandum
1329 695 1359 717 do
1377 695 1504 726 Mayrani.
1524 694 1555 717 de
1570 702 1620 724 quo
1634 701 1716 724 supra
1732 693 1765 716 ud
1780 701 1822 716 nn.
1840 693 1908 720 1352,
1927 693 1994 723 Aug.
2010 692 2048 719 27,
2065 695 2093 713 n⁰
2109 690 2178 719 1210,
2191 693 2217 712 et
2230 698 2256 721 p.
2274 690 2311 713 25.

459 871 599 907 1224.
624 880 803 906 Innocentius
827 880 864 905 VI
876 879 1009 913 (Iohanni
1027 878 1062 904 de
1076 879 1194 912 Aciaco)
1211 878 1385 904 cancellario
1409 877 1579 911 Parisiensi,
1599 879 1629 902 ut
1647 875 1751 910 Egidio
1773 875 1809 901 de
1824 874 1946 909 Μαι-ἰαί,
1963 876 2088 908 fratrum
2109 873 2265 903 Predicat.,
2284 873 2313 899 in

545 928 687 963 theologia
704 928 882 961 baccalareo,
910 928 959 962 qui
981 928 1009 953 in
1024 927 1185 953 Parisiensi
1200 926 1295 952 studio
1316 926 1440 952 Bibliam
1465 934 1519 961 per·
1537 925 1609 950 duos
1630 933 1722 950 annos
1747 923 1815 958 legit
1838 927 1865 949 et
1890 923 2053 949 Sententias
2078 930 2153 948 more
2174 921 2311 947 baccala-

542 985 651 1002 reorum
667 977 760 1002 Paris.
779 977 892 1012 incepit,
911 976 1083 1001 continuavit
1099 979 1126 1001 et
1139 975 1284 1011 complevit
1300 978 1463 1009 ceterosque
1479 977 1561 999 actus
1576 972 1765 998 scholasticos
1785 973 1814 998 in
1832 971 1929 997 eodem
1944 971 2106 996 Parisiensi
2118 970 2213 996 studio
2229 979 2311 996 exer·—

543 1025 608 1058 cuit,
626 1025 652 1050 si
663 1034 715 1061 per
730 1025 969 1051 examinationem
984 1024 1126 1057 sufficiens
1146 1027 1274 1059 repertus
1290 1022 1442 1057 exstiterit,
1461 1022 1656 1057 magisterium
1673 1022 1701 1047 in
1717 1020 1862 1054 theologia
1876 1020 1993 1046 tribuat.
2010 1020 2075 1046 Dat.
2092 1019 2233 1046 Avinione
2246 1019 2312 1045 idus

541 1074 709 1102 decembris.
723 1081 801 1099 anno
816 1073 952 1100 secundo*
971 1083 983 1096 «
997 1072 1057 1098 Viri
1070 1080 1147 1099 sacre
1157 1072 1286 1099 lectionis
1299 1082 1324 1097 n.

1592 1119 1667 1148 7354,
1682 1118 1828 1144 oecembris
1845 1118 1880 1147 13,
1896 1117 2025 1144 Λνοηίοηε.

530 1179 592 1209 ch.
610 1179 667 1202 Vat.
684 1179 763 1202 Aven.
781 1178 924 1201 Innocentii
938 1178 979 1206 Vl,
997 1178 1049 1201 vol.
1064 1178 1105 1206 Vl,
1124 1178 1168 1200 fol.
1186 1178 1257 1201 5401‘.

504 1274 507 1276 >
528 1261 550 1285 1.
568 1261 595 1283 In
614 1261 703 1285 catal.
718 1261 923 1290 mayistrorum
946 1260 1058 1290 (Archiv
1079 1261 1100 1289 f.
1122 1261 1292 1284 Litteratur-
1313 1266 1343 1284 u.
1360 1260 1587 1289 Kirchengyesch„
1610 1260 1642 1288 ΙΙ,
1664 1259 1718 1289 224,
1739 1263 1768 1281 n0
1787 1259 1838 1289 143)
1859 1258 1955 1281 dicitur
1974 1257 2158 1289 magisterium
2179 1257 2311 1288 recepiue

451 1304 558 1328 Parisiis
575 1313 617 1328 un.
632 1304 700 1331 1³55,
715 1306 761 1327 ser.
778 1305 792 1327 6
807 1307 866 1327 ante
882 1305 1010 1333 Laetare,
1026 1304 1075 1327 hoc
1091 1308 1138 1333 est,
1155 1304 1241 1327 Martii
1258 1305 1295 1332 13,
1311 1304 1380 1335 quod
1394 1304 1491 1335 optime
1507 1312 1565 1327 cum
1584 1312 1665 1335 supra
1680 1303 1770 1326 relatis
1787 1303 1916 1334 congruit.
1933 1302 2038 1325 Minime
2056 1310 2118 1334 ergo
2133 1310 2193 1325 cum
2209 1301 2311 1325 Echurd

446 1349 559 1379 (Script.
580 1349 644 1372 ord.
659 1349 769 1376 Praed„
783 1348 802 1375 1,
815 1349 870 1377 664)
886 1348 1087 1376 concedendum,
1100 1348 1142 1371 hic
1158 1348 1242 1371 notari
1258 1348 1348 1371 stilum
1364 1348 1538 1377 Gallicanum,
1555 1356 1606 1371 sec.
1623 1356 1719 1371 novum
1736 1355 1778 1370 an.
1796 1347 1866 1370 1356.

457 1526 597 1563 1225.
621 1535 799 1560 Innocentius
821 1534 999 1570 lerolzibet
1013 1543 1047 1561 ne
1061 1537 1169 1569 fratres
1184 1536 1301 1561 Eremit.
1321 1537 1347 1561 S.
1366 1536 1485 1570 August.
1504 1536 1532 1561 in
1551 1534 1619 1561 aliis
1642 1534 1712 1560 locis
1730 1539 1848 1571 praeter·
1866 1534 2008 1568 Parisios,
2033 1534 2182 1568 Oxoniam,
2203 1534 2310 1559 Canta—

542 1583 662 1618 brigiam
678 1583 871 1618 magisterium
886 1583 914 1608 in
930 1583 1072 1618 theologia
1087 1587 1210 1610 sumant.

1664 1633 1739 1662 7355,
1754 1632 1824 1658 duni]
1834 1633 1878 1662 22,
1893 1632 2024 1658 Ᾱνοηὶοηο.

542 1715 831 1748 Innocentius...
855 1715 910 1747 Ad
931 1721 1139 1759 perpetuam
1162 1715 1213 1748 rei
1234 1715 1454 1748 memoriam.
1483 1717 1580 1748 Inter
1601 1715 1912 1748 solicitudines....
1939 1716 2029 1749 Cum
2058 1715 2191 1760 itaque,
2217 1714 2312 1748 sicut

453 1781 577 1826 petitio
599 1781 811 1813 dilectorum
833 1781 989 1813 filiorum
1018 1807 1038 1813 ..
1066 1781 1198 1825 prioris
1225 1781 1427 1826 generalis¹
1455 1788 1490 1815 et
1513 1783 1661 1814 fratrum
1683 1782 1832 1815 Ordinis
1861 1782 2033 1815 Heremit.
2057 1782 2091 1814 S.
2113 1780 2311 1826 Augustini

453 1847 559 1880 nobis
580 1846 736 1879 exhibita
756 1846 974 1888 continebat,
993 1859 1035 1879 ex
1052 1859 1108 1887 eo,
1126 1847 1223 1891 quod
1245 1848 1281 1880 in
1298 1848 1513 1892 quibusdam
1535 1848 1615 1881 aliis
1632 1860 1650 1881 a
1667 1848 1877 1888 parisiensi,
1895 1848 2114 1881 Oxoniensi²
2132 1854 2166 1880 et
2182 1847 2311 1881 Canta-

452 1913 649 1957 bri[gi]e....
672 1912 889 1953 civitatibus,
913 1913 1043 1946 studiis
1063 1920 1098 1946 et
1114 1914 1418 1947 Universitatibus
1437 1926 1454 1947 a
1472 1914 1558 1947 sede
1575 1914 1772 1959 apostolica
1789 1926 1854 1959 per
1870 1914 1988 1959 ipsius
2005 1914 2104 1947 sedis
2121 1913 2312 1959 privilegia

452 1986 507 2012 est
527 1979 718 2020 indultum,
743 1985 781 2011 ut
801 1979 837 2011 in
858 1979 910 2011 eis
931 1991 996 2024 per
1014 1979 1217 2012 ordinarios
1243 1979 1405 2013 locorum
1427 1981 1463 2013 in
1485 1981 1577 2014 dicta
1598 1980 1764 2014 facultate
1786 1980 1994 2025 (theologie)
2016 1986 2051 2013 et
2077 1980 2208 2013 ceteris
2229 1979 2310 2013 aliis

452 2045 614 2078 scientiis
635 2045 696 2089 qui
723 2045 767 2077 ad
797 2044 863 2077 hoc
891 2052 1119 2090 acceptantur
1140 2045 1183 2078 ab
1204 2046 1294 2091 ipsis
1314 2046 1455 2079 valeant
1475 2047 1692 2092 magistrari,
1710 2046 1877 2079 nonnulli
1896 2047 2026 2079 fratres
2047 2046 2133 2079 dicti
2159 2045 2309 2079 Ordinis

453 2111 713 2144 Heremitarum
734 2111 846 2143 sancti
866 2111 1062 2154 Augustini
1091 2112 1209 2145 minus
1231 2112 1452 2145 sufficientes
1478 2120 1510 2145 et
1538 2113 1683 2158 ydonei,
1706 2125 1787 2158 ymo
1814 2113 1934 2158 potius
1960 2113 2102 2158 indigni
2127 2112 2171 2145 ad
2197 2112 2310 2157 magi-

452 2177 601 2210 sterium
622 2177 659 2209 in
679 2177 845 2209 facultate
872 2177 1079 2221 hujusmodi
1101 2178 1356 2211 assumendum
1379 2190 1418 2211 se
1445 2179 1481 2211 in
1508 2179 1717 2223 hujusmodi
1743 2179 1823 2212 aliis
1844 2178 2064 2219 civitatibus,
2091 2178 2223 2211 studiis
2243 2189 2308 2211 seu

453 2242 756 2276 Universitatibus
787 2255 850 2287 per
874 2243 1056 2287 predictos
1078 2244 1281 2277 ordinarios
1303 2256 1366 2277 seu
1389 2245 1619 2289 presidentes
1647 2252 1771 2278 contra
1798 2244 2084 2278 consuetudines
2113 2250 2148 2276 et
2179 2250 2309 2277 statuta

451 2309 566 2353 ipsius
592 2309 796 2341 Ordinis...
827 2309 1039 2353 plerumque
1070 2310 1272 2355 magistrari
1301 2317 1496 2355 procurant
1522 2317 1557 2343 et
1580 2312 1653 2354 jam
1675 2311 1820 2355 quidam
1846 2311 1951 2343 etiam
1982 2316 2236 2355 procurarunt,
2270 2316 2310 2343 ut

451 2374 584 2419 gratias
611 2381 646 2407 et
674 2375 920 2419 exemptiones
948 2387 1012 2408 seu
1040 2375 1224 2408 libertates
1252 2388 1445 2409 concessas
1475 2376 1555 2409 aliis
1586 2377 1769 2421 magistris
1803 2377 1998 2409 Parisiens.
2031 2388 2096 2421 per
2124 2375 2309 2420 generalia

451 2440 613 2485 Capitula
634 2440 719 2473 dicti
741 2440 888 2473 Ordinis
919 2440 988 2473 sibi
1018 2449 1195 2486 usurpent
1223 2442 1384 2475 indebite
1411 2449 1446 2475 et
1474 2443 1662 2487 acquirant
1686 2449 1721 2475 et
1750 2449 1873 2475 contra
1901 2442 2036 2474 bonum
2057 2448 2092 2474 et
2119 2441 2308 2487 pacificum

452 2513 580 2539 statum
602 2506 686 2538 dicti
708 2506 855 2539 Ordinis
884 2513 918 2539 et
944 2507 1150 2540 scandalum
1180 2507 1416 2552 plurimorum
1443 2520 1450 2540 ε
1478 2520 1545 2541 nos
1565 2508 1730 2541 volentes
1751 2520 1862 2553 super
1882 2508 1951 2541 hoc
1978 2514 2125 2552 paterna
2147 2507 2308 2540 solicitu-

452 2572 535 2604 dine
557 2572 747 2616 providere
768 2572 928 2616 ipsorum
958 2573 1089 2617 prioris
1110 2580 1145 2606 et
1170 2573 1316 2606 fratrum
1340 2574 1667 2618 supplicationibus
1695 2574 1858 2606 inclinati
1878 2573 2088 2606 auctoritate
2110 2572 2309 2618 apostolica

452 2644 576 2670 tenore
604 2638 826 2682 presentium
853 2638 1052 2671 districtius
1082 2639 1288 2671 inhibemus
1319 2651 1363 2671 ne
1392 2640 1560 2672 decetero
1590 2640 1721 2684 aliquis
1753 2640 1862 2672 frater
1891 2640 1976 2672 dicti
2003 2639 2152 2672 Ordinis
2182 2639 2309 2684 vigore

452 2703 723 2749 privilegiorum
741 2704 949 2748 hujusmodi
965 2705 1000 2736 in
1021 2705 1202 2749 aliquibus
1223 2705 1303 2738 aliis
1325 2705 1541 2747 civitatibus,
1560 2706 1691 2739 studiis
1708 2718 1773 2739 seu
1795 2705 2102 2739 Universitatibus
2119 2705 2190 2737 nisi
2208 2705 2310 2737 dum-

452 2776 545 2802 taxat
564 2770 600 2802 in
622 2770 830 2811 Parisiensi,
853 2770 1051 2803 Oxoniensi
1073 2778 1106 2803 et
1127 2771 1382 2816 Cantabri[gi]e
1406 2772 1536 2804 studiis
1558 2772 1743 2816 predictis,
1761 2772 1803 2804 ad
1825 2784 1894 2816 que
1910 2772 2040 2804 fratres
2057 2771 2143 2804 dicti
2160 2771 2310 2804 Ordinis

451 2835 660 2868 licentiandi
691 2836 727 2867 in
755 2836 988 2880 generalibus
1010 2837 1186 2881 Capitulis
1212 2838 1358 2869 fratrum
1388 2837 1473 2870 dicti
1500 2837 1649 2870 Ordinis
1675 2838 1905 2883 deputantur,
1923 2837 2057 2871 valeat³
2082 2837 2118 2869 in
2144 2836 2310 2869 facultate
