2488 3386
205 301 301 337 1389]
629 314 675 335 AB
709 313 815 335 ANNo
850 313 982 335 MCCCL
1015 313 1146 341 USQUE
1182 314 1229 335 ΑΒ
1265 314 1528 336 ΒΕΝΕῡιοΤυΜ
1563 316 1652 337 xm.
2000 308 2064 341 479

207 425 347 462 1549.
370 434 547 460 Deliberatio
573 434 771 460 Universitatis
791 435 887 459 Paris.
909 434 944 459 de
965 433 1150 459 observandis
1171 433 1293 459 decretis
1314 434 1421 459 Urbani
1442 436 1465 460 V
1480 435 1576 469 quoad
1597 435 1780 462 baccalareos
1800 438 1828 462 in
1844 437 1995 471 theologia.
2015 438 2065 472 qui

289 487 354 519 post
370 483 507 509 lecturam
523 484 733 509 Sententiarmn
747 491 800 518 per
815 483 1038 518 quinquennium
1052 483 1080 508 in
1096 482 1191 508 studio
1207 483 1301 509 Paris.
1320 486 1399 508 stare
1415 487 1553 509 tenentur.

1411 568 1486 596 7389.
1504 568 1594 599 Aprilis
1608 569 1651 598 30,
1666 569 1779 595 Parisiis.

292 653 331 684 In
354 651 499 684 nomine
521 651 679 692 Domini,
702 662 818 683 anien.
841 651 946 682 Anno
968 649 1011 682 ab
1041 650 1291 682 lncarnatione
1314 650 1476 694 ejusdem
1503 651 1647 683 Domini
1674 651 1866 685 millesimo
1887 659 2065 686 trecente-

201 718 293 751 simo
315 717 562 762 octuagesimo
585 728 694 758 nono,
717 716 915 749 indictione
937 716 1165 757 duodecima,
1183 717 1319 749 mensis
1341 716 1455 761 April.
1476 717 1532 749 die
1555 716 1690 758 ultima⁷
1714 718 1942 762 pontificatus
1964 731 2064 752 sanc-

202 784 332 817 tissimi
353 784 389 816 in
411 783 556 817 Christo
578 784 689 828 patris
712 790 746 816 et
775 783 912 815 domini
940 783 1056 815 nostri
1082 783 1219 815 domini
1245 783 1444 816 Clementis
1475 783 1595 815 divina
1627 784 1858 827 providencia
1888 797 1977 829 pape
1997 787 2062 818 Vll

200 862 294 883 anno
324 850 532 891 undecimo,
560 850 597 882 in
630 850 915 895 congregatione
947 849 1110 894 generali
1138 850 1392 882 Universitatis
1421 850 1531 882 studii
1562 850 1674 883 Paris.
1706 851 1907 895 regentium
1934 858 1969 884 et
1993 864 2065 884 non

200 917 402 962 regentium
421 924 456 950 et
472 918 791 962 perjuramentum
809 916 988 949 celebrata
1005 916 1099 961 apud
1118 917 1152 949 S.
1172 916 1389 949 Maturinum
1408 916 1567 949 Parisius
1585 916 1671 949 hora
1690 917 1802 961 prime
1821 918 1854 949 S.
1873 918 2008 959 Jacobi,
2028 919 2063 950 in

200 983 269 1016 mei
290 984 421 1016 notarii
442 983 578 1028 publici
599 990 634 1016 et
654 984 798 1016 testium
820 983 1133 1027 infrascriptorum
1155 983 1198 1015 ad
1220 983 1448 1027 infrascripta
1468 990 1675 1016 vocatorum
1701 990 1735 1015 et
1756 990 1961 1028 rogatorum
1984 996 2063 1029 pre-

198 1051 314 1083 sentia
333 1050 575 1095 personaliter
591 1050 810 1083 constitutus
831 1050 886 1083 vir
906 1049 1126 1083 venerabilis
1148 1056 1183 1082 et
1203 1049 1383 1082 discretus
1405 1061 1497 1094 mag.
1521 1062 1559 1082 ae
1581 1050 1750 1082 dominus
1771 1062 1864 1095 mag.
1884 1050 2064 1083 Robertus

198 1117 357 1159 Cardon,
379 1124 499 1150 rector
524 1117 779 1150 Universitatis
806 1116 916 1149 studii
942 1116 1175 1153 parisiensis,
1202 1116 1393 1161 proposuit
1422 1116 1459 1148 in
1484 1116 1645 1161 predicta
1672 1117 1955 1161 congregatione
1982 1118 2065 1150 arti-

200 1183 302 1217 culos
324 1190 521 1228 sequentes
540 1195 546 1216 :

287 1250 429 1283 Primus
450 1250 517 1283 fuit
536 1262 647 1295 super
667 1249 849 1294 aliquibus
872 1249 1105 1294 tangentibus
1127 1249 1317 1294 privilegia
1337 1250 1605 1290 Universitatis,
1624 1262 1662 1282 ac
1684 1250 1787 1282 etiam
1811 1262 1920 1295 super
1941 1250 2065 1295 aliqui-

197 1316 266 1350 bus
294 1316 338 1350 de
369 1328 462 1349 novo
492 1316 777 1361 emergentibus.
808 1302 922 1359 Quem
953 1316 1143 1348 articulum
1175 1316 1370 1348 declaravit
1397 1322 1502 1360 atque
1533 1316 1755 1360 specificavit
1784 1316 1937 1348 (licendo
1967 1317 2064 1361 quod

196 1383 424 1416 intellexerat
443 1390 478 1416 et
499 1383 672 1424 audierat,
692 1383 789 1428 quod
811 1395 905 1415 unus
926 1383 1133 1415 nominatus
1156 1394 1247 1427 mag.
1270 1382 1453 1415 Johannes
1475 1383 1745 1415 Courtecouxe¹
1766 1382 1921 1415 debebat
1943 1383 2064 1415 iinme-

197 1450 291 1483 diate
312 1450 348 1483 in
370 1450 496 1495 primis
517 1451 648 1483 Nostre
670 1450 823 1482 Domine
849 1450 1027 1482 licentiari
1053 1450 1090 1482 in
1112 1449 1294 1494 theologia
1316 1461 1380 1494 per
1401 1449 1498 1482 dom⁴
1521 1449 1774 1481 cancellarium
1797 1449 1951 1481 ecclesie
1972 1450 2064 1482 Pari-

196 1516 364 1550 siensis².

282 1583 472 1616 Secundus
493 1576 667 1616 articulus
689 1583 755 1615 fuit
775 1595 886 1628 super
907 1582 1235 1627 supplicationibus
1257 1589 1292 1615 et
1312 1582 1468 1626 injuriis.

284 1650 426 1693 Quibus
447 1650 499 1683 sic
521 1650 719 1694 propositis
741 1662 805 1694 per
822 1650 917 1682 dom.
940 1656 1115 1682 rectorem
1139 1649 1354 1694 predictum,
1372 1649 1559 1682 facultates
1577 1656 1610 1681 et
1631 1649 1796 1682 nationes
1818 1661 1857 1682 se
1878 1657 2063 1682 traxerunt

195 1716 239 1749 ad
260 1723 410 1761 partem,
428 1723 536 1761 prout
556 1723 769 1749 consuetum
793 1723 847 1749 est
868 1716 946 1749 fieri
968 1716 1004 1748 in
1026 1715 1170 1748 talibus.
1194 1715 1335 1758 Quibus
1357 1716 1408 1748 sic
1429 1716 1473 1748 ad
1494 1722 1629 1760 partem
1650 1715 1880 1749 facultatibus
1897 1723 1932 1749 et
1952 1717 2061 1749 natio-

196 1782 304 1816 nibus
324 1784 502 1824 retractis⁷
521 1790 559 1816 ut
578 1783 673 1815 inter
688 1795 727 1816 se
749 1783 993 1816 deliberarent
1015 1783 1101 1827 quid
1122 1782 1301 1828 agendum
1325 1789 1435 1824 esset⁷
1459 1789 1494 1815 et
1514 1782 1656 1815 deinum
1675 1783 1718 1815 ad
1739 1783 1892 1815 invicem
1913 1783 2060 1815 insimul

195 1850 440 1895 congregatis,
470 1850 536 1882 fuit
568 1849 805 1882 deliberatum
835 1862 899 1894 per
927 1856 1000 1882 tres
1030 1849 1231 1890 facultates,
1258 1849 1428 1882 videlicet
1453 1861 1517 1893 per
1545 1848 1748 1881 facultatem
1778 1849 1974 1894 theologie,
1996 1861 2061 1894 per

194 1916 397 1949 facultatem
420 1916 649 1948 decretorum
672 1922 706 1948 et
733 1916 838 1948 etiam
860 1916 1039 1949 medicine
1066 1923 1101 1948 et
1130 1928 1194 1960 per
1221 1922 1294 1948 tres
1321 1916 1485 1948 nationes
1515 1915 1692 1948 facultatis
1722 1916 1863 1956 artium,
1890 1915 2060 1948 videlicet

194 1983 371 2024 Picardie,
400 1983 594 2015 Normanie
622 1989 657 2015 et
681 1982 826 2027 Anglie⁷
856 1989 891 2015 et
919 1995 982 2027 per
1008 1994 1239 2027 consequens
1269 1994 1333 2027 per
1360 1989 1467 2015 totam
1494 1982 1787 2023 Universstatem,
1814 1982 1910 2026 quod
1940 1982 2059 2026 quoad

193 2049 414 2082 baccalarios
435 2049 472 2081 in
495 2049 676 2094 theologia
697 2049 938 2081 licentiandos
960 2056 1165 2082 servaretur
1187 2055 1356 2093 punctum
1379 2061 1442 2081 seu
1469 2055 1639 2081 statutum
1661 2048 1719 2081 bo.
1743 2060 1810 2080 ine.
1835 2048 1970 2081 Urbani
1990 2049 2055 2089 V³⁷

193 2117 362 2161 adjuncto
385 2122 516 2149 statuto
543 2122 577 2148 et
605 2115 847 2148 declaratione
868 2116 957 2148 sacta
979 2127 1042 2160 per
1063 2115 1264 2148 facultatem
1295 2115 1512 2159 theologie&
1536 2116 1690 2159 Insuper
1713 2115 1816 2147 etiam
1839 2114 1936 2159 quod
1963 2114 2057 2146 inhi-

193 2183 341 2216 beretur
362 2183 458 2215 dicto
480 2195 572 2227 mag.
595 2182 749 2215 Johanni
771 2183 1036 2222 Courtecouxe,
1056 2182 1086 2214 si
1107 2182 1260 2226 reperiri
1282 2188 1418 2226 posset,
1442 2181 1537 2225 quod
1559 2181 1739 2213 licentiam
1763 2193 1781 2213 a
1803 2181 1898 2213 dom.
1918 2181 2057 2213 cancel-

192 2250 282 2283 lario
303 2262 376 2282 non
398 2250 577 2294 reciperet
604 2249 671 2281 sub
694 2249 791 2281 omni
813 2261 917 2293 pena„
940 2255 975 2281 et
999 2248 1206 2293 specialiter
1226 2248 1294 2280 sub
1320 2260 1411 2293 pena
1432 2254 1599 2280 contenta
1626 2247 1662 2279 in
1687 2254 1818 2280 statuto
1841 2254 1875 2280 et
1900 2247 2057 2280 declara-

193 2317 291 2350 tione
312 2316 415 2349 factis
437 2328 500 2361 per
520 2315 721 2348 facultatem
744 2315 941 2360 theologie.
960 2315 1065 2358 Quod
1087 2315 1231 2359 quidem
1255 2321 1426 2359 punctum
1448 2326 1512 2347 seu
1534 2320 1704 2346 statutum
1732 2325 1797 2346 seu
1825 2313 2057 2358 privilegium

193 2383 252 2416 bo.
274 2395 343 2416 me.
366 2382 503 2416 Urbani
524 2384 555 2416 V
576 2382 794 2415 declaratum
816 2388 850 2414 et
871 2382 1115 2426 specificatum
1139 2393 1202 2426 per
1222 2381 1424 2414 facultatem
1447 2380 1631 2425 theologie
1653 2380 1720 2413 tale
1742 2387 1822 2413 est:

282 2465 297 2481 «
320 2450 411 2492 Quia
431 2449 622 2482 baccalarii
649 2456 731 2494 post
757 2449 928 2481 lecturam
953 2449 1217 2481 Sententiarum
1245 2460 1284 2480 se
1308 2447 1498 2480 absentare
1520 2453 1789 2480 consueverunt
1814 2459 1831 2479 a
1854 2447 1938 2480 villa
1959 2447 2056 2480 Pari-

192 2517 318 2558 siensi,
337 2516 434 2561 quod
455 2516 552 2549 cedit
572 2516 607 2548 in
630 2516 883 2549 detrimentum
903 2522 938 2547 et
958 2515 1246 2560 deturpationem
1264 2514 1362 2547 scole
1385 2526 1456 2546 non
1477 2514 1671 2553 modicum,
1690 2513 1766 2546 vult
1785 2513 1934 2546 facultas
1956 2513 2056 2546 theo-

192 2583 303 2629 logie,
321 2583 418 2628 quod
440 2583 558 2627 quoad
579 2582 646 2615 hoc
669 2589 833 2615 teneatur
854 2588 1023 2614 statutum
1046 2582 1178 2614 summi
1199 2581 1381 2626 pontificis
1402 2580 1488 2613 alibi
1510 2592 1735 2625 expressum⁷
1754 2579 1815 2612 ubi
1837 2580 1888 2612 sic
1911 2580 2053 2621 dicitur7

192 2650 289 2695 quod
319 2649 529 2682 baccalarii⁵
560 2649 621 2694 qui
648 2649 852 2682 Sententias
878 2649 1047 2694 legerint⁷
1075 2648 1106 2681 si
1131 2648 1281 2693 gradum
1314 2647 1479 2680 obtinere
1509 2647 1730 2687 desiderant,
1753 2653 1847 2679 stare
1873 2647 1908 2678 in
1935 2646 2054 2679 studio

192 2723 353 2761 tempore
382 2716 489 2749 solito
520 2716 614 2748 inter
643 2716 815 2748 lecturam
848 2722 883 2748 et
916 2715 1165 2760 magisterium
1195 2714 1410 2746 intermedio
1442 2720 1644 2753 teneantur,
1674 2719 1712 2745 ut
1737 2724 1860 2745 eorum
1892 2713 2053 2753 scientia,

192 2794 326 2824 mores⁷
345 2789 379 2815 et
394 2783 464 2816 vita
481 2783 616 2815 certius
636 2782 931 2827 comprobentur.
954 2783 1021 2814 Per
1038 2788 1180 2826 tempus
1196 2787 1313 2813 autem
1335 2780 1480 2813 solitum
1503 2779 1720 2823 intelligitur
1736 2785 1877 2823 tempus
1895 2779 2052 2822 quinque

192 2861 386 2890 annorum,
418 2849 522 2881 annis
552 2848 690 2881 lecture
723 2849 987 2881 Sententiarum
1020 2860 1058 2880 ac
1089 2847 1192 2880 etiam
1226 2846 1371 2880 licentie
1401 2846 1628 2890 computatis.
1658 2845 1763 2886 Quod
1793 2845 1823 2877 si
1858 2844 2051 2888 presentati
