2488 3386
437 328 500 360 552
1015 336 1331 359 CHARTULAMUM
1367 335 1556 357 umvsas.
1593 334 1722 356 rmus.
2027 317 2029 319 ¹
2204 321 2303 358 [1378

1170 446 1233 477 DE
1270 444 1572 478 SCHISMATE

1077 529 1207 559 (Continet
1222 533 1260 552 n0¹
1277 529 1423 558 1605-1695,
1440 537 1483 551 an.
1500 529 1657 558 1378—1394.)

530 600 730 624 Reservavimus
746 600 773 623 in
787 601 864 623 finem
878 608 943 632 quae
955 600 1119 624 Universitas
1134 600 1229 629 Paris.,
1241 599 1388 623 Schismate
1401 600 1519 625 durante.
1535 607 1618 630 usque
1628 599 1661 622 ad
1674 602 1785 622 mortem
1799 598 1941 622 Clementis
1952 599 1998 621 V11
2007 598 2071 629 egit.
2085 599 2121 621 Ea
2134 598 2213 621 etiam
2225 600 2301 624 sacta.

437 644 544 676 majoris
557 648 659 667 tantum
672 645 805 673 momenti,
818 653 884 676 quae
899 645 926 667 in
942 644 1072 676 superiori
1086 648 1161 675 parte
1174 644 1229 675 jam
1244 647 1314 667 tacta
1330 647 1391 667 sunt
1405 647 1431 667 et
1443 643 1563 668 Schisma
1577 643 1732 674 respiciunt,
1748 646 1794 666 aut
1810 642 1836 665 in
1853 642 1988 667 Aue-cario
2001 642 2182 667 Chartularii
2192 643 2202 666 Ῑ
2213 643 2303 674 legun-

437 692 488 718 tur,
503 697 551 720 per
566 689 672 712 modum
687 692 851 720 regestorum
866 689 1035 712 inseruimus.
1052 689 1107 712 Non
1123 697 1190 720 opus
1208 691 1247 712 est
1258 688 1303 711 illa
1319 688 1414 712 iterum
1428 688 1453 711 in
1465 687 1562 713 Indice
1576 688 1679 711 afferre.
1694 687 1862 711 Abstinemus
1881 687 1961 710 verba
1984 688 2068 710 facere
2088 687 2120 710 de
2136 687 2301 716 tractatibus,

438 733 481 764 qui
497 741 542 756 nec
557 733 591 756 ab
607 733 784 757 Universitate
800 733 902 764 scripti,
920 741 966 756 nec
981 734 1014 756 ad
1027 741 1085 756 eam
1101 736 1171 756 certo
1187 733 1264 756 modo
1279 733 1404 756 destinati
1422 736 1497 756 erant
1511 733 1552 756 vel
1567 735 1751 764 pervenerant.

531 777 614 805 Quam
631 786 772 809 personam
794 778 959 801 Universitas
981 777 1064 801 Paris.
1084 777 1204 808 gesserit,
1222 785 1252 800 ex
1276 777 1335 808 ipsa
1356 777 1573 800 documentorum
1593 779 1619 800 et
1633 779 1769 808 gestorum
1789 776 1865 804 serie,
1883 783 1935 807 qua
1952 776 2035 799 multa
2050 775 2186 807 hucusque
2202 776 2303 808 scripta

437 822 607 853 corriguntur
621 825 646 845 et
661 823 828 853 supplentur,
845 822 1016 853 conspicuum
1029 822 1158 845 redditur.
1172 822 1235 845 Tres
1252 825 1422 853 tempestates
1438 820 1640 853 distinguendae
1656 824 1731 844 sunt:
1745 821 1843 851 prima
1856 820 1999 843 admodum
2012 820 2110 849 brevis,
2124 829 2175 852 qua
2189 820 2302 844 Univer-

438 866 502 889 sitas
514 866 651 890 Urbanum
664 867 697 889 VI
713 870 806 898 sponte
818 870 846 889 ut
860 874 958 897 papam
974 866 1097 889 canonice
1112 866 1223 889 electum
1240 866 1362 897 agnovit:
1377 867 1501 895 secunda,
1513 874 1574 898 qua,
1590 865 1677 897 potius
1689 865 1776 893 ducta,
1788 868 1849 896 post
1864 865 1985 888 diversas
2001 864 2198 889 vicissitudines
2213 865 2303 889 decla-

437 910 565 933 rationem
578 919 626 942 pro
642 911 773 934 Clemente
788 911 833 934 Vll
849 910 938 939 edidit,
959 910 1033 942 eique
1053 910 1147 933 dehinc
1162 910 1296 939 adhaesit;
1314 910 1402 939 tertia,
1419 919 1470 942 qua
1484 910 1594 942 proprio
1613 913 1685 933 motu
1702 910 1860 941 privatoque
1877 909 1987 933 consilio
2003 909 2120 933 incessit.
2136 910 2164 933 In
2178 911 2304 935 secunda

437 958 600 986 tempestate,
624 963 690 986 quae
713 956 739 978 11
765 963 846 978 annos
867 955 971 978 circiter
990 955 1154 986 perduravit,
1177 958 1261 978 status
1280 955 1467 979 Universitatis
1489 963 1540 978 non
1560 954 1692 978 absimilis
1716 954 1765 977 suit
1783 954 1865 977 flebili
1890 954 1971 977 animi
1993 954 2074 977 statui
2094 962 2145 986 quo
2164 954 2305 978 laborabat

438 999 547 1022 Carolus
563 1000 595 1022 Vl
610 999 643 1022 ab
659 1008 701 1022 an.
717 1000 775 1022 1392
789 1007 794 1022 ⁴.
811 1008 896 1030 pauca
914 1003 1044 1022 momenta
1057 999 1155 1028 lucida,
1172 1003 1200 1022 ut
1214 1008 1257 1023 an.
1273 1000 1342 1030 1381,
1360 1000 1501 1031 statimque
1513 999 1592 1022 timor
1603 998 1767 1022 auctoritatis
1784 998 1891 1029 regalis,
1910 999 2066 1030 quandoque
2081 998 2213 1030 cupiditas
2228 999 2305 1023 bene-

437 1043 556 1066 ficiorum
571 1044 660 1067 oculos
676 1044 769 1067 mentis
787 1044 900 1074 caligine
916 1043 1022 1067 obtexit.
1040 1044 1162 1067 Fortasse
1178 1044 1256 1075 culpa
1271 1044 1409 1067 doctorum
1424 1052 1475 1067 non
1490 1047 1545 1067 tam
1560 1043 1650 1075 gravis
1666 1047 1731 1071 erat,
1748 1046 1777 1066 ut
1793 1043 1879 1074 primo
1896 1046 2005 1074 aspectu
2020 1043 2132 1066 videtur.
2150 1043 2215 1066 Cum
2234 1043 2303 1067 enim

437 1088 546 1111 Carolus
560 1089 581 1110 V
598 1091 623 1111 et
637 1088 689 1111 dux
704 1088 837 1119 Andegav.
854 1088 1052 1111 informationes
1068 1092 1171 1112 tautum
1185 1097 1234 1120 pro
1245 1089 1388 1117 Clemente,
1400 1089 1443 1112 vix
1457 1097 1506 1120 pro
1519 1088 1627 1112 Urbano
1643 1088 1814 1111 admisissent
1826 1087 1888 1116 (vid.
1900 1091 1951 1110 n¹¹¹¹¹
1964 1088 2035 1117 1616,
2048 1091 2102 1111 not.
2118 1088 2143 1116 3;
2157 1092 2207 1111 11mn
2222 1088 2301 1118 1640).

437 1132 556 1155 doctores
579 1132 655 1163 quasi
677 1132 825 1155 necessario
846 1133 878 1155 ad
899 1136 1002 1164 partem
1018 1133 1159 1156 Clementis
1182 1133 1359 1162 declinabant,
1376 1133 1623 1164 abstinueruntque,
1642 1135 1749 1164 excepto
1764 1140 1807 1155 an.
1826 1132 1896 1160 1381,
1916 1131 1948 1155 de
1968 1132 2017 1155 hac
2032 1132 2109 1155 valde
2128 1132 2212 1155 ardua
2227 1140 2304 1164 quae-

437 1176 520 1199 stione
536 1176 672 1207 disputare
690 1180 715 1199 et
734 1177 908 1200 determinare
922 1177 948 1200 in
960 1177 1067 1206 scholis,
1085 1177 1165 1200 immo
1181 1177 1207 1200 id
1224 1177 1389 1209 prohibitum
1404 1181 1462 1201 erat
1481 1178 1544 1207 (vid.
1560 1181 1589 1200 n⁰
1604 1177 1686 1206 1628).
1703 1176 1795 1208 Specie
1815 1176 1934 1199 nationes
1957 1175 2101 1207 Anglieana
2116 1179 2142 1200 et
2157 1176 2303 1206 Picardica,

437 1224 464 1243 ut
481 1221 559 1244 etiam
574 1221 652 1252 plura
675 1221 814 1252 supposita
832 1221 944 1244 aliarum
961 1222 1097 1245 nationum
1113 1225 1138 1245 et
1156 1222 1320 1251 facultatum,
1337 1223 1448 1246 meliora
1468 1226 1558 1245 secuta
1573 1225 1642 1245 sunt.
1661 1221 1753 1253 Specie
1769 1224 1880 1244 tantum.
1896 1220 2040 1252 Supposita
2059 1221 2128 1244 enim
2148 1221 2304 1253 plerumque

436 1265 678 1288 determinationem
696 1265 881 1296 episcoporum
897 1274 1005 1289 suorum
1025 1269 1050 1290 et
1065 1266 1215 1298 principum
1230 1267 1342 1298 patriae,
1359 1267 1465 1290 minime
1485 1274 1589 1298 semper
1604 1269 1744 1297 perspecta
1763 1265 1895 1297 principia
1911 1268 2001 1288 secuta
2019 1268 2088 1290 sunt.
2105 1265 2304 1293 Quodammodo

434 1309 488 1340 jam
504 1309 631 1332 sententia
649 1310 753 1333 saeculo
769 1318 812 1333 xw
834 1311 935 1333 famosa
954 1314 1099 1341 personat:
1116 1311 1200 1341 cujus
1214 1311 1301 1341 regio,
1317 1311 1398 1336 illius
1415 1316 1440 1336 et
1456 1311 1565 1342 religio.
1582 1311 1624 1334 Sic
1640 1319 1665 1334 v.
1686 1319 1713 1341 g.
1735 1310 1806 1333 natio
1823 1310 1968 1341 Anglicana
1989 1309 2076 1333 divisa
2095 1313 2160 1333 erat.
2177 1310 2256 1338 Scoti,
2276 1310 2304 1334 in

436 1362 548 1385 quorum
559 1354 647 1385 patria
661 1357 750 1385 partes
764 1355 905 1378 Clementis
918 1355 964 1378 Vll
980 1355 1147 1387 tenebantur,
1162 1364 1211 1387 pro
1225 1356 1357 1379 Clemente
1372 1356 1418 1379 Vll
1434 1356 1615 1384 decertarunt;
1635 1355 1771 1379 Alemanni
1785 1363 1854 1383 vero,
1872 1354 1917 1386 qui
1932 1354 2059 1386 majorem
2074 1358 2177 1386 partem
2190 1354 2304 1379 nationis

436 1398 592 1426 formabant,
610 1398 764 1422 Leodienses
780 1402 805 1422 et
822 1399 1011 1430 Trajectenses,
1026 1400 1118 1431 paucis
1134 1400 1264 1431 exceptis,·
1278 1400 1363 1432 magis
1381 1400 1500 1423 minusve
1518 1403 1607 1432 partes
1624 1399 1725 1424 Urbani
1744 1400 1775 1422 Vl
1791 1399 1979 1431 sequebantur,
1997 1407 2056 1422 cum
2072 1399 2098 1422 in
2111 1407 2202 1422 eorum
2216 1399 2304 1430 patria

434 1442 556 1466 Urbanus
570 1443 603 1466 VI
618 1451 666 1474 pro
680 1451 741 1466 vero
756 1452 827 1474 papa
843 1447 983 1467 teneretur.
1001 1444 1069 1472 Quid
1081 1444 1159 1467 etiam
1172 1445 1318 1476 profuisset
1334 1445 1484 1468 Alemannis
1501 1445 1644 1468 adhaerere
1660 1444 1787 1468 Clementi
1800 1444 1855 1471 VH,
1870 1443 1915 1475 qui
1928 1443 1994 1474 ipsis
2011 1452 2062 1466 non
2079 1443 2210 1475 potuisset
2224 1443 2304 1467 bene-

434 1487 492 1509 ficia
508 1489 625 1510 conferre
638 1487 745 1519 ibidem,
762 1488 807 1511 ubi
820 1488 894 1511 nulla
909 1488 1065 1512 auctoritate
1079 1489 1233 1512 fruebatur?
1243 1490 1275 1512 Et
1289 1489 1420 1513 assecutio
1436 1489 1623 1512 beneficiorum
1639 1497 1731 1512 revera
1749 1488 1828 1511 cardo
1844 1488 1892 1511 fuit
1904 1488 1958 1511 illis
1973 1488 2149 1522 temporibus.

528 1532 556 1554 ln
577 1533 661 1556 tertia
676 1535 840 1563 tempestate,
861 1533 894 1555 ab
910 1541 951 1556 an.
968 1533 1037 1562 1390,
1060 1533 1168 1557 Urbano
1184 1534 1216 1557 Vl
1237 1534 1359 1557 defuncto
1377 1537 1402 1557 et
1417 1534 1552 1557 Bonisacio
1573 1534 1606 1557 lx
1626 1534 1718 1565 electo,
1737 1532 1902 1556 Universitas
1919 1532 2013 1562 Paris„
2034 1532 2162 1564 praelatis
2178 1532 2304 1556 Franciae

434 1575 634 1604 dormientibus,
648 1579 831 1608 expergefacta
842 1577 996 1609 viribusque
1011 1577 1066 1601 suis
1082 1578 1175 1609 potita,
1190 1586 1256 1609 opus
1272 1578 1377 1602 unionis
1390 1578 1532 1606 Ecclesiae,
1544 1578 1605 1602 licet
1617 1578 1692 1601 irrito
1707 1578 1793 1609 primo
1806 1580 1911 1607 conatu,
1925 1585 2054 1608 aggressa
2069 1580 2118 1606 est,
2131 1577 2303 1600 nihilominus

434 1623 520 1643 tamen
542 1620 671 1643 credendo
691 1621 849 1644 Clementem
870 1622 916 1645 Vll
939 1630 996 1645 csse
1016 1631 1107 1645 verum
1127 1631 1234 1654 papam.
1257 1623 1329 1646 Tunc
1351 1623 1456 1647 demum
1477 1623 1629 1654 perspicere
1648 1622 1744 1654 coepit,
1763 1630 1830 1653 quae
1845 1622 1940 1645 damna
1956 1621 2108 1653 respublica
2130 1621 2276 1645 christiana
2290 1630 2304 1645 e

435 1664 580 1688 Schismate
595 1665 734 1696 acceperit,
750 1669 775 1689 et
788 1674 853 1697 quae
867 1666 952 1689 adhuc
970 1667 1133 1690 immineant.
1151 1667 1271 1699 Magistri
1287 1667 1332 1699 qui
1348 1676 1414 1699 opus
1433 1668 1537 1691 unionis
1555 1667 1677 1699 aggressi
1693 1670 1762 1694 sunt¹
1775 1666 1967 1694 existimarunt,
1985 1667 2106 1689 doctores
2121 1666 2263 1694 Ecclesiae,
2279 1669 2304 1690 et

434 1708 539 1740 quidem
555 1709 740 1733 Universitatis
757 1711 850 1737 Paris„
868 1711 893 1733 in
906 1719 1017 1742 corpore
1033 1712 1165 1735 Ecclesiae
1180 1720 1238 1735 esse
1253 1712 1329 1744 quasi
1341 1712 1469 1736 rationem
1485 1712 1637 1740 dictantem,
1652 1711 1715 1743 quid
1733 1711 1873 1743 agendum,
1890 1711 1953 1742 quid
1969 1711 2076 1739 honum,
2093 1710 2190 1742 quidve
2204 1711 2304 1734 malum

434 1757 515 1781 esset;
531 1754 664 1784 praelatos
680 1762 741 1777 vero
756 1755 888 1778 Ecclesiae
906 1756 981 1787 quasi
1002 1756 1173 1786 voluntatem,
1190 1757 1263 1787 cujus
1281 1757 1421 1788 proprium
1436 1760 1505 1780 esset
1520 1757 1625 1788 exsequi
1642 1759 1667 1780 et
1686 1756 1842 1779 auctoritate
1857 1756 1884 1778 id
1899 1755 2016 1783 definire,
2034 1755 2103 1787 quod
2118 1763 2134 1778 a
2149 1755 2302 1779 doctoribus

434 1797 589 1821 scholastice
605 1798 753 1821 discussum
769 1802 794 1822 et
810 1799 1011 1823 determinatum
1029 1804 1097 1828 erat;
1114 1801 1300 1824 Universitatis
1314 1801 1398 1826 Paris.
1417 1801 1528 1832 proinde
1544 1809 1602 1824 esse
1615 1809 1720 1824 monere
1737 1808 1844 1832 papam,
1861 1801 2005 1832 praelatos,
2020 1808 2109 1831 regem
2125 1807 2155 1823 ac
2170 1799 2304 1832 principes

434 1845 511 1872 atque
530 1842 629 1872 fideles,
650 1851 699 1866 uno
721 1843 809 1871 verbo,
832 1852 921 1867 omnes
944 1845 1080 1876 hucusque
1099 1845 1263 1876 negligentes
1279 1849 1307 1869 ut
1327 1846 1360 1868 ad
1379 1846 1500 1869 unionem
1521 1846 1653 1869 Ecclesiae
1668 1845 1821 1868 laborarent
1839 1845 1907 1874 (cod.
1930 1845 1986 1869 Vat.
2007 1845 2053 1867 lat.
2068 1845 2140 1874 4927,
2157 1844 2203 1868 sol.
2217 1844 2266 1868 955
2279 1847 2306 1868 et

434 1886 543 1917 passim.
560 1886 616 1909 Vid.
635 1887 705 1910 infra
720 1892 748 1910 n⁰
764 1888 843 1917 1663).
861 1889 940 1912 Curia
958 1889 1100 1912 Clementis
1117 1898 1143 1913 se
1159 1890 1293 1921 opposuit,
1314 1893 1339 1913 et
1356 1898 1399 1913 rex
1417 1890 1591 1914 Universitati
1611 1889 1745 1913 silentium
1762 1889 1865 1912 indixit.
1887 1890 1987 1912 Revera
2008 1889 2120 1912 facultas
2140 1889 2305 1912 decretorum

434 1930 545 1953 credidit
559 1939 589 1954 ex
601 1931 650 1954 hoc
665 1931 869 1955 Universitntem
886 1941 934 1964 per
949 1933 1125 1957 obedientiam
1139 1934 1203 1965 regi,
1216 1944 1228 1956 α
1239 1934 1310 1965 patri
1323 1934 1511 1958 Universitatis
1526 1943 1547 1964 »‚
1562 1934 1710 1958 necessario
1726 1934 1846 1965 ligatam,
1859 1933 2092 1965 pronuntiavitque
2106 1941 2118 1956 «
2132 1933 2306 1965 superseden-

435 1974 495 1997 dum
511 1983 568 1998 esse
587 1976 618 1998 de
640 1976 822 2007 prosecutione
842 1977 946 2000 unionis
963 1978 1095 2001 Ecclesiae
1114 1987 1138 2002 ».
1155 1979 1205 2002 Sed
1221 1987 1280 2001 mox
1297 1979 1436 2002 conatibus
1457 1979 1605 2010 aliquorum
1624 1979 1814 2010 magistrorum
1833 1978 1967 2001 facultatis
1985 1977 2143 2009 theologiae,
2158 1977 2226 2001 inter
2238 1986 2304 2009 quos
2328 1996 2333 1999 .

434 2019 543 2050 Egidius
558 2020 589 2043 de
602 2020 718 2051 Campis,
734 2021 866 2044 Johannes
878 2022 988 2050 Gerson,
1005 2023 1162 2046 Guillelmus
1176 2023 1298 2052 Barraut,
1311 2027 1336 2046 et
1349 2024 1455 2046 tandem
1468 2024 1560 2047 Petrus
1576 2024 1607 2047 de
1624 2023 1741 2051 Ailliaco,
1752 2026 1807 2046 tota
1824 2022 1990 2046 Universitas
2007 2025 2136 2045 commota
2152 2022 2305 2054 Philippum

434 2063 601 2094 Burgundiae
615 2065 706 2087 ducem
720 2069 745 2088 et
757 2067 913 2097 quandoque
928 2067 1008 2089 etiam
1023 2075 1112 2098 regem
1126 2067 1224 2099 ipsum,
1242 2076 1346 2099 semper
1362 2068 1529 2091 vacillantem
1546 2068 1579 2091 ob
1590 2068 1786 2091 susurrationes
1798 2075 1883 2098 papae
1898 2067 2039 2090 Clementis
2058 2070 2082 2090 et
2097 2066 2171 2090 ducis
2184 2066 2304 2091 Bituric..

435 2107 485 2130 sibi
503 2109 661 2132 conciliavit.
679 2111 727 2133 An.
742 2111 801 2133 1394
816 2110 935 2133 libellum
954 2120 1031 2134 suum
1044 2112 1075 2135 de
1092 2112 1176 2135 tribus
1193 2112 1242 2135 viis
1258 2113 1291 2135 ad
1310 2112 1431 2135 Schisma
1448 2112 1606 2135 abolendum
1623 2112 1702 2143 aptis,
1716 2115 1778 2143 post
1792 2112 1899 2143 longam
1912 2111 2105 2135 discussionem
2119 2111 2304 2142 compositum,

434 2153 602 2183 pervulgavit
614 2153 722 2185 regique
732 2155 920 2185 praesentavit,
935 2156 1039 2179 dolente
1052 2156 1184 2179 Clemente
1199 2165 1269 2188 papa
1280 2157 1336 2186 Vll,
1348 2157 1401 2188 qui,
1415 2165 1463 2188 per
1476 2157 1506 2180 16
1521 2165 1603 2180 annos
1619 2157 1722 2180 nullum
1734 2156 1862 2180 adhibens
1876 2156 2021 2179 remedium
2033 2156 2066 2178 ad
2080 2155 2199 2179 Schisma
2212 2155 2305 2179 tollen-

435 2196 504 2224 dum,
525 2197 613 2220 dolore
634 2201 718 2221 tactus
741 2199 772 2221 de
787 2199 899 2230 epistola
914 2200 967 2223 Jul.
980 2201 1008 2223 17
1025 2201 1058 2223 ab
1074 2201 1251 2224 Universitate
1267 2201 1300 2224 ad
1316 2209 1375 2224 eum
1392 2201 1500 2226 directa.
1514 2202 1582 2224 diem
1596 2210 1749 2232 supremum
1763 2201 1860 2224 clausit
1875 2202 1913 2229 (n0
1928 2201 1997 2227 1693,
2015 2203 2068 2223 not.
2082 2200 2113 2229 2).
2126 2200 2154 2223 ln
2166 2199 2216 2223 fine
2231 2199 2304 2223 illius

435 2241 603 2271 pontificatus
620 2243 762 2266 auctoritas
775 2244 890 2274 papalis,
904 2244 1044 2268 Clementis
1058 2245 1190 2276 imprimis
1205 2246 1293 2277 culpa,
1308 2249 1363 2268 tam
1375 2254 1504 2269 concussa
1519 2249 1575 2269 erat
1590 2246 1616 2269 in
1631 2246 1752 2275 Francia,
1765 2248 1794 2268 ut
1808 2245 1928 2276 plerique
1943 2247 2099 2273 assererent,
2116 2244 2183 2267 nihil
2198 2244 2304 2268 omnino

435 2286 579 2308 curandum
598 2294 654 2309 esse
670 2291 733 2317 quot
745 2296 830 2318 papae
844 2292 939 2317 essent,
956 2289 1017 2314 duo.
1031 2293 1093 2320 tres,
1108 2290 1197 2313 decem
1213 2290 1254 2313 vel
1271 2290 1422 2318 duodecim;
1440 2290 1552 2322 singulis
1567 2290 1656 2321 regnis
1673 2290 1792 2321 singulos
1807 2289 1916 2321 praefici
1931 2297 2009 2320 posse
2024 2289 2086 2316 (vid.
2098 2293 2148 2311 num
2164 2288 2242 2318 1690).

529 2330 633 2360 Optima
655 2339 684 2353 ea
702 2332 749 2354 suit
764 2332 935 2356 Universitati
955 2337 1108 2364 tempestas.
1123 2335 1234 2357 durante
1250 2334 1405 2358 Schismute.
1426 2335 1480 2358 Sub
1503 2335 1642 2358 Benedicto
1656 2335 1712 2358 Xlll
1728 2334 1849 2365 magistri
1866 2333 1971 2364 saepius
1988 2333 2131 2364 impetibus
2150 2332 2231 2356 animi
2243 2333 2304 2356 obe-

437 2373 549 2403 dierunt,
564 2374 589 2396 in
603 2375 727 2398 damnum
744 2376 843 2399 solidae
861 2377 1004 2406 doctrinae,
1024 2379 1093 2409 quod
1111 2379 1226 2409 probant
1245 2379 1390 2402 subtractio
1410 2379 1573 2402 obedientiae
1593 2382 1670 2410 atque
1686 2378 1881 2410 propositiones
1899 2377 2028 2409 ejusmodi
2046 2377 2152 2408 impune
2165 2377 2302 2408 prolatae:

439 2426 448 2439 (ι
467 2418 582 2441 Ecclesia
600 2427 649 2441 non
669 2423 708 2442 est
726 2420 797 2443 aliud
815 2421 863 2444 nisi
884 2422 1031 2453 conjunctio
1050 2423 1166 2446 omnium
1186 2423 1351 2446 existentium
1375 2424 1400 2446 in
1423 2424 1551 2446 charitate
1569 2432 1580 2446 »
1605 2424 1715 2453 (Plenius
1736 2424 1864 2452 Pmoun),
1882 2426 1940 2450 etc.;
1958 2422 2026 2453 quod
2043 2424 2155 2445 testatur
2178 2429 2303 2452 magnum

438 2461 536 2484 irarum
554 2466 692 2492 ccrtmnen,
709 2465 885 2489 moderamine
901 2474 1002 2497 carens,
1016 2475 1074 2489 cum
1091 2468 1230 2491 Benedicto
1247 2468 1314 2491 Xill.

444 2619 583 2656 1605.
607 2639 621 2653 «
643 2631 815 2656 Universitas
827 2633 932 2666 Paris„
947 2634 1061 2668 cognita
1080 2634 1188 2659 Urbani
1205 2636 1241 2660 VI
1248 2635 1393 2669 electione,
1408 2636 1436 2660 in
1446 2634 1576 2669 generali
1590 2635 1809 2669 congregatione
1820 2634 1947 2659 cantavit
1957 2634 1994 2659 Te
2007 2634 2103 2659 Deum
2114 2633 2276 2659 laudamus.
2287 2641 2303 2658 »

1655 2713 1728 2741 1378,
1745 2713 1779 2738 ad
1791 2712 1888 2741 Maium,
1905 2712 2017 2737 Parisiis.

534 2781 635 2806 chron.
651 2783 714 2806 duc.
738 2783 903 2814 Lozharinq.
920 2789 943 2808 et
963 2786 1100 2811 Brabant.
1117 2788 1248 2811 Edinundi
1264 2789 1295 2811 de
1311 2789 1417 2819 Dynter,
1437 2788 1477 2812 ed.
1494 2789 1525 2811 de
1548 2789 1621 2816 Ram,
1641 2788 1685 2815 111,
1702 2787 1756 2810 101.
1777 2800 1808 2804 —
1828 2786 1950 2809 Urbanus
1971 2787 2004 2809 Vl
2027 2786 2109 2817 April.
2128 2787 2142 2808 8
2161 2785 2188 2808 in
2205 2792 2303 2816 papam

440 2825 536 2848 electus
557 2829 610 2853 est;
632 2827 677 2849 sed
698 2827 805 2850 Parisiis
822 2829 957 2852 «environ
978 2830 1001 2852 le
1023 2839 1095 2862 moys
1118 2832 1149 2855 tle
1171 2833 1230 2863 May
1252 2841 1263 2855 »
1286 2833 1406 2855 nuntium
1426 2833 1560 2856 electionis
1576 2831 1742 2863 accipiebant
1764 2831 1824 2860 (Les
1842 2832 1946 2861 qra‘nd.
1962 2832 2059 2854 chron.
2079 2831 2111 2853 de
2127 2830 2243 2858 France,
2261 2828 2302 2852 ed.

440 2870 467 2892 P.
485 2869 566 2901 Paris,
583 2871 623 2897 VI,
641 2871 704 2897 ί141).
719 2871 850 2898 Quantum
864 2873 896 2895 ad
915 2873 1067 2897 electionem
1083 2876 1134 2898 vid.
1150 2877 1180 2899 N.
1198 2877 1295 2905 Valois,
1310 2877 1455 2901 L'e'lection
1469 2877 1606 2901 d'Urbain
1626 2876 1666 2899 VI
1677 2875 1779 2905 (extruit
1797 2875 1828 2898 tle
1844 2876 1868 2898 lss
1885 2874 1951 2899 Rev·
1967 2876 2013 2899 des
2027 2879 2115 2906 quest·
2134 2874 2217 2902 hist-L
2233 2873 2302 2896 1⁸9⁰·
