2488 3386
170 328 264 364 1375]
592 340 638 361 ΑΒ
673 340 778 361 Auno
812 339 941 361 mecei.
972 339 1103 367 USQUE
1139 340 1186 360 AD
1223 340 1485 361 ιιΕΝΕοιοΤυΜ
1521 340 1609 360 xiii.
1967 331 2031 362 225

168 415 494 459 Corisopitensem,
523 415 559 446 in
582 413 763 457 theologia
786 414 986 449 doctorem,
1013 420 1242 445 accersentes
1269 413 1384 457 ipsum
1412 415 1535 457 jurare
1564 415 1724 446 fecerunt
1753 414 1795 446 ad
1817 421 1936 446 sancta
1966 415 2027 446 1)οἰ

170 481 403 526 Euvangelia,
426 480 519 512 libro
543 486 633 513 tacto
656 492 761 512 manu
783 480 890 519 nuda,
910 486 942 512 et
969 491 1049 511 eum
1073 480 1387 524 interrogaverunt
1411 480 1656 511 examinantes
1682 480 1888 524 diligenter,
1912 481 2029 524 inqui-

168 548 281 580 rendo
303 548 346 580 ab
368 548 494 580 eodem
521 547 557 579 in
583 547 653 580 vim
683 547 738 579 sui
767 547 907 591 prestiti
930 547 1126 590 juramenti
1149 558 1155 578 t
1180 548 1221 589 (l)
1242 548 1366 578 Utrum
1390 546 1467 590 ipse
1489 546 1620 578 dictum
1645 546 1774 579 librum
1798 547 1841 579 de
1864 547 1971 579 latino
1995 548 2027 579 in

168 615 351 659 gallicum,
377 621 435 647 aut
456 614 544 647 alias
569 613 830 652 transtulisset3
854 614 895 656 (2)
914 620 974 646 aut
995 613 1024 645 si
1046 613 1200 657 aliquem
1225 613 1331 645 sciret
1355 613 1410 645 vel
1433 613 1606 653 novisset,
1630 620 1686 645 aut
1711 613 1806 657 loqui
1839 614 1882 646 de
1911 614 2030 658 aliquo

168 682 383 719 audivisset;
413 682 455 724 (3)
479 681 536 714 vel
558 681 804 725 suspicionem
827 680 976 713 haberet
997 680 1040 712 de
1067 680 1201 724 aliquo,
1226 680 1286 724 qui
1309 680 1462 712 eundem
1492 680 1622 712 librum
1647 680 1902 721 transtulisset,
1927 688 2029 725 prout

168 749 293 781 fertur.
319 748 387 790 Qui
414 748 559 793 quidem
582 748 751 780 dominus
773 748 968 792 episcopus
996 747 1047 779 sic
1073 748 1230 791 juratus,
1252 747 1497 791 interrogatus
1523 754 1554 779 et
1586 747 1820 787 examinatus,
1844 748 2031 792 respondit

169 827 232 860 per
264 827 367 848 suum
397 816 655 859 juramentum,
688 815 724 847 in
760 815 910 848 veritate
941 826 980 847 se
1016 826 1197 858 nunquam
1230 814 1363 846 dictum
1396 813 1527 845 librum
1559 813 1801 855 transtulisse,
1832 826 1898 846 nec
1932 814 2030 846 illum

168 882 317 917 vidisse,
338 894 402 914 nec
419 882 513 915 scire
530 889 589 914 aut
606 882 772 921 scivisse,
790 882 872 926 quis
889 882 935 914 sit
955 881 1030 922 ille,
1048 881 1109 925 qui
1128 880 1321 922 transtulit,
1340 892 1405 912 nec
1423 881 1668 925 suspicionem
1690 880 1823 913 habere
1847 881 1890 913 de
1912 881 2031 926 aliquo

168 955 227 981 aut
247 955 370 981 contra
391 948 547 993 aliquem
570 949 614 981 de
636 948 702 981 hoc
725 949 833 989 sacto,
857 955 892 981 et
914 948 1010 980 aliud
1033 960 1072 980 se
1100 948 1240 980 nescire
1264 947 1307 980 de
1329 947 1396 980 hoc
1420 947 1509 979 dixit
1535 947 1730 992 diligenter
1751 948 1948 992 requisitus
1971 960 2033 992 per

170 1015 364 1060 predictos.
389 1015 528 1048 Deinde
550 1015 643 1048 idem
663 1016 832 1048 dominns
849 1016 1045 1060 episcopus
1061 1015 1113 1047 sie
1130 1015 1245 1059 primo
1263 1015 1486 1047 examinatus
1501 1021 1535 1046 et
1551 1014 1703 1059 predicti
1722 1015 1884 1059 magistri
1902 1015 2033 1059 Symon

170 1084 305 1115 Freron
335 1089 368 1115 et
408 1082 578 1115 Nicolaus
606 1083 758 1115 Oresme
791 1095 830 1115 ac
864 1082 1064 1115 Richardus
1094 1081 1209 1115 Barbe
1240 1082 1388 1114 insimul
1424 1088 1457 1114 et
1486 1082 1641 1114 indivise
1669 1081 1895 1126 alloquentes
1924 1083 2035 1127 magi-

170 1156 283 1182 strum
306 1149 505 1182 Johannem
530 1150 573 1182 de
595 1149 725 1182 Calore
746 1150 1006 1194 supradictum,
1029 1149 1116 1182 eccl.
1145 1149 1256 1182 Paris.
1283 1148 1550 1189 cancellarium,
1578 1149 1695 1193 ipsum
1719 1150 1842 1193 jurare
1870 1150 2032 1182 fecerunt

172 1215 415 1249 similiter⁶....
449 1218 543 1260 Mag.
574 1216 758 1249 Johannes
789 1216 1029 1257 Forbissoris,
1061 1216 1147 1249 Ord.
1177 1216 1297 1256 Pred.,
1319 1215 1408 1248 alter
1439 1227 1585 1248 suorum
1619 1215 1874 1256 coelectorum,
1903 1216 2033 1248 exami-

171 1289 331 1315 natus...
355 1284 448 1327 Mag.
473 1284 604 1327 Symon
628 1285 819 1316 Freron....
840 1285 934 1328 Mag.
953 1283 1123 1316 Nicolaus
1140 1283 1305 1323 Oresme,
1325 1283 1449 1315 decan.
1470 1284 1700 1327 Rotomag....
1720 1284 1813 1328 Mag.
1833 1283 2033 1316 Richardus

172 1349 342 1382 Barbe....
365 1350 532 1382 Attamen
553 1350 735 1395 deposuit,
758 1350 852 1395 quod
884 1351 963 1395 ipse
991 1350 1061 1382 dici
1091 1350 1253 1382 audierat
1278 1362 1295 1382 a
1318 1349 1548 1394 quibusdam.
1572 1349 1668 1393 quod
1698 1349 1834 1382 illemet
1861 1350 1922 1394 qui
1950 1350 2035 1383 fecit

170 1416 302 1449 librum
325 1417 558 1450 transtulerat
584 1417 749 1450 eumden)
777 1417 813 1449 in
841 1418 1026 1457 ‹rallicum;
1050 1417 1221 1462 quodque
1248 1417 1402 1462 ipsemet
1423 1416 1578 1460 loquens
1600 1417 1836 1461 investigaret
1858 1423 1892 1449 et
1916 1417 2034 1462 inqui-

839 1444 860 1462 ὃ

170 1490 266 1516 reret
286 1483 439 1517 ulterius
463 1496 527 1529 pro
550 1496 658 1529 posse
680 1491 713 1516 et
734 1484 869 1525 verius,
893 1485 974 1529 quis
996 1485 1042 1517 sit
1067 1484 1145 1524 ille-'3
1169 1491 1203 1517 et
1233 1484 1263 1517 si
1291 1484 1358 1516 hoc
1385 1484 1493 1516 sciret
1521 1484 1612 1528 ipse,
1636 1496 1740 1528 quam
1762 1484 1874 1516 cicius
1896 1491 2032 1529 posset,

170 1550 358 1591 revelaret,
381 1557 416 1584 et
436 1551 533 1584 aliud
554 1551 642 1584 dixit
664 1563 703 1584 se
725 1551 879 1584 nescire.
904 1551 1078 1596 Magister
1099 1552 1227 1584 Petrus
1251 1551 1390 1590 Brevis,
1416 1550 1555 1591 doctor,
1580 1550 1684 1583 etiam
1701 1551 1857 1594 juratus,
1880 1551 2034 1584 interro-

169 1623 329 1662 gatus...

258 1685 360 1725 Item,
387 1685 523 1717 eisdem
552 1697 660 1726 anno,
682 1686 894 1726 indictione,
920 1697 1042 1718 mense
1063 1698 1101 1718 ac
1123 1685 1203 1718 loco
1225 1692 1259 1718 et
1280 1685 1502 1730 pontificatu,
1526 1692 1560 1717 et
1581 1685 1639 1717 die
1661 1686 1763 1718 tertia
1785 1685 1870 1718 dicti
1898 1687 2033 1719 mensis

170 1750 407 1796 Septembris,
430 1751 584 1784 testibus
611 1752 721 1785 eciam
750 1753 1020 1797 suprascriptis,
1050 1764 1179 1797 meque
1205 1752 1345 1785 notario
1374 1752 1533 1797 publico,
1562 1752 1808 1797 presentibus,
1838 1753 2035 1797 supradicti

170 1824 242 1851 tres
264 1818 517 1860 commissarii,
535 1819 706 1852 videlicet
727 1819 863 1852 domini
885 1820 1081 1864 episeopus
1102 1819 1404 1864 Corisopitensis,
1424 1826 1458 1852 et
1478 1819 1662 1852 Johannes
1684 1819 1728 1851 de
1750 1819 1879 1852 Calore
1900 1821 2036 1853 cancel-

169 1884 294 1926 larius,
325 1897 364 1918 ac
396 1885 580 1919 Johannes
610 1886 851 1927 Forbissoris,
879 1887 1143 1919 examinatores
1173 1887 1210 1919 in
1236 1886 1300 1919 hac
1331 1893 1430 1931 parte
1461 1899 1478 1919 a
1507 1893 1579 1919 tota
1607 1887 1767 1931 predicta
1801 1887 1967 1919 facultate
2003 1894 2037 1920 et

170 1964 233 1996 pro
260 1953 337 1997 ipsa
363 1953 523 1998 deputati
544 1953 587 1986 ad
614 1965 762 1986 examen
788 1953 997 1998 hujusmodi
1026 1953 1295 1998 subsequenter
1317 1954 1571 1999 procedentes,
1600 1954 1810 1998 magistrum
1836 1953 2034 1986 Johannem

169 2019 346 2060 Maurieii,
374 2032 451 2052 can.
479 2020 608 2056 Paris..
634 2021 758 2065 jurare
779 2021 999 2053 secerunt....
1029 2021 1204 2065 Magister
1231 2021 1415 2053 Johannes
1446 2021 1490 2053 de
1511 2020 1699 2062 Corbolio,
1726 2021 1812 2054 Ord.
1836 2021 2034 2062 Carmelit.,

164 2087 307 2130 juratus
324 2087 429 2119 etiam
452 2087 754 2132 interrogatus...
778 2089 872 2133 Mag.
895 2087 1079 2121 Johannes
1100 2088 1169 2128 [de]
1191 2087 1458 2120 Kerleoret⁷....
1485 2089 1579 2132 Mag.
1598 2088 1781 2121 Johannes
1803 2088 1846 2120 de
1869 2089 1902 2121 S.
1926 2090 2033 2120 Naza-

168 2164 243 2193 reo,
262 2152 349 2186 Ord.
368 2154 447 2186 frat.
466 2154 597 2186 Min....
616 2155 710 2199 Mag.
730 2154 927 2199 Dionysius
945 2155 988 2187 de
1010 2155 1205 2195 Montina⁸,
1224 2154 1313 2187 Ord.
1333 2155 1503 2187 Heremit.
1524 2156 1557 2188 S.
1577 2155 1714 2200 Aug...
1737 2156 1831 2200 Mag.
1848 2155 2032 2188 Johannes

168 2220 314 2265 Regis⁹,
343 2220 429 2253 Ord.
462 2221 540 2253 frat.
574 2221 705 2254 Min....
741 2223 835 2266 Mag.
871 2221 1097 2254 Guillermus
1135 2221 1179 2254 de
1217 2221 1438 2262 Salvarvilla,
1471 2228 1596 2254 cantor
1626 2223 1737 2255 Paris.
1768 2222 1897 2254 eccl....
1936 2223 2029 2266 Mag.

167 2286 337 2320 Nicolaus
359 2287 403 2320 de
430 2288 641 2333 Laigniis¹⁰,
669 2300 746 2321 can.
777 2289 932 2321 Paris...
964 2290 1058 2333 Mag.
1087 2288 1264 2322 Girardus
1291 2288 1335 2320 (10
1359 2289 1532 2329 Vervino,
1563 2301 1640 2321 can.
1667 2296 1701 2321 et
1736 2289 1908 2334 penitent.
1942 2289 2029 2321 eccl.

167 2354 323 2387 Paris...
345 2356 439 2399 Mag.
457 2354 641 2388 Johannes
659 2355 702 2388 de
724 2356 883 2397 Cruone,
901 2356 988 2389 Ord.
1007 2356 1085 2388 frat.
1105 2355 1436 2389 Carmelitarum....
1456 2357 1550 2400 Mag.
1568 2355 1752 2389 Johannes
1769 2356 1918 2396 Thome,
1942 2356 2028 2388 Ord.

167 2420 350 2454 Predic....

258 2489 358 2530 ltem,
397 2501 503 2530 anno,
534 2490 747 2531 indictione,
783 2502 908 2523 mense
940 2497 974 2522 et
1007 2489 1217 2534 pontificatu
1249 2489 1434 2534 predictis,
1471 2489 1639 2522 videlicet
1671 2490 1914 2522 tertiadecima
1946 2489 2031 2521 dicti

167 2555 303 2589 mensis
339 2556 575 2601 Septembris,
612 2557 764 2601 predicti
799 2557 937 2589 domini
971 2563 1005 2589 et
1039 2557 1216 2601 magistri,
1250 2556 1434 2589 Johannes
1470 2556 1513 2588 de
1549 2556 1677 2589 Calore
1712 2556 1961 2596 cancellarius,
1998 2563 2033 2588 et

165 2621 349 2655 Johannes
371 2622 612 2664 Forbissoris,
635 2624 911 2665 examinatores,
934 2630 969 2656 et
990 2636 1058 2656 una
1078 2635 1157 2656 cum
1186 2623 1276 2668 ipsis
1298 2623 1470 2667 magister
1492 2623 1695 2667 Stephanus
1716 2623 1759 2655 de
1782 2623 2029 2662 Calvomonte,

167 2688 305 2729 doctor,
324 2696 469 2722 curatus
491 2690 635 2735 paroch.
658 2690 746 2723 eccl.
771 2691 804 2723 S.
829 2691 993 2723 Severini
1015 2691 1140 2729 Paris,
1164 2689 1313 2722 absente
1336 2697 1418 2722 tunc
1441 2690 1587 2722 domino
1612 2690 1784 2734 episcopo
1808 2689 2028 2733 supradicto,

165 2756 377 2800 congregati
399 2755 485 2788 hora
507 2757 621 2801 prime
644 2757 715 2789 diei
732 2757 789 2790 vel
810 2757 967 2793 circiter,
989 2757 1025 2789 in
1047 2757 1126 2789 loco
1144 2757 1330 2801 capitulari
1353 2757 1569 2789 l'arisiensis
1590 2756 1743 2788 ecclesie
1772 2755 1879 2787 simili
1909 2755 2027 2795 modo,

166 2834 236 2866 quo
259 2834 379 2866 supra,
396 2823 520 2866 jurare
543 2824 721 2865 fecerunt,
745 2824 1061 2868 interrogaverunt
1084 2831 1118 2856 et
1143 2824 1437 2856 examinaverunt
1458 2823 1653 2867 diligenter
1674 2835 1765 2866 mag.
1789 2821 2027 2862 Guillermum

166 2888 210 2920 de
245 2888 426 2930 Lumbris,
458 2902 534 2922 can.
572 2891 699 2932 Paris,
731 2891 904 2923 decanum
943 2891 1103 2935 predicte
1139 2890 1344 2934 theologice
1367 2890 1599 2921 sat-altatis...
1634 2891 1724 2931 Mag.
1757 2887 1958 2932 Stephanus
1986 2887 2029 2919 de

290 2949 339 2965 u*
359 2947 454 2971 ι’]ιιινι.
478 2948 554 2971 cmc.
575 2948 668 2972 Paris.
687 2949 731 2971 ιιι.
1879 2946 1908 2967 2¹³
