2488 3386
168 333 263 369 1380]
584 345 629 367 AB
665 345 770 367 ANNo
805 344 937 366 MCCCL
978 344 1106 372 USQUE
1137 345 1184 366 An
1221 344 1483 366 ΒΕΝΕοιοΤυΜ
1519 345 1608 366 XIII.
1965 336 2030 368 289

164 426 263 452 actus
283 419 421 459 fecerit⁷
445 426 480 451 et
509 419 545 451 in
576 425 710 451 tantum
736 418 771 450 in
797 417 1006 462 hujusmodi
1033 417 1199 450 facultate
1222 418 1417 462 profecerit
1437 418 1533 462 quod
1555 418 1645 450 alios
1666 419 1797 451 meruit
1818 419 2027 452 edocere...

165 487 238 519 Nos
260 486 370 529 igitur
463 485 674 517 discretioni
705 491 762 517 tue
794 496 857 529 per
884 483 1081 528 apostolica
1112 484 1244 528 scripta
1270 484 1527 516 committimus
1557 491 1588 517 et
1620 485 1830 518 mandamus
1859 486 2027 530 quatinus

165 552 318 585 eundem
342 552 561 585 Cristianum
583 551 626 584 ad
656 551 852 596 legendum
880 550 996 583 libros
1025 550 1289 583 Sententiarum
1319 550 1478 583 Parisius
1500 551 1590 583 infra
1613 551 1730 583 scolas
1751 559 1951 584 conventus
1972 553 2026 584 sui

165 619 252 652 Ord.
270 618 326 651 vel
348 625 445 651 extra
467 618 503 650 in
525 618 645 650 studio
672 617 869 650 Parisiensi
895 617 1058 661 predicto
1081 617 1117 648 in
1140 628 1242 661 yeme
1264 617 1426 661 proxime
1448 617 1652 650 immediate
1668 624 1830 654 ventura,
1854 618 2026 662 alioquin,

165 685 195 718 si
216 685 338 717 forsan
360 691 443 717 tunc
470 696 542 717 non
564 691 701 729 posset,
724 683 983 728 impedimento
1005 683 1169 728 legitimo
1192 683 1403 727 prepeditus
1424 690 1483 715 aut
1510 683 1715 716 infirmitate
1738 684 1918 724 detentus,
1941 697 2029 728 quo-

164 751 378 796 tiescunque
400 750 470 783 sibi
492 750 668 795 placuerit
695 757 727 783 et
759 762 824 795 pro
853 757 951 795 parte
972 750 1092 782 fratris
1115 749 1327 794 requisitus
1350 749 1486 793 absque
1514 756 1631 782 tamen
1663 750 1864 794 prejudicio
1886 751 2029 783 ordina-

165 818 299 850 riorum
330 817 528 862 legentium
561 817 617 850 sui
650 817 753 856 Ord„
782 817 992 849 auctoritate
1020 816 1218 861 apostolica
1248 816 1402 860 recipias
1431 822 1464 848 et
1495 816 1660 848 admittas
1689 828 1753 849 seu
1782 817 1893 861 recipi
1920 817 2028 849 faciam

164 883 401 917 effectualiter
429 890 462 916 et
494 883 645 916 admitti.
675 883 972 917 Contradictores
999 890 1066 915 etc.
1102 884 1143 915 Et
1174 882 1317 915 demum
1351 882 1455 914 libris
1487 883 1750 915 Sententiarum
1784 895 1847 927 per
1874 883 2027 916 eundem

164 950 383 984 Cristianum
406 949 576 995 perlectis
598 950 634 982 in
651 950 747 983 dicto
764 957 943 983 conventu
962 949 1018 982 vel
1040 949 1161 982 studio
1184 949 1379 982 parisiensi
1402 949 1564 993 predicto
1586 949 1622 981 in
1644 949 1714 981 fine
1735 950 1848 994 yemis
1870 950 2030 994 predicte

163 1016 221 1050 vel
251 1017 287 1049 in
316 1016 441 1061 primis
463 1016 770 1061 expeditionibus⁷
799 1023 988 1061 postquam
1017 1016 1146 1048 dictam
1178 1027 1277 1048 suam
1306 1015 1478 1048 lecturam
1501 1015 1712 1060 expleverit,
1735 1016 1931 1048 dummodo
1952 1017 2029 1061 ipse

164 1095 229 1128 per
249 1090 343 1116 tuam
366 1090 399 1116 et
420 1083 572 1116 aliorum
594 1083 850 1128 magistrorum
873 1083 958 1116 dieti
981 1083 1091 1116 studii
1112 1083 1149 1115 in
1166 1082 1290 1115 eadem
1312 1082 1477 1114 facultate
1499 1082 1709 1126 diligentem
1731 1083 2027 1116 examinationem

164 1150 207 1183 ad
228 1149 296 1182 hoc
312 1150 477 1195 ydoneus
495 1156 529 1182 et
550 1149 734 1182 sufficiens
753 1156 919 1194 repertus
942 1149 1111 1190 extiterit,
1132 1149 1247 1181 eidem
1272 1148 1453 1182 Cristiano
1475 1149 1510 1180 in
1533 1149 1670 1193 prefato
1691 1149 1887 1182 Parisiensi
1909 1149 2029 1182 studio

164 1217 365 1261 magisterii
386 1216 561 1249 honorem
584 1223 618 1249 et
639 1216 793 1249 docendi
821 1216 1000 1249 licentiam
1028 1216 1065 1248 in
1082 1216 1206 1248 eadem
1228 1215 1395 1248 facultate
1416 1216 1568 1248 servatis
1591 1215 1914 1248 constitutionibus
1935 1217 2030 1250 Con-

164 1282 238 1315 citii
253 1283 476 1316 Viennensis
496 1309 546 1323 ...7
564 1283 731 1327 largiaris
820 1283 866 1315 ita
883 1289 1001 1315 tamen
1019 1282 1115 1327 quod
1133 1294 1175 1314 ex
1196 1281 1263 1314 hoc
1286 1282 1446 1326 prefatus
1463 1282 1561 1314 Ordo
1579 1282 1622 1314 ad
1644 1282 1876 1326 prestandum
1895 1282 2028 1327 aliquid

165 1349 280 1382 eidem
300 1349 481 1383 Cristiano
503 1361 568 1394 pro
590 1349 666 1382 suis
689 1350 858 1394 expensis
876 1349 932 1382 vel
954 1349 1033 1382 aliis
1056 1349 1194 1381 ratione
1217 1348 1462 1393 susceptionis
1485 1349 1569 1381 dicti
1591 1349 1791 1393 magisterii
1812 1349 1904 1381 ultra
1926 1362 2028 1394 quam

165 1422 267 1449 antea
287 1416 432 1448 minime
458 1422 634 1453 teneatur,
659 1428 730 1448 non
753 1415 995 1456 obstantibus,
1014 1421 1077 1449 etc.
1103 1417 1180 1448 Dat.
1204 1415 1383 1448 Avinione
1405 1416 1460 1459 xvj
1480 1415 1547 1447 kal.
1566 1415 1716 1460 Aprilis,
1734 1428 1826 1448 anno
1853 1417 2014 1449 secundo

258 1514 321 1544 Reg.
340 1514 398 1536 vat.
413 1515 492 1537 Aven.
516 1514 596 1537 Clcm.
615 1514 666 1541 VII,
684 1514 735 1536 vol.
755 1514 806 1543 XX,
826 1514 869 1536 sol.
887 1513 959 1537 [19912.
984 1528 1010 1531 —
1027 1515 1074 1536 An.
1100 1514 1160 1536 1383
1185 1513 1263 1542 (1384)
1282 1513 1431 1536 licentiatus
1454 1516 1493 1536 est
1516 1513 1613 1541 (Calal.
1636 1513 1748 1543 liceum.
1768 1515 1814 1537 An.
1836 1515 1905 1543 MOJA,
1923 1514 1986 1537 Nov.
2008 1515 2030 1542 7,

164 1558 313 1581 nominatus
329 1558 409 1589 epiSC.
426 1558 563 1581 Tarviens.
580 1559 652 1589 (Reg.
668 1559 748 1581 Aven.
765 1558 860 1581 Bened.
879 1559 945 1587 xm,
962 1558 1014 1581 vol,
1029 1559 1079 1588 XL,
1098 1559 1113 1580 s.
1135 1559 1177 1582 98:
1196 1566 1317 1580 mancum
1336 1558 1361 1580 in
1381 1557 1454 1582 Gall.
1478 1558 1585 1586 christ„
1604 1558 1620 1585 I,
1643 1558 1726 1586 1236);
1748 1566 1789 1581 an.
1812 1559 1880 1586 1408,
1903 1559 1974 1589 Sept.
1992 1559 2030 1589 177

165 1603 247 1625 sactus
265 1606 305 1625 est
321 1602 407 1630 (etiam
426 1602 572 1629 Cistranus,
592 1602 732 1631 Tistrinus)
749 1602 889 1633 episcopus
908 1602 1086 1631 Trecorensis,
1100 1606 1124 1625 et
1140 1602 1214 1625 affuit
1232 1602 1347 1625 Concilio
1364 1602 1458 1625 Pisano
1475 1602 1560 1631 (Arrii.
1578 1602 1645 1630 Vat⁴y
1660 1610 1726 1625 arm.
1744 1603 1831 1630 LXIII,
1850 1603 1900 1625 vol.
1917 1603 2030 1633 Lxxxv,

165 1647 209 1670 sol.
223 1647 270 1678 70).
287 1647 322 1670 De
340 1646 398 1677 ipso
414 1647 515 1678 pluries
532 1647 610 1670 infra.

169 1817 309 1854 1446.
333 1829 418 1853 lassu
437 1827 580 1853 Guillelmi
595 1827 630 1853 de
652 1827 832 1861 Salvarvilla,
852 1828 979 1853 cantoris
995 1828 1101 1861 Paris„
1121 1827 1429 1861 leguntur-juramenta
1446 1828 1646 1861 magistrorum
1661 1831 1688 1853 et
1703 1828 1905 1862 magistrat-mn
1927 1828 1953 1853 in
1969 1832 2031 1854 art(-

251 1877 441 1910 grammatica
458 1885 551 1902 coram
572 1877 600 1903 ‘11
616 1877 763 1911 magistris
779 1880 806 1902 et
820 1878 850 1903 21
869 1876 1035 1902 rectricibus
1051 1876 1223 1902 scholarum.

1446 1930 1521 1959 7380.
1538 1930 1598 1955 Maii
1611 1931 1633 1959 6,
1650 1931 1762 1956 Parisiis.

255 2019 294 2050 In
316 2018 461 2050 nomine
484 2019 640 2059 Domini7
664 2031 779 2051 amen.
804 2020 871 2051 Per
893 2030 1045 2063 presens
1068 2017 1251 2063 publicum
1275 2008 1554 2050 instrumentum
1578 2025 1694 2062 pateat
1715 2018 1909 2058 universis,
1933 2018 2029 2062 quod

164 2096 258 2117 anno
280 2085 424 2116 Domini
453 2086 486 2117 M
500 2085 589 2118 CCC
604 2086 746 2125 LXXX,
774 2085 973 2117 indictione
995 2085 1047 2129 iij,
1070 2085 1207 2117 mensis
1229 2085 1313 2117 Maii
1335 2085 1393 2117 (lie
1414 2086 1461 2129 vj7
1488 2084 1718 2129 pontificatus
1747 2085 1965 2117 sanctissimi
1994 2085 2028 2116 in

164 2150 309 2184 Christo
328 2152 438 2195 patris
456 2158 490 2184 et
510 2151 646 2184 domini
665 2152 780 2184 nostri
797 2152 934 2184 domini
952 2151 1152 2185 Clementis
1170 2151 1289 2183 divina
1312 2151 1538 2195 providentia
1557 2164 1645 2196 pape
1660 2153 1725 2184 Vll
1743 2164 1837 2184 anno
1855 2152 2027 2189 secundo,

164 2217 200 2249 in
222 2217 329 2250 domo
357 2230 461 2262 quam
490 2217 623 2251 habitat
655 2219 690 2250 in
721 2218 879 2251 claustro
910 2218 1107 2250 Parisiensi
1136 2218 1422 2262 circumspectus
1446 2218 1500 2250 vir
1525 2218 1698 2262 magister
1719 2218 1938 2251 Guillelmus
1960 2218 2028 2259 [de]

165 2283 406 2325 Satvarvilla¹,
425 2296 526 2317 sacre
545 2285 674 2330 pagine
692 2285 891 2329 professor,
910 2291 1107 2329 cantorque
1125 2284 1356 2325 parisiensis,
1374 2284 1410 2316 in
1427 2283 1505 2316 aula
1523 2284 1687 2316 inferiori
1705 2285 1868 2329 ejusdem
1886 2285 2027 2323 domus,

163 2351 371 2383 constitutis
393 2352 530 2396 prefato
553 2352 699 2384 domino
722 2358 881 2392 cantore„
907 2351 1070 2395 virisque
1091 2350 1376 2391 venerabilibus7
1407 2351 1568 2395 providis
1597 2358 1631 2383 ct
1663 2352 1831 2384 discretis
1860 2352 2028 2396 personis

163 2429 202 2450 ac
223 2417 387 2450 honestis
409 2417 637 2459 mulieribus7
661 2418 779 2451 scolas
805 2418 841 2450 in
868 2425 943 2451 arte
971 2417 1215 2463 grammatica7
1239 2417 1276 2449 in
1300 2417 1383 2450 villa
1405 2417 1601 2450 Parisiensi
1630 2424 1664 2450 et
1685 2418 1776 2450 intra
1802 2418 2026 2458 banleucann

164 2484 430 2525 exercentibus
454 2485 667 2530 regentibus
689 2492 721 2517 et
745 2484 967 2525 tenentibus,
991 2496 1217 2529 quorumque
1240 2490 1274 2516 et
1295 2495 1443 2528 quarum
1471 2484 1615 2516 nomina
1644 2491 1678 2516 et
1705 2485 1919 2529 cognomina
1942 2484 2027 2517 sul)-

164 2557 367 2595 sequuntur
386 2563 391 2583 :
412 2558 446 2584 ct
466 2552 582 2596 primo
605 2552 774 2584 dominus
795 2551 976 2584 Robertus
993 2551 1147 2591 Vuitart,
1171 2550 1340 2583 Nicolaus
1363 2550 1406 2582 de
1429 2552 1551 2582 Monte
1573 2551 1736 2591 Cornuti,
1759 2551 1915 2584 Jacobus
1938 2552 2027 2583 Eda-

162 2616 241 2658 lart,
271 2617 451 2650 Robertus
480 2618 523 2651 de
555 2618 665 2659 Balla7
690 2619 905 2651 Laurentius
925 2620 1064 2657 Josses,
1088 2617 1272 2650 Gallerius
1299 2617 1471 2661 Gorassy⁷
1504 2616 1759 2650 bacchalareus
1790 2618 1826 2649 in
1857 2618 2024 2652 decretis

163 2683 332 2716 dominus
354 2685 482 2717 Petrus
502 2685 641 2730 Vitiary
657 2685 754 2718 bace.
778 2685 814 2717 in
837 2685 950 2726 decr„
973 2684 1143 2717 Nicotaus
1161 2683 1320 2724 Mabore,
1338 2683 1520 2716 Johannes
1538 2684 1690 2724 Citsseot,
1711 2684 1879 2716 dominus
1895 2683 2025 2716 Johau-

162 2761 227 2782 nes
249 2750 427 2791 Lambert,
452 2752 623 2797 magister
638 2752 822 2785 Johannes
843 2752 1022 2795 Taignon,
1045 2751 1218 2795 magister
1239 2750 1275 2782 in
1297 2749 1448 2789 artibus,
1467 2750 1686 2782 Guillelmus
1708 2751 1895 2787 Constant,
1914 2750 2025 2793 magi-

162 2822 236 2848 ster
255 2815 438 2849 Johannes
467 2817 510 2850 (le
542 2820 726 2859 Morevco,
756 2818 928 2862 magister
958 2818 994 2849 in
1023 2816 1174 2858 artibus⁷
1198 2816 1367 2849 dominus
1389 2815 1608 2849 Guillelmus
1641 2817 1791 2860 IIervey,
1824 2817 1950 2848 Petrus
1981 2815 2023 2846 (le

162 2882 300 2922 Fluvet,
324 2884 497 2927 magister
519 2884 671 2917 Michael
693 2885 726 2917 le
749 2885 911 2929 Drapier7
932 2884 1105 2928 magister
1126 2883 1161 2915 in
1183 2883 1333 2922 artibus5
1357 2883 1531 2926 magister
1552 2882 1770 2915 Guillclmus
1791 2882 1889 2914 Avis.
1914 2881 2024 2925 magi-

285 2944 329 2959 *ss
354 2941 447 2965 chart.
471 2942 548 2966 Univ.
568 2943 661 2967 Paris.
680 2943 723 2965 111.
1872 2940 1899 2961 37
