2488 3386
886 355 1063 377 STATUTA
1099 355 1179 377 rac.
1216 355 1384 377 DECRET.
1999 346 2064 378 655

198 431 327 456 facultati
341 430 524 464 procedatur.
540 431 569 456 et
584 430 661 456 idem
680 430 816 456 volumus
831 430 861 455 in
877 429 1030 456 licentiatis
1047 431 1075 456 et
1090 429 1253 455 baccalariis
1268 429 1420 455 observari.
1439 430 1473 455 Et
1488 432 1522 455 ut
1540 430 1617 456 istud
1638 430 1871 463 irrefragabiliter
1886 430 2062 457 observetur.

198 479 272 505 nulli
287 479 317 505 in
333 479 515 505 contrarium
531 479 582 504 fiat
594 478 686 512 gratia
702 486 753 512 per
765 478 982 511 juramentum.

287 528 323 562 (7)
338 528 413 554 Cum
438 535 488 561 per
503 527 673 553 exercitium
688 534 777 552 omne
797 527 954 552 artificium
976 527 1095 560 recipiat
1111 527 1340 557 incrementum,
1364 527 1469 552 idcirco
1490 535 1542 553 nos
1561 527 1686 553 decanus
1700 529 1728 553 et
1743 528 1898 560 collegium
1920 528 2064 553 facultatis

197 577 385 603 Decretorum
402 576 523 602 Parisius
537 576 667 609 ejusdem
681 576 823 601 facultatis
836 576 941 601 honori
954 575 1240 609 baccalariorumque
1255 578 1282 601 et
1293 576 1447 602 scolarium
1464 584 1495 601 ac
1508 576 1631 601 aliorum
1646 584 1904 609 quorumcumque
1918 576 2061 603 infeadem

196 626 332 651 facultate
347 625 531 651 studentium
553 625 672 650 utilitati
692 624 843 658 providere
862 624 1021 657 cupientes.
1043 624 1193 657 prehabita
1211 632 1297 658 super
1312 625 1367 650 hoc
1381 624 1586 650 deliberatione
1602 627 1726 654 matura,
1744 625 1939 658 omnibusque
1954 633 1985 650 ac
2007 626 2061 650 sin-

195 674 270 707 gulis
284 674 450 700 doctoribus
472 673 640 707 regentibus
662 673 698 698 ad
722 673 923 701 statuendum,
947 674 1036 706 prout
1056 673 1144 698 moris
1164 675 1215 702 est,
1239 681 1290 706 per
1311 675 1367 699 tres
1387 673 1485 699 missas
1507 673 1665 706 specialiter
1684 674 1815 702 evocatis,
1832 675 1859 699 01
1875 675 1992 707 propter
2007 674 2062 699 hoc

195 730 273 749 anno
289 723 407 748 Domini
421 722 562 748 millesimo
578 721 764 748 trecentesimo
780 722 964 756 nonayesirrw,
981 723 1079 747 octava
1095 722 1140 747 die
1157 722 1314 751 Februarii,
1327 722 1495 748 solemniter
1508 723 1536 748 et
1551 722 1646 747 debite
1662 722 1851 755 congregatis,

284 772 322 805 (8)
337 771 494 797 statuimus
509 772 537 797 et
557 770 728 796 ordinamus
752 770 832 804 quod
856 770 980 804 quilibet
1004 770 1035 795 in
1057 772 1141 796 antea
1160 771 1358 797 doctorandus
1377 770 1408 796 in
1427 771 1563 796 facultate
1583 771 1771 796 Decretorum
1796 771 1918 796 Parisius
1941 771 2062 804 singulis

192 821 276 846 annis
287 820 404 853 jubileis
420 828 470 846 sue
485 820 594 846 lecture
611 821 640 845 et
655 820 783 852 regentIe
799 821 933 846 teneatur
948 819 1039 845 facere
1055 827 1147 845 unam
1163 820 1367 852 repetitionem
1379 820 1540 845 solemnem
1555 820 1585 844 in
1601 820 1726 845 claustro
1740 819 1800 853 (sic)
1812 820 1954 847 Brunelli:
1969 827 2059 853 quam

194 869 216 894 si
231 869 321 895 facere
336 869 475 897 omiserit,
488 876 522 894 ex
538 870 610 894 tunc
624 868 720 901 elapso
735 876 814 894 anno
827 868 862 894 sit
877 876 927 894 sua
942 868 1051 894 lectura
1066 870 1094 894 et
1106 868 1236 900 regentia
1251 869 1388 902 privatus,
1403 877 1454 894 nee
1469 868 1504 894 ad
1520 869 1612 902 ipsam
1626 868 1760 901 deinceps
1775 869 1957 896 admittatur.
1970 869 2061 894 donec

193 918 274 951 prius
289 918 386 944 fecerit
406 917 610 951 repetitionem
632 925 684 950 per
703 917 801 950 ipsum
820 917 973 946 omissam:
989 917 1052 950 jam
1073 917 1247 946 doetoratos,
1269 918 1377 950 quibus
1401 917 1498 943 invitis
1519 917 1613 950 legem
1638 917 1789 950 imponere
1812 925 1871 942 non
1895 925 2058 950 possumus,

193 967 387 995 exhortantes,
405 967 439 991 ut
454 966 509 991 hoc
524 967 633 991 statuto
648 966 692 991 uti
707 966 833 992 debeant
848 966 878 991 in
893 974 921 991 se
936 966 1011 998 ipsis.

281 1014 320 1049 (9)
335 1015 408 1041 Item
424 1015 547 1048 quilibet
566 1015 678 1040 noviter
696 1014 918 1040 doctorizandus
933 1014 1031 1040 volens
1050 1014 1086 1039 ad
1106 1014 1267 1047 regentiam
1289 1014 1405 1040 admitti
1417 1014 1538 1047 jurabit,
1555 1014 1635 1047 quod
1655 1022 1770 1047 presens
1788 1016 1932 1040 statutum
1949 1015 2059 1041 nemini

193 1064 330 1090 revelabit
350 1063 436 1090 verbo
451 1063 494 1089 vel
513 1064 596 1092 facto.
615 1065 691 1089 nutu
706 1064 749 1089 vel
769 1064 861 1097 signo.
878 1063 985 1089 directe
1004 1063 1047 1089 vel
1062 1063 1211 1092 indirecte,
1229 1063 1325 1096 palam
1345 1064 1388 1088 vel
1410 1063 1531 1090 occulte.
1548 1065 1599 1089 aut
1618 1063 1686 1088 alias
1702 1063 1904 1096 quovismodo.
1921 1064 2060 1097 quodque

193 1113 364 1146 hujusmodi
379 1114 523 1138 statutum
539 1112 701 1138 observabit
716 1114 744 1138 et
759 1113 795 1138 ab
810 1113 872 1138 aliis
887 1114 1035 1145 quantum
1048 1112 1156 1145 poterit
1170 1112 1340 1145 procurabit
1355 1112 1525 1137 observari³.

285 1200 354 1223 Bibl.
372 1201 462 1224 Arsen.
480 1200 563 1223 Paris.
578 1208 627 1223 1115.
643 1200 713 1232 1121,
726 1203 801 1231 parte
817 1200 862 1228 111,
876 1208 902 1230 p.
918 1200 972 1228 101,
985 1208 998 1222 e
1012 1200 1073 1222 1115ῑο
1088 1199 1269 1222 Cheltenham.
1284 1200 1353 1226 2863,
1368 1199 1413 1229 11).1
1434 1199 1476 1222 fol.
1495 1199 1603 1222 XXXVI.

284 1284 307 1307 l.
324 1285 357 1307 Ut
372 1288 401 1307 n⁰
418 1284 486 1310 1708.
502 1285 526 1307 6.
543 1298 573 1301 -
592 1285 615 1308 2.
632 1284 710 1311 ibid„
726 1286 749 1308 9.
764 1298 791 1301 -
805 1285 828 1308 3.
845 1284 942 1307 Deinde
964 1283 1083 1315 sequitur
1099 1286 1227 1307 statutum
1245 1283 1271 1306 in
1287 1284 1350 1306 mst⁰
1367 1292 1395 1314 p.
1407 1284 1451 1306 106
1466 1285 1498 1307 de
1513 1283 1691 1308 Juramentis
1707 1285 1853 1308 doctorum
1868 1285 2057 1308 admissorum

190 1330 227 1353 nd
240 1330 463 1358 resumptionem
478 1329 610 1359 regenti&
627 1329 644 1352 i.
660 1337 682 1352 e.
699 1337 790 1351 eorum
803 1329 847 1360 qui
863 1329 903 1351 vel
920 1329 953 1351 ob
973 1328 1121 1351 absentiam
1134 1328 1174 1351 vel
1192 1328 1225 1351 ob
1240 1328 1320 1350 aliam
1336 1336 1443 1351 eausam
1465 1328 1610 1350 amiserunt
1629 1328 1782 1358 regentium,
1798 1331 1940 1359 posteaque
1960 1329 2057 1351 admit-

190 1377 289 1396 tuntur.
306 1373 403 1396 Eadem
423 1374 475 1396 sere
488 1373 638 1404 juramenta
654 1376 682 1396 ut
693 1382 774 1404 supra
792 1381 874 1404 usque
890 1374 922 1396 ad
935 1381 1044 1404 paragr.
1061 1374 1073 1396 7
1089 1376 1226 1404 praestare
1240 1372 1395 1396 debuerunt.
1411 1386 1441 1390 —
1452 1373 1479 1396 P.
1497 1373 1539 1395 111
1557 1372 1675 1403 sequitur
1690 1375 1818 1395 statutum
1833 1373 1864 1395 de
1882 1373 2056 1397 thesaurario

190 1426 236 1441 seu
251 1421 397 1447 receptore,
420 1418 489 1448 quod
512 1417 538 1440 in
556 1418 690 1448 aliquibus
710 1418 825 1448 punctis,
842 1418 922 1440 immo
937 1421 1064 1448 quantum
1079 1417 1112 1440 ad
1128 1425 1222 1440 nomen
1242 1417 1397 1448 posterioris
1416 1416 1542 1447 temporis
1562 1420 1609 1445 est,
1628 1419 1652 1439 et
1674 1416 1699 1438 in
1715 1417 1776 1439 msto
1791 1417 1891 1439 lacunis
1907 1425 1957 1439 non
1976 1421 2055 1440 caret.

190 1462 359 1486 Thesaurnrii
375 1461 487 1485 officium
502 1462 550 1485 fuit
567 1462 633 1484 illud
650 1462 793 1493 receptoris
810 1462 835 1484 in
852 1462 911 1485 aliis
926 1461 1096 1484 facultatibus
1112 1464 1137 1484 et
1152 1461 1178 1484 in
1191 1461 1352 1490 nationibus,
1369 1461 1500 1492 imprimis
1517 1461 1602 1492 quoad
1616 1461 1723 1484 bursas.

192 1628 281 1665 171
293 1628 332 1665 1.
357 1646 372 1662 α
390 1639 505 1662 Statura
526 1637 678 1671 tangencia
697 1637 836 1662 decanum
853 1641 880 1663 et
895 1638 955 1672 ejus
970 1637 1144 1671 electionem,
1163 1641 1190 1662 et
1203 1637 1293 1662 eciam
1303 1638 1471 1671 juramenta
1489 1645 1542 1672 que
1559 1637 1619 1672 ipse
1635 1637 1721 1663 habet
1738 1642 1869 1673 prestare
1889 1639 1916 1664 in
1938 1638 2055 1673 collegio

275 1686 421 1712 doctorum
439 1685 602 1712 immediate
619 1686 695 1721 quod
709 1687 770 1722 ipse
787 1690 829 1712 est
843 1686 949 1711 electus
967 1686 1094 1721 quolibet
1107 1695 1181 1711 auno
1198 1686 1226 1711 in
1243 1685 1376 1711 manibus
1392 1686 1568 1721 antiquioris
1584 1686 1708 1711 doctoris
1725 1687 1856 1721 regentis.
1871 1697 1884 1711 »

276 1776 311 1808 (1)
326 1775 423 1800 Primo
437 1775 535 1808 quoad
553 1775 663 1801 sactum
681 1775 781 1801 decani
796 1775 897 1801 electio
920 1776 970 1801 ssat
985 1775 1080 1809 prima
1102 1775 1188 1801 missa
1212 1777 1276 1808 post
1290 1776 1418 1809 primam
1439 1776 1604 1806 lectionem,
1626 1785 1684 1810 qua
1704 1778 1770 1809 >post
1790 1777 1895 1801 festum
1912 1776 2054 1802 Omnium

186 1823 359 1849 Sanctorum
375 1824 497 1857 legetur,
514 1826 542 1850 et
557 1832 635 1850 anno
651 1824 783 1850 revoluto
798 1825 846 1850 1110
868 1832 921 1858 pro
936 1825 1045 1850 decano
1060 1824 1213 1853 habeatur,
1230 1824 1260 1850 111
1278 1832 1367 1858 (1110111
1386 1826 1485 1850 10111111
1499 1825 1653 1858 collegium
1670 1826 1713 1851 vel
1733 1826 1826 1858 major
1839 1833 1903 1858 pars
1919 1825 1994 1850 dicta
2008 1825 2054 1851 die

185 1873 369 1902 consenserit,
387 1880 446 1899 non
462 1873 594 1899 obstante
610 1873 690 1906 quod
713 1881 764 1907 per
784 1873 882 1907 aliqua
902 1875 1034 1907 tempora
1058 1874 1146 1899 fuerit
1167 1874 1353 1899 observatum
1369 1874 1449 1906 quod
1471 1874 1620 1907 antiquior
1641 1874 1741 1900 doctor
1760 1882 1861 1906 regens
1883 1874 2004 1899 Parisius
2023 1874 2052 1899 in

185 1921 310 1947 Decretis
325 1921 481 1947 haberetur
496 1929 548 1955 pro
566 1922 675 1948 decano
690 1922 721 1948 in
741 1922 861 1955 collegio
878 1922 1067 1948 Decretorum
1078 1922 1096 1951 ¹,
1120 1930 1189 1948 cum
1205 1922 1331 1948 decanus
1346 1923 1489 1948 facultatis
1504 1931 1554 1956 per
1569 1922 1758 1949 01001101101112
1773 1923 1860 1955 possit
1882 1923 1943 1948 lieri
1965 1923 2053 1948 modo

184 1971 212 1996 et
227 1970 318 1996 forma
335 1971 479 2004 predictis.
503 1971 537 1996 Et
557 1971 593 1996 ad
617 1971 699 1996 illam
720 1971 799 1997 diem
815 1971 976 2004 predictam
992 1971 1108 1997 debebit
1123 1971 1250 1997 decanus
1265 1971 1316 2004 qui
1336 1973 1407 1997 tunc
1428 1971 1482 1996 erit
1497 1979 1652 1997 convocare
1668 1979 1769 1997 omnes
1781 1972 1911 1997 doctores
1924 1973 2053 2004 regentes

183 2027 234 2052 per
244 2019 451 2052 juramentum
467 2021 495 2045 et
508 2020 561 2045 501)
576 2020 687 2047 cedula.
705 2022 738 2045 ut
751 2020 887 2045 intersint
903 2020 932 2045 in
947 2020 1023 2046 dicta
1040 2020 1124 2045 missa
1139 2020 1175 2045 ad
1190 2020 1359 2053 eligendum
1375 2019 1531 2045 decanum.

271 2068 310 2102 (2)
326 2069 398 2094 Item
411 2069 522 2101 jurabit
538 2077 625 2094 suum
641 2069 772 2094 officium
786 2069 910 2094 fideliter
925 2071 953 2094 et
968 2069 1123 2102 diligenter
1137 2077 1292 2095 excercere.

272 2117 311 2152 (3)
327 2118 400 2143 110111
416 2118 438 2143 si
457 2118 558 2143 codem
574 2125 652 2143 anno
674 2117 819 2143 decanum
835 2118 971 2144 decedere
988 2118 1030 2144 vel
1051 2126 1078 2144 se
1097 2118 1247 2144 absentare
1263 2118 1454 2151 contingeret,
1470 2119 1540 2143 tunc
1556 2118 1711 2151 collegium
1726 2120 1813 2151 ponet
1831 2119 1870 2144 ibi
1884 2119 1973 2144 alium
1989 2120 2052 2145 loco

182 2166 236 2196 sui,
253 2174 409 2199 quousque
424 2166 550 2192 decanus
563 2168 733 2192 revertatur.

277 2215 313 2248 (4)
331 2216 404 2240 Item
421 2215 442 2240 si
458 2215 603 2241 decanum
619 2217 686 2241 ante
702 2216 792 2241 tinem
812 2216 881 2241 anni
901 2216 1037 2242 decedere
1058 2216 1101 2241 vel
1117 2215 1240 2241 omnino
1259 2215 1389 2241 recedere
1412 2215 1471 2241 sine
1487 2223 1534 2248 spe
1550 2215 1711 2241 revertendi
1733 2216 1895 2248 contigerit.
1913 2218 2052 2242 vocentur

181 2271 233 2297 per
248 2263 446 2296 antiquiorem
462 2272 563 2289 omnes
582 2264 629 2289 alii
645 2264 776 2290 doctores
796 2266 927 2297 regentes
943 2264 1101 2297 specialiter
1117 2264 1151 2289 ad
1169 2272 1260 2289 unam
1277 2264 1394 2289 missam
1417 2271 1469 2296 pro
1484 2264 1623 2289 electione
1638 2264 1738 2289 decani
1759 2264 1821 2289 loco
1837 2265 1874 2290 sic
1894 2265 2051 2291 recedentis

183 2312 225 2338 vel
235 2312 416 2341 decedendis,
431 2313 470 2338 ita
486 2313 565 2346 quod
582 2313 658 2338 ultra
674 2313 885 2339 revolutionem
901 2313 971 2338 anni
988 2321 1047 2338 non
1061 2313 1157 2341 duret.
1171 2313 1224 2338 nisi
1240 2313 1270 2337 in
1285 2313 1361 2338 dicta
1376 2312 1422 2338 (110
1434 2313 1507 2345 jovis
1520 2312 1555 2337 (10
1571 2320 1645 2337 novo
1656 2313 1779 2345 eligatur
1794 2313 1837 2338 vel
1850 2314 2048 2339 continuetur.

270 2361 309 2395 (5)
324 2362 396 2387 Item
412 2369 480 2387 cum
497 2362 622 2387 decanus
638 2362 724 2387 fuerit
740 2362 857 2390 electus.
874 2370 975 2388 omnes
991 2362 1093 2387 bedelli
1109 2362 1216 2387 debent
1230 2363 1356 2394 prestare
1370 2361 1538 2394 juramenta
1555 2361 1634 2394 quod
1650 2361 1702 2386 sibi
1718 2362 1747 2386 in
1763 2362 1901 2387 omnibus
1915 2363 2050 2388 obedient

183 2401 216 2436 ut
230 2410 348 2436 decano.

269 2459 307 2492 (6)
322 2460 395 2485 110111
410 2459 536 2485 decanus
551 2460 698 2485 tenebitur
719 2460 894 2485 doctorizare
915 2460 1084 2488 licentiatos.
1102 2459 1153 2492 qui
1171 2461 1258 2485 0111111
1277 2459 1306 2484 111
1324 2459 1416 2484 forma
1437 2458 1594 2491 incipiendi
1607 2459 1636 2484 in
1654 2459 1788 2487 Decretis.
1805 2459 1827 2485 si
1850 2468 1908 2485 non
1925 2461 2048 2486 habeant

181 2508 334 2541 proprium
355 2508 504 2533 doctorem
521 2509 674 2534 viventem.
693 2509 727 2534 Et
746 2509 782 2534 (le
802 2509 934 2542 pecunia.
957 2517 1014 2542 que
1034 2508 1188 2534 deberetur
1208 2508 1318 2533 doctori
1339 2515 1390 2533 suo
1414 2508 1435 2532 si
1456 2508 1571 2536 viveret.
1589 2507 1682 2533 dictus
1706 2508 1832 2534 decanus
1857 2509 1971 2534 habebit
1996 2517 2048 2542 pro

181 2564 255 2590 pena
269 2558 297 2582 et
310 2557 407 2582 labore
423 2557 522 2583 decem
539 2558 661 2585 francos.
679 2557 829 2583 residuum
846 2565 911 2583 vero
926 2558 1000 2583 dicte
1018 2557 1140 2590 pecunie
1157 2556 1318 2582 remanebit
1332 2564 1417 2588 penes
1434 2556 1610 2584 facultatem.
1628 2556 1674 2581 cui
1691 2557 1720 2582 in
1738 2557 1785 2582 tali
1803 2565 1867 2582 casu
1885 2558 2054 2596 debebitur..

180 2605 265 2638 Quod
280 2605 301 2631 si
317 2606 497 2638 contingeret
514 2606 600 2632 talem
618 2614 676 2631 non
694 2606 851 2632 habentem
866 2606 1015 2632 doctorem
1030 2605 1200 2631 doctorizari
1218 2613 1267 2638 per
1281 2605 1372 2630 alium
1395 2605 1543 2630 doctorem
1559 2613 1649 2638 quam
1666 2613 1716 2638 per
1730 2606 1884 2633 decanum,
1903 2614 1960 2631 non
1977 2608 2045 2632 esset

180 2654 375 2687 prejudicium
394 2655 463 2680 dicti
478 2655 588 2683 decani.
605 2655 679 2680 dum
695 2657 794 2681 tamen
810 2663 860 2688 per
875 2655 973 2688 ipsum
991 2662 1049 2680 non
1064 2655 1112 2679 [iet
1128 2654 1289 2687 quominus
1304 2653 1388 2679 saciat
1402 2654 1513 2679 factum
1525 2654 1608 2686 juxta
1626 2655 1749 2679 sormam
1763 2655 1863 2679 statuti
1879 2655 2008 2687 predicti.

269 2703 308 2737 (7)
326 2703 399 2729 Item
416 2703 528 2736 jurabit
547 2704 650 2737 exequi
670 2712 758 2737 penas
775 2704 921 2729 ordinatas
938 2711 987 2736 per
1007 2703 1163 2736 collegium
1179 2704 1239 2727 tam
1255 2704 1356 2727 contra
1371 2702 1501 2727 doctores
1523 2701 1569 2736 [et]
1592 2703 1726 2731 bedellos,
1744 2711 1834 2735 quam
1854 2705 1953 2728 contra
1977 2704 2046 2728 alios

180 2759 372 2786 quoscunque
388 2751 448 2777 sine
463 2759 641 2786 quacunque
655 2753 823 2778 remissione
838 2760 889 2785 per
904 2753 1001 2786 ipsum
1018 2751 1156 2780 facienda,
1173 2751 1225 2776 nisi
1241 2751 1380 2776 omnibus
1396 2758 1481 2783 super
1497 2751 1551 2776 hoc
1567 2751 1725 2784 specialiter
1737 2752 1866 2777 evocatis.
2053 2786 2056 2790 ,

268 2800 306 2833 (8)
322 2801 394 2826 110111
405 2800 516 2833 jurabit
528 2801 609 2834 quod
624 2802 755 2834 quolibet
770 2809 848 2826 anno
864 2802 995 2834 proxima
1014 2801 1097 2825 missa
1113 2800 1155 2825 vel
1174 2800 1258 2825 citius
1274 2801 1337 2832 post
1358 2800 1464 2824 festum
1480 2799 1622 2825 Omnium
1640 2800 1814 2825 Sanctorum
1830 2801 1922 2832 legere
1937 2802 1965 2826 et
1980 2801 2054 2839 111111

179 2857 258 2875 mare
274 2849 409 2882 predictis
426 2849 537 2875 bedello
551 2856 580 2875 et
595 2849 762 2876 subbedello
779 2850 921 2876 facultatis
936 2851 1080 2875 statutum
1094 2849 1204 2874 sactum
1220 2856 1305 2881 super
1319 2848 1472 2881 punitione
1486 2848 1615 2881 ipsorum
1631 2850 1660 2873 ut
1677 2849 1767 2881 magis
1778 2849 1899 2875 timeant
1914 2849 2043 2875 delicere.

177 2898 263 2931 Quod
279 2899 423 2924 statutum
438 2900 478 2924 est
494 2898 547 2923 sub
563 2898 677 2924 rubrica
692 2899 725 2923 (le
738 2899 839 2924 bezlello
855 2900 879 2924 et
895 2898 1049 2924 szzbbedello
1062 2897 1176 2931 suprass.
