2488 3386
174 359 268 395 1382]
588 373 633 394 AB
669 373 772 394 ANNo
807 372 937 394 MCCCL
973 373 1100 400 USQUE
1136 373 1183 394 An
1220 374 1482 395 ssENEDtCTtJM
1516 375 1604 395 xnt.
1967 365 2030 397 307

171 445 366 490 theologia,
396 453 430 478 et
455 447 485 478 si
512 446 630 478 dictus
656 445 894 478 cancellarius
916 446 962 478 sit
988 446 1160 490 magister
1186 447 1221 478 in
1247 446 1398 487 artibus,
1422 454 1539 491 potest
1564 448 1895 480 vicecancellarium
1921 449 2032 492 magi-

170 519 282 545 strum
313 512 349 544 in
376 512 558 557 theologia
584 512 640 545 vel
668 512 791 552 alium,
814 519 920 557 prout
946 512 1061 544 eidem
1086 513 1300 545 cancellario
1328 513 1513 557 placuerit,
1537 514 1717 546 ordinare.
1741 515 1972 558 l’arisiusque
1995 515 2030 546 in

171 579 330 623 predicta
352 579 479 611 artium
502 578 668 611 facultate
690 578 830 611 solebat
851 590 932 611 esse
949 579 1119 611 duntaxat
1139 591 1286 611 examen
1306 580 1511 612 monasterii
1536 581 1641 612 Beate
1659 581 1844 613 Genovefe
1867 581 2030 625 predicti,

171 645 254 677 licet
274 646 310 677 in
336 645 488 678 ecclesia
512 645 707 678 Parisiensi
729 657 825 677 nunc
846 657 994 678 examen
1016 645 1155 678 existat.
1181 645 1355 678 Dicebant
1375 646 1536 690 insuper.
1556 646 1652 690 quod
1674 658 1796 678 eorum
1820 647 2031 679 intentionis

170 723 350 756 nunquam
383 712 498 744 fuerat
528 723 593 744 nec
623 718 694 744 erat
724 711 861 756 aliquid
892 711 1013 743 dicere
1043 723 1106 743 seu
1136 724 1340 756 proponere
1367 719 1489 744 contra
1523 719 1655 756 partem
1689 713 1817 744 summi
1852 713 2031 757 pontificis

169 778 368 812 Clementis
396 790 484 822 pape
512 778 690 815 moderni,
717 778 888 823 quinymo
911 777 981 810 sibi
1002 778 1224 811 adherebant
1243 785 1277 811 et
1298 778 1472 811 adherere
1493 778 1674 818 volebant,
1699 779 1763 811 sed
1785 791 1824 811 ea
1848 791 1916 823 que
1942 780 2031 811 sece-

170 851 246 877 rant
268 851 301 877 et
327 844 504 877 faciebant
534 845 570 876 in
597 844 661 877 hac.
690 851 801 889 parte,
826 844 892 877 hoc
914 845 1029 877 fuerat
1057 851 1091 877 et
1112 851 1185 877 erat
1214 845 1395 877 dumtaxat
1426 857 1489 889 pro
1518 857 1641 877 eorum
1672 845 1873 889 privilegiis
1901 845 2032 878 substi-

168 911 316 950 nendis;
340 911 510 955 quodque
533 923 624 955 mag.
652 911 813 943 Judocus
839 910 1019 943 Ghisilius
1047 911 1242 956 religiosus
1267 912 1352 944 dicti
1379 912 1587 944 monasterii
1614 913 1721 944 Beate
1746 912 1930 945 Genovese
1957 919 2032 944 erat

169 977 341 1022 magister
372 978 409 1009 in
437 977 576 1010 artibus
610 984 644 1010 et
678 977 831 1022 predicti
864 978 1072 1010 monasterii
1105 978 1355 1018 cancellarius,
1388 985 1422 1010 et
1455 978 1654 1010 secundum
1688 985 1847 1010 tenorem
1886 978 2031 1022 privile-

167 1044 310 1089 giorum
342 1056 504 1084 suorum,
535 1044 679 1088 quando
708 1050 925 1089 temptamen
956 1044 1065 1076 debet
1096 1045 1267 1089 apperiri,
1299 1044 1537 1077 cancellarius
1571 1046 1677 1077 Beate
1710 1045 1895 1077 Genovese
1925 1044 2032 1077 debet

168 1117 322 1155 quatuor
352 1117 585 1155 temptatores
612 1117 765 1155 quatuor
796 1111 980 1143 nationum
1006 1111 1249 1155 predictarum
1280 1111 1429 1156 eligere,
1461 1123 1499 1143 ac
1532 1111 1631 1155 ipsos
1662 1110 1771 1143 debet
1797 1111 2030 1144 Universitati

169 1184 395 1222 presentare3
419 1184 454 1210 et
474 1177 542 1210 hoc
570 1184 727 1222 peracto,
751 1178 916 1210 nationes
938 1177 1032 1210 dicte
1058 1178 1236 1210 facultatis
1259 1184 1411 1222 quatuor
1432 1178 1708 1211 cxmninatoreS.
1732 1189 1840 1209 unum
1863 1177 2033 1210 videlicet

169 1244 213 1276 de
235 1243 395 1288 qualibet
415 1244 572 1284 natione,
597 1244 749 1288 eligunt,
772 1244 832 1288 qui
854 1243 1061 1276 nationibus
1083 1244 1217 1276 faciunt
1234 1245 1491 1288 juramentum.
1518 1244 1715 1288 Dictusque
1737 1255 1830 1288 mag.
1854 1244 2029 1283 Judocus,

170 1310 255 1342 dicti
288 1311 498 1343 monasterii
530 1312 636 1343 Beate
664 1311 850 1344 Genovefe
878 1310 1117 1343 cancellarius
1143 1318 1179 1343 ut
1207 1312 1399 1355 prefertur,
1427 1311 1559 1343 dictum
1590 1323 1683 1355 mag.
1710 1311 1905 1343 Jordanum
1935 1311 2031 1343 vice-

169 1377 422 1409 cancellarium
441 1378 574 1410 fecerat
595 1384 630 1410 et
650 1378 890 1418 ordinaverat,
910 1378 970 1422 qui
991 1378 1135 1422 quidem
1155 1389 1247 1422 mag.
1265 1378 1444 1410 Jordanus
1468 1377 1583 1409 dictos
1605 1383 1837 1421 tcmptatores
1860 1377 2031 1421 predictis

169 1443 378 1476 nationibus
400 1450 686 1488 presentaverat3
710 1456 774 1488 per
794 1450 868 1476 tres
889 1456 975 1477 vero
997 1444 1162 1477 nationes
1184 1444 1378 1488 predictas,
1396 1443 1563 1476 videlicet
1588 1444 1763 1484 Picardie,
1786 1443 1977 1475 Normanie
1999 1449 2034 1475 et

169 1510 312 1555 Anglie,
350 1517 504 1555 quatuor
539 1511 802 1543 examinatores
837 1517 991 1555 quatuor
1025 1511 1210 1543 nationum
1246 1511 1487 1555 predictarum
1524 1510 1628 1542 electi
1663 1511 1815 1550 fuerant,
1851 1510 1910 1553 qui
1947 1510 2028 1541 dum

168 1577 366 1610 secundum
399 1583 561 1609 tenorem
592 1577 770 1610 dictorum
806 1577 1080 1622 privilegiorum
1118 1578 1315 1622 procedere
1343 1577 1544 1616 voluerant,
1578 1577 1729 1621 predicti
1764 1583 2030 1620 conquerentes

166 1643 274 1676 modo
296 1650 329 1676 et
350 1644 462 1676 forma
485 1644 657 1688 predictis
679 1655 718 1676 se
740 1644 931 1688 conquesti
952 1645 1105 1676 fuerant.
1130 1644 1305 1677 Dicebant
1325 1644 1487 1688 insuper,
1511 1643 1608 1688 quod
1629 1643 1723 1675 dicte
1748 1649 1822 1676 trcs
1852 1643 2029 1683 nationes,

166 1710 336 1743 videlicet
366 1711 541 1751 Picardie,
568 1711 761 1743 Norlnanie
792 1717 827 1743 et
855 1711 1002 1756 Anglie,
1029 1718 1152 1743 contra
1184 1711 1313 1743 dictam
1346 1710 1606 1755 querimoniam
1640 1722 1678 1742 se
1711 1716 1968 1754 opposuerant,
1996 1716 2031 1741 et

167 1777 303 1809 eisdem
328 1777 443 1810 tribus
466 1777 673 1810 nationibus
695 1777 967 1822 opponentibus
989 1790 1062 1810 non
1083 1778 1376 1810 contradixerant
1397 1789 1462 1809 nec
1483 1776 1779 1809 contradicebant
1804 1788 1928 1808 omnes
1955 1788 2029 1808 sco-

167 1843 261 1876 lares
285 1844 441 1876 nationis
463 1843 648 1876 Gallicane
671 1844 844 1888 predicte,
872 1844 936 1876 sed
958 1844 1081 1876 decem
1103 1844 1159 1876 vel
1186 1844 1375 1876 duodecim
1399 1844 1493 1875 dicte
1515 1843 1671 1875 nationis
1693 1843 1884 1883 dumtaxat,
1907 1849 2029 1875 contra

168 1922 292 1943 eorum
314 1911 517 1954 juramenta
538 1910 732 1951 veniendo⁷
755 1911 816 1955 qui
846 1911 952 1943 dictis
979 1910 1249 1955 opponentibus
1277 1910 1573 1955 impedimentum
1599 1916 1854 1954 apposuerant,
1882 1916 2029 1954 propter

167 1977 264 2021 quod
300 1977 597 2021 impedimentum
638 1977 785 2022 triginta
823 1984 976 2021 quatuor
1013 1977 1172 2010 scolares
1206 1977 1338 2022 ydonei
1369 1983 1403 2009 et
1437 1977 1657 2009 sufficientes
1692 1976 1854 2019 impediti
1888 1977 2028 2008 fuerant

167 2043 347 2076 licentiam
370 2043 572 2076 obtinendi.
595 2044 713 2086 Quare
743 2044 975 2088 requirebant
997 2044 1166 2088 quatinus
1190 2056 1247 2076 res
1269 2044 1495 2076 contentiosa
1523 2055 1587 2087 per
1608 2055 1749 2075 manum
1774 2050 1930 2075 nostram
1953 2049 2028 2075 tan—

167 2122 271 2154 quam
294 2110 519 2154 superiorem
543 2117 733 2155 regeretur
754 2117 788 2142 et
817 2110 1083 2155 gubernaretur
1108 2112 1208 2155 juxta
1236 2122 1357 2143 casum
1386 2117 1420 2142 et
1450 2117 1608 2142 naturam
1641 2110 1820 2142 novitatis.
1854 2109 2028 2142 Dicebant

166 2177 316 2221 insuper
342 2177 438 2221 quod
470 2177 696 2221 querimonia
727 2177 904 2209 dictorum
935 2177 1235 2221 conquerentium
1268 2183 1341 2209 crat
1372 2177 1492 2221 inepte
1523 2177 1685 2215 formata;
1716 2188 1793 2208 nam
1825 2176 1861 2207 in
1891 2177 2025 2220 majore

167 2244 261 2276 dicte
287 2244 514 2288 querimonie
543 2243 629 2275 dieti
657 2250 924 2287 conquerentes
953 2243 1119 2276 dicebant
1148 2244 1245 2288 quod
1275 2244 1392 2275 dictus
1422 2242 1534 2275 abbas
1562 2250 1633 2275 erat
1664 2243 1699 2274 in
1730 2243 1964 2287 possessione
1993 2249 2026 2275 et

166 2310 299 2343 saisina
321 2310 543 2343 destituendi
569 2310 822 2342 cancellarium
850 2311 956 2342 Beate
983 2311 1182 2346 Genovese,
1210 2317 1244 2342 et
1271 2310 1350 2342 loco
1378 2310 1493 2354 ipsius
1522 2322 1651 2342 novum
1681 2309 1910 2346 instituendi2
1935 2310 2025 2342 etin

166 2377 305 2409 minore
336 2377 430 2409 dicte
460 2377 685 2421 querimonie
720 2389 793 2408 non
827 2376 995 2409 dicebant
1030 2377 1125 2420 quod
1161 2377 1292 2408 dictum
1331 2376 1540 2419 magistrum
1574 2376 1749 2408 Judocum
1786 2375 2022 2408 destituisset.

166 2443 344 2487 Quodque
366 2450 501 2475 attento
523 2443 620 2488 quod
647 2443 741 2475 dicte
770 2450 842 2476 tres
871 2443 1035 2475 nationes
1065 2443 1239 2483 I'icardie,
1262 2443 1454 2475 Normanie
1476 2449 1511 2474 et
1530 2442 1661 2486 Anglie
1684 2449 1783 2474 erant
1811 2443 1921 2486 major
1943 2453 2023 2486 pars

166 2509 343 2542 facultatis
364 2510 492 2542 artium
516 2510 689 2554 predicte,
714 2516 748 2542 et
768 2522 833 2554 pro
856 2510 948 2542 dicta
969 2510 1134 2542 facultate
1150 2511 1211 2553 jus
1233 2510 1269 2541 in
1290 2509 1387 2541 curia
1414 2509 1480 2541 ista
1503 2508 1741 2545 deducebant,
1764 2509 1847 2540 dicti
1870 2520 2021 2552 conque-

166 2583 287 2609 rentes
314 2589 386 2609 non
412 2583 513 2609 erant
538 2576 767 2616 admittendi,
798 2583 833 2609 et
859 2577 889 2608 si
918 2583 1018 2608 erant
1047 2576 1271 2611 admittendi,
1297 2575 1544 2620 proponebant
1575 2575 1726 2607 ulterius
1756 2575 1838 2607 dicti
1870 2586 2022 2618 conque-

166 2649 287 2675 rentes
318 2655 423 2675 omne
455 2644 583 2676 sactum
614 2643 813 2687 pertinens,
842 2650 876 2675 et
905 2643 1161 2675 conclusiones
1189 2642 1366 2675 faciebant
1392 2642 1434 2674 ad
1462 2653 1581 2674 casum
1610 2642 1777 2674 novitatis
1805 2647 2021 2685 specstantes,

166 2710 321 2753 petendo
345 2710 605 2742 recredentiam
627 2709 705 2741 fieri
727 2710 763 2741 in
784 2721 868 2741 casu
892 2709 1088 2742 dilationis.
1113 2710 1242 2753 Sicquc
1264 2709 1334 2740 dici
1356 2715 1387 2740 et
1417 2708 1645 2752 pronunciari
1670 2707 1848 2752 petebant,
1872 2714 1905 2739 et
1927 2707 2021 2750 quod

166 2788 229 2820 per
249 2776 523 2809 advoamentum
548 2776 721 2808 dictarum
751 2777 854 2808 trium
883 2776 1065 2808 nationum
1094 2776 1268 2815 Picardie,
1292 2775 1483 2807 Normanie
1510 2781 1541 2806 et
1569 2774 1698 2818 Anglie
1725 2774 1807 2805 dicti
1830 2774 2019 2811 Jordanus,

164 2842 355 2882 Trouillet,
378 2843 421 2874 de
442 2842 607 2875 Vallibus
630 2849 663 2874 et
689 2843 812 2887 Guyso
840 2849 937 2875 extra
967 2854 1176 2887 processum
1209 2847 1442 2886 ponerentur,
1466 2847 1500 2872 et
1528 2841 1622 2884 quod
1646 2841 1728 2871 dicti
1759 2845 2022 2883 conquerentes

164 2908 201 2940 in
223 2910 393 2953 expensis
416 2909 623 2951 hujusmodi
645 2921 752 2941 cause
773 2909 1139 2953 condempnarentur.
