2488 3386
463 344 526 375 210
1037 351 1352 374 CHARTULARIUM
1387 350 1574 371 UNIVERS.
1612 348 1739 370 PARlS.
2219 332 2318 369 [1372

462 428 660 472 respiciunt
681 434 713 459 et
736 427 916 461 decorem,
940 426 1077 459 ratione
1106 425 1277 457 mentium
1307 431 1508 456 nostrarum
1539 423 1656 455 studia
1682 422 1724 454 ad
1753 421 1818 454 hec
1845 420 2092 453 convertimus
2120 426 2157 452 ut
2184 419 2318 464 prefata

460 494 554 526 natio
582 494 719 526 honore
747 493 949 538 prefulgeat
978 492 1157 536 ampliori,
1185 498 1420 536 prosperetur
1441 490 1635 529 salubrius,
1659 489 1777 533 iisque
1807 487 1965 520 abundet
1992 486 2143 519 uberius
2164 497 2228 530 per
2248 497 2318 530 que

458 560 527 593 sibi
548 560 662 593 valeat
682 560 718 592 in
739 560 955 592 necessariis
979 558 1182 603 providere,
1205 564 1239 590 et
1265 558 1300 589 in
1322 557 1486 590 adversis
1505 556 1660 590 validius
1681 567 1720 588 se
1742 554 1847 587 tueri.
1872 555 2071 598 Eapropter
2092 559 2174 597 post
2195 552 2318 597 plures

456 627 733 659 convocationes
759 633 793 659 et
818 632 987 659 tractatus
1009 636 1119 669 super
1139 624 1369 668 infrascripto
1391 623 1538 668 negotio
1564 621 1769 667 prehabitas
1795 632 1889 653 anno
1911 619 2055 652 Domini
2083 620 2181 660 1372,
2203 619 2318 651 indic-

456 693 551 726 tione
582 693 781 733 undecima,
811 692 947 725 mensis
974 691 1132 725 Januarii
1161 691 1218 723 die
1246 690 1472 730 duodecima,
1496 689 1554 722 die
1575 688 1746 722 videlicet
1771 687 1942 720 mercurii
1973 692 2054 731 post
2082 685 2315 730 Epiphaniam

454 760 609 800 Domini,
632 760 726 804 apud
753 760 786 792 S.
809 759 987 792 Julianum
1018 759 1228 802 Pauperem,
1252 768 1378 789 omnes
1406 763 1441 789 et
1468 755 1604 801 singuli
1634 762 1702 788 tam
1734 760 1903 799 regentes
1925 765 2029 798 quam
2053 764 2125 785 non
2147 758 2317 797 regentes

454 833 487 859 et
509 826 576 858 sub
592 827 797 870 juramento
814 826 856 858 ad
879 825 1107 858 statuendum
1130 835 1240 868 super
1256 823 1336 868 ipso
1358 823 1506 867 negotio
1528 834 1592 867 per
1613 828 1883 867 procuratorem
1902 820 1997 852 dicte
2014 825 2138 852 nostre
2160 818 2317 852 nationis

453 892 539 925 hora
566 893 759 937 primarum
781 892 941 936 legitime
963 890 1162 930 convocati,
1185 889 1354 922 omnibus
1376 889 1482 922 nobis
1508 889 1569 933 qui
1590 888 1780 921 commode
1807 892 1998 932 potuerant
2023 886 2202 919 interesse
2230 897 2317 919 con-

452 951 625 1003 gregatis,
649 971 692 991 ne
714 959 863 1003 pecunia
885 964 1008 990 nostre
1030 957 1186 989 nationis
1208 956 1244 988 in
1265 955 1594 989 comessationibus
1616 967 1679 988 scu
1703 952 1951 999 potationibus
1972 959 2207 986 consumatur
2227 964 2317 998 quo-

452 1025 645 1069 quomodo,
668 1031 728 1057 aut
751 1024 831 1056 aliis
857 1023 1136 1068 quibuscunque
1165 1022 1293 1055 usibus
1322 1029 1548 1067 preterquam
1572 1033 1636 1066 per
1658 1021 1802 1053 modum
1829 1019 2074 1064 subscriptum
2101 1019 2316 1064 applicetur,

452 1091 610 1124 unanimi
637 1091 795 1123 omnium
818 1101 1000 1123 consensu
1023 1089 1225 1121 ordinando
1254 1089 1445 1121 statuimus
1471 1095 1506 1121 et
1533 1078 1725 1121 statuendo
1747 1087 1958 1120 ordinamus
1987 1097 2052 1131 per
2078 1085 2227 1119 modum
2253 1085 2316 1131 qui

451 1158 616 1202 sequitur
635 1169 641 1189 τ

537 1224 668 1264 Primo,
691 1223 788 1267 quod
819 1230 1029 1267 procurator
1050 1222 1207 1255 nationis
1234 1228 1356 1254 nostre
1383 1234 1447 1266 pro
1475 1228 1636 1266 tempore
1658 1221 1818 1254 existens
1840 1220 1969 1254 amodo
1990 1219 2314 1265 congregationem

449 1302 520 1323 non
540 1290 644 1322 saciat
673 1301 738 1322 nec
765 1289 882 1321 facere
911 1289 1043 1333 poterit
1068 1289 1111 1321 ad
1140 1288 1379 1321 ordinandum
1408 1288 1451 1320 de
1484 1288 1634 1333 pecunia
1656 1287 1826 1329 nationis,
1850 1299 1916 1320 nec
1938 1287 1983 1319 de
2003 1286 2081 1331 ipsa
2101 1285 2255 1331 pecunia
2274 1284 2312 1318 in

448 1356 745 1389 deliberationem
774 1367 837 1400 per
858 1367 896 1388 se
918 1355 974 1388 vel
1004 1367 1066 1400 per
1093 1355 1200 1388 alium
1228 1355 1364 1387 directe
1385 1355 1442 1387 vel
1468 1355 1645 1387 indirecte
1674 1366 1810 1399 ponere
1842 1353 1987 1399 poterit,
2018 1352 2228 1398 permittere
2254 1358 2313 1386 aut

447 1434 654 1467 procurare,
672 1428 708 1454 ut
730 1422 766 1454 in
787 1422 928 1466 aliquos
952 1433 1039 1454 usus
1056 1428 1299 1463 convertatur,
1318 1415 1479 1466 exceptis
1501 1421 1618 1454 solum
1635 1420 1798 1454 articulis
1819 1426 1854 1453 et
1874 1419 2020 1453 casibus
2041 1419 2133 1452 infra
2153 1418 2312 1464 scriptis,

445 1496 568 1534 utpote
606 1488 830 1521 defensionis
867 1488 1073 1520 necessarie
1108 1488 1203 1532 juris
1242 1488 1411 1529 nationis,
1448 1487 1730 1520 contributionis
1765 1499 1845 1519 cum
1885 1486 1965 1519 aliis
2000 1485 2210 1519 nationibus
2248 1496 2314 1518 seu

446 1555 674 1588 facultatibus
691 1555 728 1587 in
744 1555 864 1587 sactis¹
884 1554 1138 1587 communibus
1159 1555 1343 1587 nationum
1361 1567 1425 1587 seu
1448 1554 1669 1595 facultatum,
1688 1554 1884 1587 solutionis
1905 1553 2099 1594 scolarum,
2118 1551 2314 1597 emptionis

445 1629 479 1655 et
505 1621 744 1654 edificationis
771 1621 979 1661 earundem,
1011 1621 1308 1653 distributionum
1340 1621 1595 1666 magistrorum
1624 1621 1661 1653 in
1691 1621 1795 1653 sestis
1822 1632 1886 1665 per
1911 1620 2093 1652 nationem
2119 1618 2311 1660 ordinatis,

445 1690 480 1721 in
508 1688 640 1733 quibus
670 1687 849 1732 antiquam
881 1687 1180 1720 consuetudinem
1209 1687 1377 1720 volumus
1408 1688 1608 1728 observari,
1639 1687 1860 1733 duplationis
1888 1686 2009 1720 salarii
2040 1685 2252 1731 receptoris,
2281 1685 2312 1718 si

447 1755 582 1788 nationi
604 1754 790 1799 placuerit,
813 1760 873 1786 aut
892 1754 928 1786 in
948 1754 1028 1786 aliis
1049 1753 1213 1786 honestis
1235 1755 1392 1799 negotiis
1414 1761 1538 1787 nostre
1560 1755 1696 1787 nationi
1722 1753 2002 1799 expedientibus
2023 1759 2058 1785 et
2081 1752 2310 1797 opportunis,

446 1822 542 1854 omni
564 1821 688 1853 fraude
706 1827 740 1852 et
761 1820 844 1852 dolo
866 1820 903 1852 in
925 1820 1114 1864 premissis
1132 1821 1281 1853 semotis
1303 1821 1447 1865 penitus
1464 1828 1496 1853 et
1515 1821 1685 1853 exclusis.
1704 1821 1930 1865 Adjicientes
1947 1826 1986 1852 ut
2001 1831 2080 1852 cum
2102 1818 2311 1864 hujusmodi

449 1887 661 1932 exponenda
683 1887 909 1923 emerserint,
933 1893 1145 1931 procurator
1165 1894 1302 1928 noster,
1326 1894 1492 1932 receptor
1518 1894 1552 1920 et
1582 1887 1755 1932 deputati,
1778 1887 1809 1920 si
1835 1887 1896 1932 qui
1925 1886 2072 1927 fuerint,
2095 1886 2132 1918 in
2157 1885 2311 1921 solemni

447 1953 731 1998 congregatione
753 1953 798 1985 ob
819 1953 886 1985 hoc
907 1953 1069 1986 facienda
1090 1954 1225 1986 nationi
1252 1954 1408 1986 fideliter
1429 1955 1565 1987 referre
1588 1961 1778 1987 teneantur
1799 1960 1834 1986 et
1854 1953 1922 1986 sub
1943 1954 2150 1998 juramento
2171 1951 2312 1997 quanti·
2346 1997 2350 2001 β

447 2027 566 2060 tatem,
589 2019 735 2052 modum
757 2026 792 2051 et
811 2020 959 2052 sormam
982 2020 1135 2064 pecunie
1156 2020 1192 2052 in
1214 2020 1320 2053 dictis
1341 2021 1486 2054 casibus
1508 2021 1737 2066 exponende,
1758 2020 1955 2065 nullusque
1975 2019 2232 2065 magistrorum
2252 2025 2313 2052 aut

448 2086 673 2119 bcdellorum
696 2086 839 2118 intersit
860 2092 918 2118 aut
939 2086 1118 2119 interesse
1139 2094 1334 2131 presumat,
1358 2087 1419 2120 ubi
1445 2088 1581 2132 aliquid
1603 2088 1647 2120 de
1674 2087 1825 2132 pecunia
1845 2087 2002 2120 nationis
2024 2092 2252 2132 preterquam
2274 2085 2311 2118 in

447 2152 657 2197 hujusmodi
678 2152 823 2185 casibus
845 2159 1054 2197 exponatur.

538 2220 624 2251 Item
655 2219 863 2251 ordinamus
893 2219 990 2263 quod
1020 2226 1186 2264 receptor
1216 2227 1352 2261 noster,
1380 2221 1588 2266 quicunque
1622 2234 1686 2267 pro
1717 2228 1881 2266 tempore
1911 2220 2032 2262 fuerit,
2061 2219 2098 2252 in
2128 2219 2311 2264 presentia

449 2285 605 2317 nationis
634 2292 841 2329 computare
872 2292 1035 2318 teneatur
1064 2293 1118 2318 ter
1150 2287 1186 2319 in
1218 2299 1325 2328 anno,
1357 2288 1528 2321 videlicet
1559 2289 1595 2320 in
1622 2288 1741 2321 medio
1769 2287 2068 2332 Quadragesime,
2097 2285 2222 2318 ultima
2251 2285 2310 2318 die

450 2351 631 2383 ordinarie
652 2351 792 2396 legibili
813 2358 892 2384 ante
913 2353 1043 2384 festum
1074 2353 1319 2397 apostolorum
1349 2355 1444 2387 Petri
1473 2361 1507 2387 et
1537 2355 1650 2396 Pauli,
1677 2361 1712 2387 et
1738 2355 1844 2387 tertio
1871 2354 1929 2386 die
1957 2353 2140 2386 ordinarie
2169 2351 2311 2398 legibili

451 2424 533 2462 post
551 2418 679 2450 festum
703 2418 889 2462 Remigii'2,
913 2419 1082 2463 quodque
1109 2421 1295 2464 pecuniam
1318 2427 1425 2453 totam
1448 2433 1552 2466 quani
1574 2421 1837 2466 computaverit
1856 2420 1993 2453 nationi
2014 2419 2171 2452 debitam
2191 2425 2227 2452 et
2246 2430 2311 2463 per

451 2496 529 2516 eum
558 2490 733 2528 receptam
760 2484 850 2516 infra
878 2491 958 2517 octo
988 2485 1065 2517 dies
1092 2498 1109 2518 a
1137 2486 1195 2518 (lie
1221 2488 1377 2532 compoti
1409 2489 1465 2520 sui
1494 2495 1658 2521 teneatur
1686 2488 1847 2533 plenarie
1876 2488 1913 2519 in
1941 2486 2124 2531 presentia
2152 2485 2309 2518 nationis

451 2550 664 2591 deliberare,
688 2557 725 2582 ut
750 2562 813 2595 per
833 2551 949 2595 ipsius
971 2552 1127 2584 nationis
1149 2553 1446 2586 deliberationem
1470 2555 1505 2587 in
1527 2567 1642 2588 arcam
1665 2566 1729 2587 seu
1751 2555 1788 2587 in
1809 2554 1928 2587 locum
1948 2560 2063 2586 tutum
2085 2559 2121 2585 et
2140 2563 2308 2585 securum

451 2623 485 2649 et
506 2616 573 2649 sub
594 2616 758 2649 clausura
779 2617 877 2649 fideli
898 2625 1092 2662 reponatur
1114 2620 1341 2653 reservanda.

538 2684 624 2714 Item
647 2682 814 2715 volumus
840 2690 874 2715 et
894 2684 1102 2717 ordinamus
1125 2686 1221 2729 quod
1247 2694 1501 2730 procuratores
1523 2695 1558 2721 et
1578 2694 1786 2733 receptores
1807 2687 1919 2720 futuri
1939 2687 1976 2718 in
1997 2697 2062 2719 sua
2081 2684 2309 2718 institutione

443 2750 568 2792 jurent
593 2749 826 2793 singulariter
846 2755 926 2781 ante
946 2749 1053 2782 officii
1079 2753 1347 2796 susceptionem
1371 2754 1515 2798 publice
1542 2755 1578 2787 in
1604 2754 1787 2799 presentia
1814 2753 1985 2794 nationiS,
2009 2751 2106 2797 quod
2132 2750 2308 2796 premissa

448 2815 483 2846 in
501 2821 670 2859 quantum
693 2827 755 2847 eos
778 2822 928 2860 tangunt
948 2828 1011 2860 pro
1034 2829 1141 2860 posse
1163 2818 1318 2851 fideliter
1335 2820 1593 2859 observabunt,
1617 2827 1651 2853 et
1671 2821 1768 2865 quod
1789 2820 1884 2852 idem
1907 2825 2120 2864 procurator
2141 2816 2308 2850 similiter

441 2882 551 2923 juret,
580 2881 676 2925 quod
704 2893 952 2914 successorem
984 2894 1087 2914 suum
1120 2883 1185 2916 hoc
1214 2885 1307 2917 idem
1335 2887 1435 2919 saciat
1461 2888 1597 2931 jurare,
1626 2899 1691 2920 nec
1719 2898 1829 2931 super
1854 2884 2065 2930 hujusmodi
2090 2882 2307 2929 juramentis

570 2939 608 2963 27.
