2488 3386
461 340 505 373 88
1041 342 1356 367 CHARTULARIUM
1390 340 1579 363 UN1VERS.
1616 338 1743 361 PAms.
2225 323 2323 360 [1362

552 425 624 449 Item
639 422 777 456 magiStro
794 422 876 447 Petro
889 421 1004 453 Ioseph,
1019 419 1214 445 Cameracens.
1229 418 1326 444 dioc...

551 473 623 497 Item
638 471 777 503 magistro
792 469 919 495 Johanni
931 470 966 495 de
978 469 1130 501 Zinghem,
1144 467 1212 492 alias
1221 466 1298 492 dicto
1309 464 1474 498 Augustini,
1489 464 1658 489 Tornacens.
1671 462 1735 488 dioc
1749 460 1794 495 [de
1807 468 1870 487 can.
1885 460 1952 486 eccl.
1970 459 1997 486 S.
2011 459 2162 486 Gertrudis
2174 459 2324 489 Nivellens,

463 521 609 547 Leodiens.
624 518 719 554 dioc.].

551 570 624 594 Item
640 568 777 601 magistro
790 567 917 593 Johanni
932 564 1122 594 Bauchantw,
1138 564 1318 590 Noviomens.
1334 562 1430 588 dioc...

551 618 624 643 Item
639 617 777 650 magistro
792 615 917 642 Johanni
930 615 966 641 de
981 614 1074 643 Ruho,
1088 614 1257 639 Tornaeens
1273 611 1369 637 dioc...

554 667 629 692 Item
645 665 784 698 magistro
798 664 953 697 Wynando
966 664 1002 689 de
1016 661 1236 689 Johanniscuria
1251 659 1377 695 (Incuria
1384 658 1415 694 Ρ),
1432 658 1579 684 Leodiens.
1594 657 1667 683 dioc.
1686 655 1730 691 [de
1744 663 1806 681 can.
1824 655 1891 681 eccl.
1907 655 1933 681 S.
1948 654 2063 681 Martini
2075 654 2182 689 Leod.].

555 715 628 740 Item
643 714 781 746 magistro
796 713 923 739 Gerardo
937 712 1061 745 Stripen,
1078 710 1225 736 Leodiens.
1240 709 1314 734 dioc.
1332 707 1375 743 [de
1388 715 1450 733 can.
1467 707 1534 733 eccl.
1552 706 1578 732 S.
1594 705 1744 731 Cuniberti
1760 702 1943 738 Coloniens.].

552 764 625 788 Item
640 762 778 795 magistro
793 761 956 787 Christiano
972 760 1078 789 Paiere,
1094 759 1248 785 Morinens.
1265 756 1386 783 diocst...

553 812 627 837 Item
642 811 781 843 magistro
797 810 923 836 Gerardo
938 809 1043 835 Mathie
1056 808 1091 834 de
1106 806 1259 836 Osterwiic‚
1276 805 1423 831 Leodiens.
1441 805 1539 830 dioc...

552 861 626 886 Item
642 860 779 892 magistro
792 858 918 884 Johanni
933 858 1086 886 Vromont,
1103 856 1170 881 alias
1185 855 1261 881 dicto
1274 855 1309 880 de
1323 855 1420 883 Borra,
1437 853 1591 879 Morinens.
1608 851 1689 884 dyoc.
1708 850 1752 885 [de
1767 858 1830 876 can.
1846 850 1913 876 eccl.
1929 849 2143 885 Suessionens.].

552 910 625 934 Item
640 908 779 941 magistro
794 906 921 933 Johanni
936 904 1128 934 Blanckart²⁷‚
1143 904 1288 930 Leodiens.
1306 903 1388 936 dyoc.
1406 901 1450 937 [de
1465 909 1528 927 can.
1542 901 1609 927 eccl.
1626 900 1721 926 Sancti
1736 899 1857 925 Foillani
1869 899 1995 925 Fossens.
2009 899 2084 926 dicte
2098 898 2195 934 dioc.].

553 958 627 983 Item
642 957 780 989 magistro
796 955 928 983 Henrico,
943 955 1020 980 dicto
1033 954 1125 987 Supra
1140 954 1261 986 pontem
1276 952 1312 978 de
1326 951 1435 980 Arscot,
1452 950 1599 976 Leodiens.
1616 949 1713 975 dioc...

552 1007 625 1031 Item
641 1005 779 1037 magistro
795 1003 922 1029 Johanni
932 1003 967 1029 de
981 1002 1105 1031 Herzele,
1121 1002 1291 1026 Tornaeens.
1309 1000 1414 1033 dyoc...

554 1055 626 1079 Item
642 1053 780 1086 magistro
795 1053 911 1078 Galtero
926 1051 1068 1077 Meelman
1080 1050 1116 1076 de
1130 1049 1312 1078 Buscoducis,
1329 1048 1476 1074 Leodiens.
1493 1047 1599 1080 dyoc...

552 1103 626 1128 Item
641 1101 779 1134 magistro
795 1101 925 1126 Huberto
941 1099 1064 1125 Corbelli
1079 1099 1115 1124 de
1128 1098 1240 1126 Streles.
1255 1097 1403 1123 Leodiens.
1420 1096 1494 1122 dioc.
1510 1095 1554 1130 [de
1569 1103 1632 1122 can.
1647 1095 1674 1121 S.
1686 1095 1815 1129 Dionysii
1832 1094 1938 1130 Leod.].

554 1152 628 1176 Item
643 1150 781 1182 magistro
797 1149 937 1174 Franconi
952 1148 988 1174 de
1003 1148 1093 1173 Busco
1105 1147 1140 1173 de
1155 1147 1252 1175 Lewis‚
1270 1146 1416 1171 Leodiens.
1432 1145 1528 1171 dioc...

550 1200 623 1225 Item
640 1198 757 1224 Livinus
772 1198 866 1223 dictus
881 1197 1006 1225 Paresiis,
1023 1197 1193 1222 Tornacens.
1211 1194 1333 1220 diocfi...

552 1248 624 1273 Item
640 1247 778 1279 magistro
793 1245 920 1271 Johanni
932 1245 1060 1274 Wedart,
1074 1245 1244 1270 Tornacens.
1261 1243 1367 1276 dyoc...

550 1297 622 1321 Item
639 1295 777 1328 magistro
792 1293 919 1320 Johanni
935 1294 1019 1326 Pully
1032 1293 1068 1319 de
1081 1293 1183 1320 namo,
1197 1292 1377 1318 Noviomens.
1394 1291 1491 1317 dioc...

551 1345 623 1369 Item
639 1344 776 1376 magistro
792 1343 918 1369 Johanni
934 1342 1059 1371 Gastelli‚
1076 1342 1261 1367 Laudunens.
1276 1341 1373 1366 di0c...

549 1394 622 1419 Item
641 1393 781 1424 magistro
798 1392 952 1417 Willermo
966 1391 1078 1416 Marant
1090 1390 1126 1416 de
1138 1389 1291 1417 Lovvanio.
1306 1389 1454 1418 LeodIens.
1471 1389 1553 1422 dyoc,
1571 1387 1615 1423 [de
1628 1396 1691 1415 can.
1707 1388 1734 1414 S.
1751 1388 1948 1414 Bal-tholomei
1963 1387 2070 1423 Leod.].

553 1442 625 1467 Item
642 1441 779 1473 magistro
794 1440 921 1466 ,Iohanni
936 1439 1029 1468 Fabri,
1046 1439 1242 1465 Cameracens.
1260 1439 1365 1471 dyoc...

553 1491 627 1516 Item
643 1489 780 1522 magistro
795 1488 957 1514 Alexandro
971 1488 1006 1514 de
1021 1488 1129 1516 Duaeo,
1144 1487 1297 1513 Morinens.
1314 1487 1387 1512 dioc.

552 1539 625 1564 Item
641 1538 779 1570 magistro
795 1538 878 1563 Petro
891 1537 1047 1565 Cabilhars.
1064 1536 1131 1561 alias
1146 1536 1181 1562 de
1194 1536 1318 1568 Quercu,
1334 1536 1480 1562 Leodiens.
1496 1535 1600 1568 dyoc...

555 1588 628 1612 Item
644 1587 782 1619 magistro
798 1586 903 1611 Jacobo
916 1586 951 1611 de
963 1585 1096 1614 Damme,
1111 1586 1282 1611 Tornacens.
1298 1584 1371 1610 dioc.
1386 1584 1429 1619 [de
1445 1592 1507 1610 can.
1527 1585 1555 1610 B.
1572 1584 1659 1610 MarIe
1675 1584 1827 1610 Casletens.
1845 1583 1946 1610 Morin.
1963 1582 2058 1618 dioc.].

555 1636 627 1661 Item
644 1635 781 1667 magistro
796 1634 923 1660 Johanni
938 1634 1076 1660 Rousselli
1089 1634 1124 1659 de
1138 1634 1249 1667 Waloy,
1267 1634 1452 1659 Ambianens.
1469 1633 1566 1659 dioc...

553 1685 627 1709 Item
642 1684 780 1716 magistro
795 1683 907 1708 Nicolao
922 1683 957 1709 de
972 1683 1087 1712 Patella,
1104 1683 1274 1716 Trajectens.
1289 1683 1386 1708 dioc...

554 1733 628 1758 Item
643 1732 782 1765 magistro
796 1732 923 1757 Johanni
938 1732 1063 1761 Putefin‚
1080 1731 1266 1757 Ambianens.
1283 1732 1381 1759 (1106...

554 1782 628 1806 Item
642 1781 781 1813 magistro
796 1780 922 1805 Johanni
937 1781 973 1806 de
985 1780 1113 1809 Fleruco,
1131 1780 1277 1806 Leodiens.
1295 1781 1391 1807 dioc...

553 1830 626 1855 Item
642 1829 781 1861 magistro
796 1829 942 1854 Bernardo
957 1829 1082 1858 Putefin,
1099 1829 1284 1855 Ambianens.
1299 1830 1371 1855 dioc.

555 1878 629 1903 Item
644 1877 782 1910 magistro
796 1877 942 1903 Bernardo
957 1877 992 1903 de
1007 1877 1089 1907 Ruio,
1107 1878 1253 1904 Leodiens.
1268 1878 1365 1904 dioc...

558 1927 631 1952 Item
646 1926 784 1959 magistro
800 1925 961 1952 Guillermo
976 1926 1011 1952 de
1026 1926 1174 1956 Guistella,
1191 1927 1344 1953 Morinens.
1362 1927 1459 1953 dioc...

558 1975 631 2001 Item
648 1975 786 2007 magistro
801 1975 906 2000 Jacobo
921 1975 1046 2004 Foeillet,
1062 1975 1128 2000 alias
1143 1975 1233 2005 Hotri,
1251 1976 1446 2001 Cameracens.
1464 1975 1561 2002 dioc...

559 2024 632 2049 Item
647 2023 786 2056 magistro
801 2023 916 2049 Galtero
932 2023 1062 2056 Hugonis
1076 2024 1111 2049 de
1124 2024 1287 2053 Linsemial,
1303 2024 1450 2050 Leodiens.
1464 2024 1561 2050 dioc...

558 2072 632 2098 Item
646 2072 783 2104 magistro
796 2072 950 2097 Lamberto
965 2072 1112 2098 Blanclaer
1126 2072 1189 2107 (leq.
1206 2072 1385 2107 Blanekaer),
1400 2073 1546 2099 Leodiens.
1561 2073 1658 2098 dioc...

558 2121 632 2146 Item
646 2120 785 2153 magistro
799 2120 911 2145 Nicolao
924 2120 960 2146 de
974 2121 1177 2153 Magnoponte,
1194 2121 1423 2147 Cameracensi...

560 2169 633 2194 Item
648 2168 786 2201 magistro
802 2169 885 2194 Petro
901 2169 936 2194 de
949 2169 1048 2198 Fonte,
1063 2170 1233 2195 Tornacens.
1250 2170 1323 2196 dioc-
1339 2169 1383 2205 [de
1398 2178 1460 2196 6311.
1476 2170 1507 2196 Β.
1521 2170 1608 2196 Marie
1618 2170 1740 2204 Hoyens.
1759 2169 1844 2196 Leod.
1858 2169 1953 2204 dioc.].

555 2218 629 2242 Item
648 2217 786 2250 magistro
802 2217 928 2243 Gerardo
941 2218 977 2243 de
989 2218 1078 2250 Faing
1092 2218 1127 2244 de
1142 2219 1306 2251 Dyonanto,
1324 2219 1470 2245 Leodiens.
1487 2219 1585 2245 dioc...

559 2266 633 2291 Item
649 2265 786 2298 magIStro
800 2266 925 2292 Gerardo
940 2266 976 2291 de
991 2267 1128 2300 Bechaya‚
1144 2267 1212 2293 alias
1227 2267 1330 2293 rectori
1342 2268 1417 2293 dicte
1429 2268 1636 2298 Universitatis,
1647 2268 1840 2294 Attrebatens.
1856 2268 1929 2294 dioc.
1946 2266 1991 2302 [de
2005 2275 2068 2294 can.
2082 2266 2150 2294 eccl.
2168 2265 2331 2302 Attrehat.].

560 2314 634 2339 Item
650 2314 787 2347 magistro
802 2314 934 2340 Michaeli
948 2315 1028 2348 Veys.
1045 2315 1199 2342 Morinens.
1216 2316 1289 2342 dioc.
1309 2316 1354 2350 [de
1369 2324 1431 2342 can.
1450 2316 1476 2342 S.
1492 2317 1567 2343 Petri
1579 2317 1610 2342 in
1624 2317 1750 2346 Toralto,
1766 2317 1885 2343 Tornac.
1899 2315 1993 2351 dioc.].

561 2363 634 2388 Item
648 2362 786 2395 magistro
802 2363 964 2389 Guillermo
978 2363 1013 2389 de
1028 2364 1162 2394 Ansame,
1178 2365 1332 2391 Morinens.
1349 2365 1447 2391 dioc...

560 2411 634 2436 Item
647 2411 785 2443 magistro
799 2411 926 2437 Johanni
941 2412 1097 2442 Bournelli,
1112 2413 1297 2439 Ambianens.
1314 2414 1411 2439 dioc...

559 2459 633 2484 Item
647 2459 784 2492 magistro
799 2459 925 2485 Johanni
941 2461 1093 2490 Loeeman‚
1108 2462 1255 2487 Leodiens.
1270 2463 1366 2488 dioc...

561 2508 634 2533 Item
649 2508 787 2541 magistro
803 2508 930 2534 Johanni
945 2509 980 2535 de
996 2509 1200 2540 Lichtervelde‚
1217 2511 1285 2536 alias
1299 2511 1439 2541 meda-ic,
1455 2512 1626 2538 Tornaeens.
1640 2512 1738 2538 dioc...

560 2556 634 2581 Item
649 2556 787 2588 magistro
802 2556 928 2582 Johanni
943 2558 1049 2588 Cazier,
1066 2559 1218 2585 Morinens.
1234 2560 1339 2592 dyoc...

559 2604 633 2629 Item
648 2605 785 2637 magistro
801 2605 954 2631 Lamberto
968 2607 1003 2632 de
1019 2607 1175 2637 Provenda,
1192 2608 1345 2634 Morinens.
1361 2609 1468 2642 dioc..)-

561 2653 635 2678 Item
647 2653 785 2685 magistro
800 2653 922 2679 Henrico
938 2655 1063 2684 Martini,
1079 2656 1249 2682 Tornacens.
1266 2657 1371 2690 dyoc...

559 2701 634 2726 Item
649 2701 786 2734 magistro
801 2702 927 2728 1011311111
941 2703 1028 2733 Bunt,
1045 2704 1215 2737 Trajeetens.
1232 2706 1329 2732 dioc...

561 2750 636 2775 Item
653 2750 790 2783 magistro
805 2751 931 2776 Johanui
946 2752 1086 2784 Maugart,
1102 2753 1294 2780 Attrebatens.
1312 2755 1385 2780 dioc.
1401 2754 1445 2790 [de
1459 2763 1522 2781 can.
1534 2756 1602 2782 eccl.
1617 2755 1756 2791 Carnot.].

562 2798 636 2823 Item
651 2798 789 2831 magistro
801 2799 928 2825 Johanni
940 2800 1116 2833 Esponssars,
1131 2802 1326 2828 Cameracens.
1343 2803 1416 2829 dioc.
1434 2803 1478 2838 [de
1490 2812 1553 2830 ean.
1568 2805 1635 2831 eccl.
1652 2804 1834 2840 Belvacens.].

563 2847 637 2872 Item
652 2847 790 2880 magistro
805 2847 931 2874 Johanni
947 2849 1069 2879 Stavere,
1086 2851 1257 2877 Tornacens.
1272 2852 1345 2878 dioc.
1365 2852 1410 2886 [de
1425 2860 1487 2879 can.
1505 2853 1572 2880 eccl.
1590 2853 1617 2880 S.
1632 2853 1788 2880 Donatiani
1803 2854 1942 2887 Brugens.
1956 2852 2046 2887 ejusd.
2063 2851 2161 2886 dioc.].
2245 2849 2315 2886 [188]
