2488 3386
214 309 310 345 1385]
625 322 670 343 AB
705 322 810 344 ANNO
847 321 977 344 MCCCL
1011 321 1144 349 USQUE
1181 322 1230 343 AD
1267 322 1534 344 ΒΕΝΕῡιοτυΜ
1569 323 1657 344 Χιιι.
2008 314 2071 346 411

212 402 272 428 aut
301 394 417 440 ipsius
445 395 591 428 nomine
619 406 729 440 super
754 394 944 440 premissis
971 394 1133 428 articulis
1163 395 1436 439 producendos⁷
1463 402 1498 428 et
1518 396 1655 429 litteras
1684 408 1747 429 seu
1770 397 2020 439 instrumenta,
2044 397 2074 430 si

213 474 283 507 que
305 462 507 507 producere
527 461 627 503 velit,
650 474 719 507 que
747 473 858 507 super
878 461 1068 506 premissis
1097 468 1131 494 et
1160 461 1240 494 aliis
1262 468 1385 494 contra
1407 474 1488 494 eum
1517 462 1601 495 licet
1626 463 1747 507 inepte
1769 464 1954 508 productis
1975 464 2075 497 inve-

213 529 354 571 neritis,
386 529 616 562 sanctissimo
647 529 794 561 domino
826 535 951 561 nostro
982 528 1063 561 loco
1094 535 1129 561 et
1156 528 1383 573 temporibus
1411 529 1640 573 opportunis.
1662 530 1927 574 quodammodo
1950 531 2075 563 eidem

214 607 287 629 rev.
311 596 514 640 paternitati
534 602 654 629 vestre
675 595 908 628 commissum
930 601 997 636 est,
1022 595 1226 627 referendo.

302 663 526 695 Protestatur
542 669 672 704 tamen,
692 668 727 695 et
740 674 809 707 ego
830 662 946 707 ipsius
968 662 1128 703 nomine⁷
1147 661 1244 706 quod
1260 673 1332 694 non
1353 668 1517 694 arceatur
1534 662 1577 694 ad
1599 662 1801 706 superfluas
1822 663 2075 707 probaciones,

214 735 249 762 et
278 729 375 773 quod
405 741 622 774 quoeunque
650 735 813 774 tempore
845 728 910 761 hac
940 740 1046 762 eausa
1076 740 1195 761 eoram
1224 727 1330 761 vobis
1362 728 1543 773 pendente
1572 740 1787 773 quecunque
1817 729 2075 774 probacionum

214 807 348 841 genera
370 796 572 840 producere
593 796 708 841 possit
732 808 851 829 coram
871 795 977 829 vobis
998 802 1058 828 aut
1078 795 1339 828 commissariis
1359 795 1505 836 vestris,
1530 802 1565 828 et
1585 795 1682 840 quod
1703 795 1793 828 illud
1815 797 1911 840 quod
1933 797 1976 829 de
1998 809 2078 841 pre-

215 863 338 896 missis
364 862 525 896 articulis
555 862 710 908 probare
740 863 873 908 poterit
899 862 1014 896 valeat
1044 862 1130 904 sibi3
1161 863 1192 895 si
1219 874 1304 896 vero
1333 862 1469 907 aliquid
1498 862 1722 907 superfluum
1753 869 1813 895 aut
1841 863 2078 908 impertinens

215 929 497 972 articulaverint,
522 930 619 975 quod
646 942 719 963 non
748 936 849 975 putat
875 930 972 975 quod
1002 929 1093 962 illud
1121 928 1192 962 sibi
1220 941 1292 962 non
1319 935 1458 970 noceat,
1482 941 1548 961 nec
1570 929 1662 974 parti
1688 941 1752 962 sue
1777 930 1894 974 prosit
1912 930 2078 972 adverse,

215 1009 369 1030 unacum
391 997 471 1030 aliis
492 996 823 1042 protestacionibus
844 997 881 1030 in
901 996 1034 1030 talibus
1055 996 1134 1029 fieri
1156 996 1288 1029 debitis
1310 1002 1345 1028 et
1364 996 1562 1029 consuetis.

310 1082 387 1105 Arch.
403 1082 462 1105 Vnt.
480 1082 587 1105 Collect.
604 1087 633 1105 11ο
652 1083 707 1112 410,
730 1083 774 1106 sol.
799 1083 916 1106 170-176.
940 1083 1001 1105 Post
1020 1082 1100 1105 verba
1118 1090 1128 1104 t<
1147 1082 1196 1105 Pro
1217 1081 1374 1104 cancellario
1391 1089 1401 1103 1>
1419 1081 1537 1112 sequitur
1557 1081 1663 1104 rubrica
1687 1090 1691 1104 z
1712 1090 1723 1104 α
1741 1082 1864 1113 Sequitur
1887 1083 2020 1106 attestatio
2035 1092 2081 1107 sen

216 1126 347 1158 depositio
362 1127 469 1150 testium
489 1135 537 1158 pro
559 1130 634 1158 parte
654 1127 717 1150 dicti
737 1127 888 1150 cancellarii
909 1127 1099 1158 productorum
1114 1129 1139 1149 et
1160 1134 1207 1157 per
1225 1126 1322 1149 dictum
1341 1126 1476 1148 dominum
1498 1126 1659 1149 cardinalem
1681 1130 1843 1157 receptorum
1861 1135 1890 1150 ac
1906 1128 1936 1150 de
1959 1128 2082 1151 mandato

216 1171 333 1202 ejusdem
349 1171 448 1194 domini
464 1171 607 1195 cardinalis
623 1172 832 1195 examinatorum
855 1180 903 1203 per
918 1172 1066 1203 predictum
1082 1179 1152 1202 mag.
1173 1171 1344 1194 Guillelmum
1362 1170 1392 1193 de
1411 1170 1544 1194 Gaudiaco
1570 1171 1781 1194 commissarium
1797 1174 1822 1194 et
1842 1180 2001 1195 assessorem
2021 1173 2082 1195 dicti

217 1216 286 1239 dom.
303 1216 454 1245 cardinalis,
470 1219 592 1247 presente
607 1219 632 1239 et
647 1216 777 1240 scribente
794 1216 912 1248 ipsorum
926 1216 1106 1247 deposiciones
1121 1216 1222 1239 notario
1241 1223 1286 1239 seu
1305 1215 1393 1238 scriba
1409 1215 1540 1246 presentis
1556 1224 1633 1239 cause
1649 1224 1729 1247 super
1744 1216 1862 1239 articulis
1880 1217 1964 1248 ipsius
1980 1218 2084 1240 cancel-

216 1260 277 1283 larii
294 1270 314 1283 υ.

311 1332 333 1355 1.
349 1332 377 1355 111
399 1332 477 1355 Bulla
497 1332 618 1363 Gregorii
640 1333 681 1360 lx,
701 1333 811 1356 Parcus
830 1332 1027 1359 scientiarum.
1046 1333 1184 1357 Chartul..
1202 1333 1221 1360 1,
1238 1336 1266 1354 110
1284 1333 1322 1355 79.
1341 1332 1391 1355 Sed
1407 1332 1580 1354 cancellarius
1600 1332 1688 1363 potius
1708 1332 1809 1355 bullam
1824 1333 1940 1364 ejusdem
1955 1334 2086 1364 Gregorii,

217 1384 259 1400 an.
275 1376 345 1405 1237,
366 1376 439 1407 Sept.
458 1377 470 1399 7
487 1376 638 1406 (Ghartul.‚
658 1380 686 1399 η’)
705 1377 768 1406 117),
785 1385 848 1408 prae
866 1377 950 1400 oculis
973 1376 1074 1406 habuit,
1098 1376 1160 1408 quia
1182 1376 1208 1399 in
1230 1380 1283 1399 1115ο
1300 1376 1344 1399 sol.
1362 1376 1416 1404 158,
1433 1384 1482 1407 pro
1501 1379 1577 1407 parte
1595 1376 1746 1399 cancellarii
1770 1377 1815 1400 illa
1838 1377 1894 1400 sola
1920 1377 2037 1401 affertur.
2054 1392 2085 1395 —

218 1422 241 1445 2.
257 1421 303 1444 Ms.
321 1429 326 1444 :
343 1420 554 1452 «magisterio».
571 1435 601 1438 -
615 1422 638 1444 3.
653 1422 700 1444 Αη,
717 1421 786 1449 1385,
804 1421 891 1444 Martii
907 1422 1015 1445 24-Jun.
1033 1422 1062 1444 23
1079 1421 1140 1450 (vid.
1159 1429 1239 1452 supra
1255 1425 1283 1444 n⁰
1299 1421 1378 1450 1500).
1394 1421 1431 1443 Ad
1448 1421 1496 1443 hoc
1513 1421 1728 1452 impedimentum
1742 1421 1832 1445 referri
1846 1422 1922 1445 debet
1939 1423 2008 1453 quod
2024 1423 2085 1445 olim

216 1465 355 1497 legebatur
378 1465 404 1488 in
423 1466 483 1490 Lib.
497 1472 575 1496 proc.
590 1470 650 1490 Ναί.
668 1466 768 1490 Gallie.
786 1466 849 1495 (vid.
870 1466 939 1496 Bul„
961 1467 1003 1495 lv,
1024 1466 1079 1496 984)
1095 1474 1099 1488 :
1119 1474 1129 1489 ((
1148 1466 1259 1489 Nomina
1276 1465 1470 1488 licentiatoruin
1493 1466 1519 1488 in
1539 1466 1641 1489 artibus
1665 1466 1690 1488 in
1707 1466 1732 1488 1²
1751 1466 1884 1489 auditione
1899 1467 1928 1490 B.
1950 1467 2039 1496 Mario,
2055 1468 2086 1490 de

218 1510 314 1542 quibus
336 1510 446 1533 dubium
469 1513 509 1533 est
523 1518 556 1533 an
572 1510 624 1533 sint
646 1510 783 1540 licentiati,
800 1519 859 1533 cum
874 1519 926 1534 non
945 1514 1073 1542 appareat
1089 1511 1119 1534 de
1137 1514 1267 1542 potestate
1285 1519 1355 1541 mag.
1374 1510 1444 1534 Petri
1464 1511 1556 1533 Plaoul
1575 1511 1787 1539 subcancellarii,
1808 1511 1852 1542 qui
1870 1520 1919 1534 non
1939 1512 2086 1535 observatis

217 1555 390 1578 observandis
406 1555 431 1578 in
452 1555 558 1578 licentia
580 1555 652 1586 ipsos
670 1555 816 1578 licentiavit
838 1559 956 1587 tempore
973 1555 1146 1578 dissensionis
1163 1559 1231 1578 ntote
1252 1555 1319 1578 inter
1338 1555 1553 1585 Universitatcm,
1576 1556 1672 1578 artium
1690 1556 1839 1579 facultatem
1855 1559 1881 1579 ct
1902 1557 2087 1579 cancellarium

218 1600 247 1623 Β.
266 1599 347 1623 Marie
363 1608 385 1623 ».
403 1600 452 1623 Sed
474 1600 569 1623 desunt
588 1600 703 1623 nomina.
721 1601 793 1623 Tunc
812 1600 913 1629 (Octoh.
938 1601 960 1629 7)
979 1600 1112 1623 ,lohannes
1137 1600 1225 1624 Guioti
1245 1603 1402 1631 procurator
1422 1600 1536 1623 nationis
1562 1600 1619 1623 suit.
1642 1615 1671 1618 -—
1690 1602 1715 1624 4.
1736 1601 1914 1624 Cancellarius
1934 1601 1965 1623 ad
1986 1601 2085 1624 bullam

217 1644 361 1667 Innocentii
377 1645 418 1674 IV,
431 1653 473 1668 311.
485 1644 554 1672 1250,
572 1644 631 1668 Maii
648 1646 677 1667 30
691 1645 841 1674 (CharstcL,
859 1645 878 1673 Ι,
897 1650 926 1668 110
942 1645 1005 1674 191),
1022 1645 1120 1676 partim
1137 1645 1216 1668 etiam
1232 1645 1265 1667 ad
1278 1645 1407 1668 celebrem
1425 1644 1639 1668 constitutionem
1655 1645 1794 1668 Alexandri
1811 1646 1852 1674 lv,
1869 1645 1956 1671 Quasi
1975 1646 2086 1675 lignum

217 1688 293 1713 vitae
315 1689 350 1718 (in
371 1689 509 1718 Chartul.‚
527 1689 545 1718 I,
569 1693 598 1712 11ο
616 1690 678 1719 247),
703 1689 806 1718 alludit,
830 1698 896 1721 quae
911 1690 937 1713 in
955 1694 1007 1713 ms⁰
1024 1690 1067 1713 t'ol.
1084 1690 1129 1713 158
1145 1693 1170 1712 et
1192 1690 1236 1712 163
1251 1698 1299 1720 pro
1320 1698 1368 1712 sua
1383 1692 1458 1720 parte
1479 1689 1633 1713 afferuntur.
1659 1703 1688 1706 —
1714 1692 1735 1713 5.
1758 1690 1805 1713 Ms.
1824 1698 1829 1713 2
1850 1699 1861 1713 <‹
1881 1690 1999 1721 spevieus
2020 1700 2042 1714 ιο.
2060 1705 2086 1708 —

218 1735 242 1757 6.
257 1734 304 1757 MS.
319 1742 324 1756 z
339 1741 349 1757 (1
366 1733 535 1757 licenciandis
549 1742 573 1757 )).
588 1748 615 1752 -
634 1735 656 1758 7.
673 1735 720 1757 Ms.
738 1742 744 1758 ε
761 1744 774 1756 κ
790 1734 935 1758 carstinum
954 1743 975 1758 )).
995 1748 1024 1752 -
1043 1735 1066 1758 8.
1080 1735 1127 1757 Ms.
1143 1742 1148 1757 ⁴.
1167 1742 1177 1757 <t
1195 1742 1284 1757 eorum
1302 1744 1324 1757 ⁷2.
1340 1748 1371 1751 —
1385 1735 1408 1758 9.
1426 1735 1562 1765 Intelligas
1582 1743 1593 1757 «
1610 1738 1802 1758 consueverunt
1816 1744 1837 1757 ι).
1857 1735 1942 1766 Supra
1959 1745 1971 1757 :t
1988 1736 2056 1766 quod
2076 1744 2086 1758 ι)

219 1778 381 1801 construitur
395 1787 454 1801 cum
471 1778 612 1802 infinitivo.
623 1793 654 1796 —
667 1779 705 1803 10.
719 1779 793 1802 Certe
810 1779 966 1810 designatur
979 1780 1070 1802 Petrus
1086 1779 1117 1802 de
1133 1779 1251 1802 Aitliaco.
1264 1793 1294 1796 —
1310 1779 1348 1802 11.
1365 1779 1423 1802 Vid.
1439 1779 1623 1802 documentum
1638 1779 1745 1802 Honorii
1759 1780 1791 1802 lv
1802 1788 1843 1803 au.
1859 1781 1927 1809 1286,
1940 1780 2016 1803 Febr.
2028 1781 2050 1808 1,
2063 1780 2087 1803 in

221 1823 359 1851 Char-tul„
374 1823 393 1852 I,
407 1827 435 1846 n0
450 1824 505 1847 528.
523 1837 554 1841 —
569 1824 607 1846 12.
623 1824 671 1847 ΜΒ,
694 1832 699 1847 ·.
722 1833 734 1845 «
751 1824 876 1855 ipsosque
892 1824 1034 1855 magistros
1056 1834 1077 1847 ι).
1097 1838 1127 1841 -
1142 1824 1180 1847 13.
1197 1824 1244 1847 Μ5.
1263 1832 1267 1846 :
1285 1834 1298 1845 «
1318 1823 1440 1846 lenivolis
1458 1833 1479 1847 ».
1495 1837 1526 1841 —-
1545 1824 1581 1847 14.
1597 1825 1645 1847 Ms.
1662 1832 1667 1847 ·.
1686 1833 1697 1847 (t
1718 1827 1770 1847 tam
1794 1833 1814 1847 )).
1834 1838 1865 1841 -
1881 1825 1917 1848 15.
1934 1825 2007 1848 Certe
2029 1828 2088 1848 autc

219 1867 291 1890 Junii
307 1868 345 1897 23,
362 1875 421 1890 cum
437 1868 593 1891 Laurentius
606 1868 714 1896 Quilleti
727 1868 814 1892 Martii
832 1869 944 1892 24-Junii
957 1869 986 1891 ‘23
1000 1872 1085 1892 rector
1104 1868 1190 1892 fuerit.
1208 1869 1290 1891 -16,
1307 1869 1354 1891 1115.
1373 1877 1377 1891 ;
1397 1878 1410 1890 α
1424 1868 1529 1899 prandii
1548 1876 1569 1891 )).
1586 1883 1616 1886 —
1629 1869 1666 1892 17.
1684 1869 1731 1891 Ms.
1750 1877 1754 1891 z
1768 1879 1780 1890 (ι
1795 1869 1908 1892 cituatus
1925 1878 1946 1894 )).
1961 1873 1985 1892 ct
1997 1873 2086 1900 postea

221 1912 296 1935 «citu
312 1920 333 1935 )).
347 1926 375 1929 -
391 1913 429 1935 18.
446 1912 488 1935 Sic
504 1912 529 1935 in
546 1921 594 1935 ms.
613 1927 644 1930 —
659 1913 696 1936 19.
714 1914 742 1936 In
759 1922 837 1936 sensu
853 1923 866 1935 tt
880 1914 988 1941 dedit»,
1009 1922 1020 1936 «
1037 1913 1160 1936 excitavit
1181 1923 1202 1936 ».
1222 1927 1252 1930 —
1271 1914 1309 1936 20.
1330 1913 1385 1936 Non
1407 1914 1606 1936 confundendus
1627 1922 1686 1936 cuin
1705 1914 1779 1936 Petro
1798 1914 1890 1936 Blandi
1909 1914 1971 1942 (vid.
1988 1923 2014 1945 p.
2033 1916 2087 1941 346,

220 1960 272 1981 not.
288 1957 320 1986 2),
337 1956 382 1988 qui
394 1957 449 1988 jam
465 1965 508 1980 an.
524 1957 585 1981 1379
600 1958 691 1981 doctor
707 1958 756 1981 fuit
772 1959 810 1988 (11ο
826 1958 904 1988 1431),
924 1958 1037 1981 Bidaudi
1056 1958 1130 1982 baec.
1150 1960 1184 1989 (p.
1204 1959 1268 1987 275).
1291 1972 1317 1975 —
1334 1958 1373 1981 21.
1393 1958 1447 1980 Vox
1467 1958 1586 1981 derivata
1602 1966 1616 1981 a
1634 1958 1731 1989 gallica
1753 1967 1763 1980 r(
1781 1958 1891 1981 maxime
1908 1967 1929 1988 1),
1950 1959 1967 1982 i.
1988 1967 2011 1982 c.
2028 1967 2088 1982 sen-

219 2001 302 2025 tentia
318 2005 433 2033 recepta.
452 2016 478 2019 —
497 2002 534 2026 22.
549 2002 616 2025 Ms.:
635 2011 646 2025 c<
662 2011 719 2025 cum
738 2011 759 2026 1).
773 2016 802 2020 -
815 2003 852 2026 23.
868 2003 915 2026 Ms.
933 2011 938 2026 t
958 2011 969 2026 <‹
984 2003 1085 2034 placuit
1100 2011 1121 2026 )).
1139 2016 1168 2020 ·--
1184 2003 1223 2026 24.
1239 2003 1287 2026 MS.
1303 2011 1308 2026 ;
1327 2011 1338 2026 (t
1353 2002 1524 2026 obnutescere
1541 2012 1564 2025 ⁷).
1583 2017 1608 2020 —
1629 2004 1666 2026 25.
1683 2003 1731 2026 Ms.
1749 2011 1754 2025 ·.
1774 2013 1786 2023 α
1802 2003 1834 2025 nd
1851 2011 1872 2026 )).

225 2138 366 2175 1521.
390 2148 521 2173 Examen
537 2148 652 2174 testium
668 2157 754 2184 super
769 2147 902 2174 articulis
918 2157 936 2174 a
952 2148 1127 2174 cancellario
1143 2149 1301 2174 Parisiens.
1321 2149 1467 2175 eoelzibitis.

1359 2224 1432 2250 1385.
1449 2224 1514 2251 Julii.
1529 2223 1687 2255 Septembris
1702 2226 1730 2249 et
1744 2231 1801 2256 seq.

313 2298 401 2329 Item
423 2297 590 2341 sequitur
611 2303 715 2330 tenor
736 2297 924 2342 cujusdam
946 2297 1068 2331 brevis
1088 2298 1260 2339 Intendit,
1284 2298 1355 2330 dati
1377 2305 1412 2330 et
1432 2298 1581 2330 exhibiti
1603 2310 1667 2343 per
1688 2299 1889 2343 predictum
1914 2298 2089 2332 cancella—

221 2364 313 2396 rium
332 2364 389 2396 die
407 2364 530 2409 quinta
546 2364 684 2397 mensis
699 2364 785 2397 Julii
803 2365 966 2410 proximo
984 2365 1160 2410 preteriti,
1174 2364 1345 2398 videlicet
1361 2371 1549 2409 antequam
1568 2365 1760 2410 prescripti
1777 2365 1918 2398 articuli
1934 2366 2090 2399 fuissentv

222 2431 439 2476 presentati¹
465 2443 572 2464 causa
594 2431 821 2464 examinandi
847 2443 957 2476 super
978 2431 1058 2476 ipso
1082 2431 1327 2465 venerabilem
1356 2438 1491 2476 patrem
1522 2432 1730 2476 generalem
1754 2433 2018 2477 Augustinens.
2046 2433 2089 2465 ad

222 2497 428 2531 instantiam
449 2498 566 2544 ipsius
588 2498 793 2532 cancellarii
814 2498 973 2540 citatum,
993 2505 1178 2544 receptum
1196 2505 1231 2531 et
1251 2500 1405 2542 juratum
1424 2505 1588 2543 tanquam
1611 2506 1739 2532 testem
1761 2500 1966 2540 affuturum,
1983 2507 2089 2545 prout

222 2565 259 2598 in
278 2565 366 2598 actis
387 2566 569 2610 presentis
583 2578 690 2599 cause
708 2566 815 2599 latius
837 2566 1055 2607 continetur7
1075 2578 1217 2599 necnon
1238 2566 1417 2599 attestatio
1439 2578 1503 2599 seu
1521 2566 1701 2611 depositio
1724 2567 1877 2611 predicti
1893 2567 2087 2612 generalis.

312 2651 337 2678 1.
359 2651 550 2678 Examinetur
562 2654 590 2679 et
605 2652 804 2686 interrogetur
816 2653 987 2679 venerabilis
1001 2654 1082 2686 pater
1096 2652 1232 2685 magister
1243 2652 1387 2678 Jonnxns
1404 2661 1439 2678 DE
1456 2653 1577 2682 Bismn,
1591 2660 1667 2679 sacre
1678 2653 1782 2686 pagine
1796 2653 1897 2679 doctor
1908 2655 1936 2679 et
1950 2654 2090 2686 generalis

222 2700 360 2734 magister
382 2701 450 2727 Ord.
469 2701 594 2727 fratrum
610 2702 749 2728 Heremit.
766 2702 792 2728 S.
809 2702 897 2735 Aug..
914 2710 1001 2735 super
1023 2703 1100 2727 statu
1122 2703 1150 2727 et
1172 2702 1249 2727 sama
1266 2701 1397 2734 magistri
1413 2702 1554 2727 Johauuis
1574 2702 1716 2730 Blaucart,
1734 2702 1895 2727 cancellarii
1920 2703 1985 2728 eccl,
2004 2703 2086 2727 Paris.

312 2749 338 2777 2.
358 2750 432 2776 Item
448 2758 534 2784 super
548 2751 673 2777 denariis
689 2759 746 2784 que
762 2752 945 2785 temporibus
960 2751 1018 2777 suis
1037 2751 1117 2776 scivit
1134 2751 1213 2776 mitti
1230 2751 1274 2776 vel
1295 2751 1356 2776 dari
1376 2751 1546 2776 cancellario
1561 2751 1628 2777 eccl.
1647 2751 1732 2776 Paris.
1750 2752 1801 2784 qui
1817 2753 1877 2777 crat
1891 2759 1944 2784 pro
1961 2753 2090 2784 tempore

223 2807 239 2825 3
254 2799 424 2825 bachalariis
439 2800 469 2825 in
484 2800 629 2833 theologia
646 2800 840 2829 licenciandis,
857 2809 925 2827 cum
941 2808 992 2833 per
1008 2800 1213 2826 cancellarium
1227 2800 1266 2826 eis
1281 2800 1475 2826 mittebantur
1490 2800 1609 2833 signeta.

313 2848 339 2875 3.
360 2849 433 2874 Item
449 2849 521 2882 quid
543 2849 595 2874 sibi
615 2850 728 2875 constat
741 2850 777 2876 de
792 2858 848 2875 usu
863 2851 892 2875 et
911 2850 1122 2876 consuetudine
1144 2857 1230 2882 super
1252 2850 1392 2882 potestate
1414 2857 1463 2875 scu
1486 2849 1657 2874 auctoritate
1679 2849 1839 2874 cancellarii
1861 2849 1927 2875 eccl.
1952 2849 2036 2874 Paris.
2058 2849 2087 2875 in

223 2897 292 2923 locis
307 2897 557 2923 liccnciaudorum
571 2898 600 2923 in
614 2898 689 2923 dicta
706 2898 842 2924 facultate
857 2898 1002 2931 theologie
1017 2898 1196 2923 ordinandis.
