2488 3386
211 327 307 363 1387]
627 340 673 361 ΑΒ
709 339 814 360 ΑΝΝο
851 338 980 360 MCCCL
1014 339 1144 366 usQUE
1181 340 1227 360 AD
1264 340 1527 361 Baxanicruu
1563 341 1652 362 x111.
2007 333 2071 365 443

207 412 351 446 habitus
373 413 608 446 condecentis
630 413 818 446 zelatores.
843 413 946 452 Sane,
965 424 1038 444 non
1060 412 1176 445 solum
1199 413 1242 445 ad
1264 420 1426 446 nostrum
1446 414 1516 458 (qui
1538 414 1788 447 desideranter
1809 415 1844 447 in
1861 416 1954 449 votis
1976 417 2071 460 geri-

207 491 301 521 mus,
324 486 363 512 ut
382 480 418 512 in
441 479 666 525 temporibus
687 479 824 511 nostris
850 478 978 511 floreat
1003 485 1116 510 mater
1135 485 1258 511 nostra
1280 479 1509 512 decretorum
1534 480 1697 520 facultas,
1722 488 1756 513 et
1780 482 1815 513 in
1837 483 1914 515 suis
1935 495 2070 527 suppo-

206 546 286 579 sitis
320 546 475 579 feliciter
510 547 760 591 prosperetur)
791 545 956 590 pervenit
990 545 1164 585 auditum,
1194 557 1318 577 verum
1350 552 1386 578 et
1419 546 1646 590 experiencia
1681 536 1833 580 docente
1867 549 2071 582 luculenter

206 613 460 657 cognovimus,
483 612 580 657 quod
608 611 788 652 nonnulli,
816 618 884 644 tam
913 610 1079 655 religiosi
1107 623 1212 655 quam
1242 611 1439 652 seculareS,
1463 612 1716 656 superstitiosa
1738 614 1888 657 quadam
1917 615 2070 647 curiosi-

206 686 275 712 tate
297 685 452 724 reperta,
469 685 591 711 vestes
612 678 760 722 proprio
782 677 911 710 Ordini
933 683 967 710 et
987 677 1095 710 statui
1116 684 1363 722 congruentes
1384 678 1420 710 in
1446 678 1643 710 deformem
1666 679 1881 712 secularium
1910 681 2067 713 habitum

205 746 295 778 adeo
316 745 632 786 transformarunt,
656 744 955 777 vestimentorum
976 750 1121 788 sumpto
1149 755 1216 776 usu
1239 750 1274 776 et
1289 745 1371 788 jure
1393 745 1600 786 vetitorum,
1626 745 1781 778 diversis
1803 747 1913 778 eciam
1935 748 2069 780 utendo

204 811 391 844 coloribus
411 823 417 844 :
437 811 533 856 quod
554 810 720 855 religiosi
736 810 794 844 vel
815 809 975 843 scolares
992 809 1140 842 minime
1156 810 1338 851 videntur,
1358 811 1422 843 sed
1444 811 1533 843 meri
1555 812 1682 856 pocius
1698 811 1779 844 laici
1795 813 1852 845 vel
1873 813 2068 846 seculares.

206 880 279 911 Nos
300 884 417 911 autem
439 877 616 922 premissa
641 883 676 910 et
695 877 775 918 alia,
798 889 868 922 que
890 876 934 909 de
956 876 1118 921 presenti
1139 876 1377 918 subticemus,
1401 877 1468 910 sub
1490 878 1786 911 dissimulacione
1809 879 1961 912 ulterius
1982 880 2071 913 tole-

206 956 285 977 rare
306 944 486 985 nolentes,
509 956 636 977 omnes
658 950 693 976 et
713 943 880 988 singulos
900 950 968 976 tam
991 942 1216 976 bachalarios
1238 955 1342 988 quam
1365 944 1526 977 scolares
1547 945 1710 989 ejusdem
1736 945 1928 986 facultatis,
1950 948 2071 991 cujus-

205 1023 360 1056 cumque
382 1017 496 1044 status
512 1022 578 1044 seu
599 1010 827 1043 condicionis
848 1010 1015 1050 existant,
1033 1016 1160 1042 tenore
1178 1010 1407 1054 presencium
1431 1023 1633 1052 monemus,
1652 1018 1691 1044 ut
1712 1012 1748 1044 in
1769 1019 1875 1056 gestu
1893 1019 1928 1045 et
1947 1012 2070 1046 habitu

205 1077 436 1110 laudabiliter
451 1090 490 1110 ac
511 1077 665 1110 honeste
687 1089 726 1110 se
747 1076 914 1117 habeant,
933 1083 968 1109 et
987 1076 1031 1109 ab
1052 1076 1308 1109 indecentibus
1326 1077 1542 1110 secularium
1566 1090 1604 1110 se
1626 1078 1813 1111 ornatibus
1830 1079 2069 1120 [abstineant],

205 1144 412 1189 cujusmodi
434 1151 518 1177 sunt
537 1150 659 1177 vestes
680 1150 856 1184 truncate,
874 1142 991 1188 calige
1012 1143 1197 1184 semelate,
1217 1143 1396 1176 sotulares
1418 1144 1562 1177 rostrati
1578 1144 1635 1177 >vel
1655 1145 1842 1178 fenestrati
1863 1152 1898 1178 et
1918 1146 2071 1187 similes,

206 1223 276 1255 que
293 1210 503 1243 scandalum
524 1217 701 1256 generant
721 1210 758 1242 in
779 1210 895 1251 clero;
918 1216 954 1242 et
973 1209 1165 1254 presertim
1187 1209 1365 1254 religiosi,
1389 1222 1480 1255 quos
1501 1211 1709 1243 necessario
1731 1218 1874 1256 oportet
1898 1212 2068 1245 humilem

206 1284 240 1310 et
267 1277 460 1310 honestum
488 1277 680 1322 religionis
707 1276 867 1309 habitum
897 1276 986 1309 adeo
1015 1282 1180 1321 patenter
1201 1276 1356 1317 deferre,
1380 1277 1477 1321 quod
1498 1289 1515 1309 a
1545 1277 1771 1310 secularibus
1792 1279 1920 1311 merito
1943 1279 2073 1312 distin—

205 1350 373 1389 guantur.
393 1343 544 1376 Habitus
565 1350 683 1376 autem
704 1343 882 1376 honestus
899 1349 935 1376 et
950 1343 1182 1375 necessarius
1198 1349 1252 1375 est
1269 1355 1334 1387 pro
1356 1343 1542 1376 monachis
1559 1344 1708 1377 Ordinis
1726 1345 1846 1377 Sancti
1863 1346 2071 1379 Benedicti⁴

205 1410 321 1443 flocus
342 1422 422 1443 cum
444 1410 599 1451 cuculla,
616 1409 674 1443 vel
694 1422 780 1455 capa
800 1410 922 1442 clausa
942 1421 1022 1442 cum
1045 1409 1171 1442 eadem
1193 1409 1334 1442 cuculla
1355 1409 1411 1443 vel
1433 1422 1512 1442 cum
1535 1411 1730 1455 scapulari;
1754 1423 1826 1444 non
1854 1418 1951 1445 certe
1974 1425 2073 1445 man-

205 1477 314 1510 tellus
335 1489 400 1509 seu
429 1477 671 1518 rotondellus,
692 1477 764 1509 nisi
784 1477 907 1509 forsan
928 1476 1161 1521 contingeret
1185 1476 1286 1521 ipsos
1313 1483 1410 1509 extra
1429 1477 1549 1509 villam
1572 1477 1767 1522 proficisci.
1791 1478 1862 1510 Alii
1884 1490 1969 1511 vero
1989 1479 2074 1512 reli-

205 1543 301 1589 giosi
328 1550 498 1577 tenentur
519 1543 661 1576 deferre
692 1555 828 1588 capam,
850 1543 907 1576 vel
934 1543 1087 1576 alterum
1116 1543 1330 1587 religiosum
1359 1543 1533 1584 habitum,
1560 1544 1761 1576 secundum
1787 1545 2073 1578 consuetudines

205 1610 263 1643 vel
290 1617 419 1643 statuta
450 1622 515 1643 sue
540 1610 732 1654 religionis
754 1610 1045 1643 determinatum.
1068 1610 1138 1652 Qui
1159 1621 1258 1651 vero,
1283 1617 1403 1654 spreta
1429 1611 1635 1643 monicione
1665 1618 1802 1652 nostra,
1831 1618 1868 1644 ut
1898 1612 2011 1656 prius,
2035 1624 2073 1645 se

205 1676 399 1710 habuerint
424 1677 650 1719 indecenter,
672 1677 832 1710 habitum
854 1677 1026 1710 videlicet
1053 1688 1119 1709 suo
1144 1677 1273 1710 Ordini
1299 1684 1334 1709 et
1360 1677 1467 1710 statui
1493 1677 1685 1710 scolastico
1708 1678 1906 1710 deferendo
1928 1679 2075 1711 minime

205 1750 483 1788 congruentem,
511 1750 572 1777 aut
600 1743 681 1777 aliis
711 1743 847 1776 utendo
875 1743 1040 1777 vestibus
1073 1750 1133 1776 aut
1162 1743 1407 1776 calciamentis
1435 1743 1640 1776 inhonestis
1671 1756 1677 1776 :
1707 1744 1809 1789 lapso
1841 1756 1904 1777 sex
1934 1745 2073 1777 dierum

207 1822 371 1852 numero,
403 1823 421 1843 a
450 1817 613 1855 tempore
645 1810 911 1855 publicacionis
940 1810 1282 1855 computandorum,
1310 1822 1463 1855 quorum
1496 1810 1588 1843 duos
1619 1823 1683 1855 pro
1715 1811 1844 1855 primo,
1880 1811 1972 1844 duos
2009 1824 2074 1857 pro

207 1876 384 1918 secundo,
406 1883 441 1910 et
461 1877 624 1922 reliquos
645 1877 737 1910 duos
759 1889 824 1922 pro
845 1877 959 1910 tercio
981 1883 1016 1910 et
1040 1877 1287 1922 peremptorio
1309 1877 1462 1909 termino
1484 1889 1502 1909 a
1522 1877 1727 1910 monicione
1754 1878 1938 1919 canonica,
1961 1878 2014 1911 eis
2041 1886 2076 1911 et

207 1955 331 1976 eorum
360 1943 510 1976 cuilibet
538 1944 785 1989 assignamus,
817 1944 918 1988 ipsos
949 1950 985 1976 et
1013 1955 1138 1976 eorum
1166 1943 1366 1988 quemlibet
1392 1944 1435 1976 ad
1465 1944 1725 1988 acquirendum
1753 1951 1909 1989 tempus,
1937 1951 2006 1977 tam
2037 1945 2074 1977 in

206 2010 389 2043 audiendo
410 2022 516 2055 quam
537 2010 575 2043 in
594 2010 767 2055 legendo,
790 2010 827 2043 in
855 2010 949 2043 dicta
974 2010 1141 2043 facultate
1168 2022 1211 2043 ex
1236 2017 1321 2043 tunc
1346 2017 1454 2055 prout
1482 2022 1525 2043 ex
1551 2022 1646 2043 nunc
1669 2017 1703 2043 et
1723 2022 1766 2043 ex
1787 2023 1882 2043 nunc
1903 2018 2011 2056 prout
2031 2023 2074 2044 ex

207 2083 293 2110 tunc
315 2076 496 2110 inhabiles
512 2077 720 2121 judicamus
742 2089 806 2122 per
826 2083 1017 2122 presentes
1036 2089 1043 2109 z
1063 2077 1304 2110 decernentes
1328 2077 1465 2110 eisdem
1487 2077 1548 2122 qui
1570 2077 1651 2110 talia
1672 2077 1883 2110 indecenter
1900 2084 1935 2110 et
1950 2084 2073 2111 contra

209 2143 498 2188 prohibicionem
526 2150 686 2177 nostram
715 2143 948 2184 exercebunt,
976 2150 1119 2189 tempus
1150 2150 1218 2176 tam
1247 2144 1450 2177 audicionis
1478 2156 1582 2189 quam
1613 2144 1763 2185 lecture,
1786 2144 1897 2176 eciam
1926 2144 1956 2177 si
1986 2144 2074 2177 alias

209 2210 492 2255 diligentissime
518 2209 679 2243 debitum
708 2210 745 2242 in
774 2210 984 2254 hujusmodi
1014 2211 1189 2255 temporis
1216 2211 1463 2255 acquisicione
1490 2211 1654 2251 fecerint,
1685 2210 1832 2243 minime
1860 2211 2074 2255 computari.

208 2277 386 2319 Quocirca
420 2276 656 2322 generalibus
689 2276 835 2309 bedello
866 2283 901 2309 et
934 2276 1151 2309 subbedello
1182 2277 1383 2310 districtius
1414 2277 1648 2322 precipiendo
1683 2277 1892 2309 mandamus
1923 2277 2072 2318 nostris,

209 2343 379 2388 quatinus
405 2343 550 2377 easdem
577 2343 716 2376 litteras
745 2350 888 2376 nostras
917 2350 952 2376 et
978 2349 1107 2376 statuta
1134 2344 1171 2376 in
1196 2343 1306 2377 scolis
1333 2344 1468 2376 nostris
1490 2343 1613 2377 Clausi
1634 2343 1810 2384 Brunelli,
1833 2343 1917 2376 dum
1938 2343 2072 2376 ibidem

210 2409 254 2442 de
275 2422 378 2443 mane
405 2417 440 2443 et
465 2410 546 2443 aliis
566 2409 667 2443 horis
693 2410 880 2443 consuetis
900 2410 974 2455 legi
994 2410 1195 2455 continget,
1216 2423 1310 2443 anno
1337 2410 1500 2455 quolibet
1526 2410 1639 2443 semel
1667 2417 1702 2443 et
1731 2410 1868 2455 pluries
1897 2410 2019 2455 legant
2039 2417 2075 2443 et

210 2475 410 2521 publicent,
439 2483 478 2510 ut
508 2477 551 2509 de
582 2477 794 2522 ignorancia
824 2477 947 2509 nullus
974 2476 1090 2510 valeat
1119 2478 1296 2510 excusari.
1324 2478 1453 2510 Actum
1481 2483 1516 2509 et
1545 2476 1664 2509 datum
1696 2477 1855 2509 Parisius
1884 2477 1920 2509 in
1950 2484 2073 2509 nostra

209 2543 372 2588 generali
389 2544 680 2589 congregacione
697 2544 792 2588 apud
813 2543 992 2588 hospitale
1010 2544 1129 2577 Sancti
1149 2544 1325 2577 Johannis
1340 2543 1636 2585 Jerosolimitani,
1656 2543 1713 2576 die
1729 2544 1827 2588 jovis
1844 2550 1926 2588 post
1941 2544 2071 2576 festum

209 2610 323 2643 sancti
345 2610 508 2643 Barnabe
528 2610 697 2655 apostoli,
719 2623 813 2643 anno
835 2611 979 2643 Domini
1001 2610 1196 2643 millesimo
1217 2611 1473 2643 trecentesimo
1494 2610 1742 2655 octuagesimo
1764 2611 1931 2655 septimo.

302 2729 370 2752 Bibl.
389 2730 480 2752 Arsen.
495 2730 577 2753 Paris.
590 2738 639 2753 ms.
656 2731 724 2759 1123,
746 2731 789 2754 sol.
809 2732 831 2760 7,
848 2730 896 2753 suh
912 2730 1018 2753 rubrica
1032 2734 1059 2753 ut
1074 2739 1165 2761 supra.
1179 2744 1209 2748 —
1221 2730 1359 2758 Jourduin,
1373 2734 1401 2752 n⁰
1416 2731 1470 2753 826.

301 2840 322 2865 1.
340 2840 374 2863 De
394 2841 528 2864 ordinario
549 2841 601 2865 vid.
625 2849 707 2873 supra
729 2845 757 2864 n⁰
772 2842 840 2869 1529,
862 2845 915 2865 not.
933 2842 954 2865 1.
974 2855 1005 2859 —
1024 2842 1045 2865 ⁵2.
1063 2842 1112 2865 Ms-
1129 2849 1134 2864 z
1153 2851 1163 2863 (ι
1181 2845 1386 2865 novercancante
1402 2850 1422 2865 i).
1442 2856 1468 2858 —
1482 2843 1504 2865 3.
1522 2842 1568 2864 Ma.
1587 2850 1591 2864 z
1609 2851 1619 2864 α
1638 2841 1822 2864 distrahuntur
1839 2850 1859 2863 ν.
1877 2855 1905 2857 -
1918 2842 1940 2864 st.
1958 2841 2072 2871 Sequens

210 2887 337 2908 statutum
352 2885 450 2916 legitur
465 2885 491 2908 in
509 2885 577 2909 Bibl.
593 2887 662 2916 Ars„
680 2894 728 2909 ms.
745 2886 815 2914 1121,
832 2895 858 2917 p.
875 2887 898 2915 7,
915 2889 940 2909 et
955 2886 1024 2909 infra
1039 2886 1066 2908 in
1082 2886 1251 2916 Appendice.
