2488 3386
455 335 518 367 554
1038 342 1354 365 cunm-uminum
1389 342 1577 364 UNIVERS.
1614 342 1743 363 mnis.
2218 329 2317 366 [1378

455 424 488 450 et
518 417 639 450 multis
668 417 893 462 prepeditum
922 417 1100 462 angustiis
1130 416 1304 449 residere.
1337 417 1492 460 Insuper
1516 415 1614 460 quod
1641 415 1794 448 ecclesia
1817 415 1896 457 Dei,
1922 415 2047 448 videre
2069 427 2162 456 meo,
2185 416 2315 448 nonin

454 490 596 516 0611111111
614 483 717 516 annis
734 484 770 515 111
788 490 884 516 tanto
901 484 968 516 fuit
983 483 1162 516 scismatis
1179 482 1354 527 periculo,
1373 482 1471 526 quod
1490 483 1588 514 Deus
1605 488 1756 523 avertat,
1775 494 1855 514 nam
1873 494 1975 527 papa,
1993 482 2087 514 sicut
2103 482 2314 527 prescripsi,

453 562 532 582 cum
556 550 784 582 Florentino¹
808 556 843 582 et
870 549 1170 590 Mediolanensi²,
1193 549 1227 581 S.
1251 548 1381 588 Petri³,
1405 555 1437 581 et
1463 548 1507 581 de
1528 548 1694 581 Ursinis⁸
1715 548 1974 589 cardinalibus,
2002 548 2139 581 residet
2166 548 2203 581 in
2229 549 2315 582 civi-

454 623 522 649 tate
543 616 747 657 TiburtIn33
774 616 975 649 cardinales
996 628 1082 649 vero
1104 615 1164 648 alii
1186 614 1359 647 tredecim
1380 614 1417 646 in
1438 626 1590 647 numero
1610 615 1775 648 resident
1799 615 1835 647 in
1855 615 2032 660 Anagnia,
2056 621 2091 647 et
2110 621 2149 647 ut
2168 615 2313 657 dicitur,

452 683 511 715 isti
532 683 638 727 primi
660 689 695 715 et
715 682 871 727 populus
893 684 1135 715 Romanorum
1156 694 1194 714 ac
1216 681 1419 714 communis
1439 681 1556 714 Ytalie
1578 681 1715 722 dicunt,
1739 693 1820 714 eum
1842 681 1903 726 qui
1924 681 1991 714 fuit
2016 680 2313 727 archiepiscopus

451 750 654 790 Barrensis,
673 761 754 782 esse
770 761 854 782 vere
872 755 906 781 et
927 749 992 781 rite
1010 760 1152 793 papam,
1171 747 1373 780 cardinales
1389 759 1476 780 vero
1498 748 1663 789 secundi,
1682 754 1721 780 111
1737 748 1881 789 dicitur,
1899 748 2062 781 referunt
2078 748 2311 790 contrarium,

450 816 589 848 scilicet
620 822 768 860 propter
793 817 1034 848 Romanorum
1065 814 1342 859 impressionem
1375 813 1589 847 electionem
1620 826 1703 847 esse
1733 814 1866 847 nullam
1889 821 1925 847 et
1952 815 2067 847 fuisse
2096 815 2246 852 irritam,
2269 827 2312 848 eo

449 882 545 927 quod
567 894 639 915 non
660 882 789 923 Iibera;
813 882 937 926 sicque
959 881 1092 914 dictum
1115 880 1295 925 quondam
1318 882 1535 913 Barrensem
1556 893 1629 913 non
1650 892 1732 914 esse
1758 893 1843 914 vere
1874 893 2012 926 papam.
2042 882 2194 926 Propter
2214 881 2311 927 quod

447 949 551 982 etiam
574 949 659 981 dieti
680 948 881 981 cardinales
896 948 1064 980 Britones
1079 954 1114 980 et
1129 947 1220 980 alios
1241 959 1422 980 armorum
1444 947 1612 980 homines
1628 954 1662 980 et
1678 948 1937 992 stipendiarios
1958 948 2126 982 advocari
2146 949 2312 981 fecerunt

447 1028 511 1060 pro
533 1016 589 1048 sui
610 1015 786 1056 custodia,
805 1015 866 1059 qui
887 1021 965 1047 actu
988 1021 1166 1047 venerunt
1186 1014 1401 1059 Anagniam,
1424 1021 1459 1046 et
1479 1014 1701 1047 transeundo
1724 1015 1988 1047 Romanorum⁵
2011 1027 2176 1060 magnam
2198 1015 2310 1048 inter-

445 1089 610 1114 emerunt
630 1082 909 1114 multitudinem.
928 1082 1156 1126 Quapropter
1173 1093 1300 1113 omnes
1321 1080 1451 1114 Gallici
1472 1082 1583 1113 Rome
1605 1081 1710 1113 etiam
1733 1081 1931 1114 existentes
1951 1082 2098 1114 fuerunt
2118 1081 2309 1127 periclitati

445 1155 479 1181 et
498 1148 643 1193 plurimi
665 1148 857 1188 interfecti,
876 1154 911 1180 et
931 1148 1033 1192 quasi
1055 1159 1181 1180 omnes
1198 1148 1365 1180 forenses
1386 1147 1477 1180 suria
1499 1147 1674 1180 suadente
1691 1148 1847 1180 fuissent
1867 1148 2059 1180 interfecti.
2078 1148 2174 1191 Quid
2190 1155 2308 1182 autem

443 1214 644 1247 cardinales
671 1215 787 1247 sacere
808 1213 921 1247 velint
948 1226 1028 1247 cum
1055 1214 1161 1247 dictis
1191 1226 1373 1247 armorum
1400 1213 1585 1259 gentibus,
1612 1214 1723 1259 vulgo
1750 1214 1915 1259 ignotum
1937 1221 2003 1247 est.
2027 1214 2179 1258 Quidam
2212 1215 2307 1248 enim

442 1281 588 1322 [dicunt]
610 1281 710 1325 ipsos
731 1281 774 1313 ad
800 1292 926 1313 novam
949 1280 1163 1313 electionem
1184 1280 1278 1314 velle
1308 1281 1520 1325 procedere,
1549 1281 1644 1313 unde
1673 1287 1708 1314 et
1734 1280 1824 1314 alios
1854 1281 2057 1314 cardinales
2078 1281 2213 1314 Tibure
2234 1281 2309 1315 exi-

442 1354 578 1380 stentes
600 1347 700 1380 citari
720 1348 903 1380 1606111111ὓ
932 1354 966 1379 et
987 1347 1148 1380 nescitur
1168 1347 1211 1380 ad
1233 1347 1338 1392 quid;
1362 1347 1506 1392 quidam
1529 1347 1654 1380 dicunt
1680 1347 1723 1380 ad
1753 1360 1842 1393 pape
1864 1360 1992 1381 novam
2015 1347 2229 1381 electionem
2250 1348 2308 1382 vel

440 1414 675 1454 creationem,
707 1414 766 1446 alii
795 1414 920 1446 dicunt
948 1414 991 1446 ad
1019 1414 1215 1446 videndum
1244 1414 1302 1458 agi
1333 1421 1368 1446 et
1397 1414 1530 1447 discuti
1559 1414 1603 1447 de
1635 1414 1798 1447 nullitate
1829 1414 2020 1447 electionis
2051 1414 2186 1448 Urbani
2217 1427 2307 1460 pape

440 1480 622 1521 moderni,
645 1480 704 1513 alii
727 1480 864 1522 dicunt,
886 1480 1089 1513 cardinales
1110 1493 1189 1513 cum
1212 1481 1318 1514 dictis
1339 1480 1512 1526 gentibus
1533 1480 1627 1514 velle
1648 1481 1803 1514 conduci
1831 1481 1875 1513 ad
1905 1481 2024 1514 locum
2051 1488 2178 1522 tutum,
2202 1488 2237 1515 et
2256 1481 2307 1514 ibi

440 1547 483 1580 de
510 1559 602 1580 novo
628 1547 721 1580 velle
748 1547 896 1592 eligere.
929 1547 1024 1590 Quid
1053 1554 1171 1580 autem
1193 1559 1317 1580 verum
1349 1548 1407 1588 sit,
1435 1547 1521 1580 latet
1547 1560 1733 1589 comunes,
1765 1548 1928 1593 quamvis
1960 1555 1998 1581 ut
2028 1547 2096 1581 hoc
2124 1548 2305 1581 occultum

439 1614 526 1646 satis
553 1614 623 1646 cito
652 1614 785 1646 sciatur
817 1621 969 1659 oportet.
994 1615 1149 1659 Insuper
1179 1614 1224 1646 ob
1253 1614 1343 1646 hanc
1370 1626 1513 1647 causam
1544 1614 1755 1647 advocatum
1783 1621 1944 1647 vestrum
1973 1615 2153 1660 Anagnie,
2175 1627 2306 1660 procu-

438 1687 593 1713 ratorem
615 1680 650 1712 in
675 1681 729 1713 via
749 1680 793 1713 ad
812 1681 1042 1722 Avinionem,
1070 1692 1125 1713 me
1146 1693 1232 1714 vero
1254 1681 1388 1714 Tibure
1410 1680 1625 1722 subsistere,
1649 1693 1715 1714 nec
1736 1681 1873 1726 aliquid
1899 1681 2052 1714 ulterius
2077 1688 2305 1727 attemptatu—

438 1759 529 1788 rum,
557 1747 627 1780 nisi
656 1747 700 1779 dc
726 1759 819 1780 novo
846 1759 1043 1792 percepero
1072 1748 1188 1781 literis
1210 1748 1342 1781 vestris
1369 1754 1525 1781 mentem
1547 1754 1716 1788 vestram,
1740 1748 1881 1781 scilicet
1909 1748 2093 1793 quomodo
2122 1755 2157 1781 et
2184 1760 2303 1782 coram

438 1826 509 1858 quo
537 1813 725 1846 volueritis
754 1814 918 1859 procedi,
952 1814 1020 1847 etsi
1050 1814 1194 1854 vellem,
1222 1826 1294 1847 non
1322 1815 1492 1847 auderem
1522 1827 1640 1860 neque
1672 1827 1830 1860 possem.
1854 1815 1973 1858 Quare
2001 1827 2112 1860 super
2136 1814 2204 1848 hoc
2231 1827 2305 1849 non

439 1880 518 1913 sitis
548 1880 778 1925 negligentes
814 1881 992 1925 supplico,
1026 1881 1113 1926 quin
1144 1881 1366 1914 voluntatem
1394 1888 1548 1914 vestram
1582 1881 1791 1914 rescribatis
1821 1893 1827 1914 :
1862 1882 1945 1927 quia
1976 1893 2101 1915 revera
2140 1882 2304 1915 maximis

437 1947 608 1991 periculis
641 1946 698 1979 hic
734 1959 859 1980 maneo
895 1954 927 1980 et
963 1947 1169 1992 sumptibus
1204 1947 1313 1980 11110111
1347 1947 1668 1988 intollerabilibus,
1699 1948 1873 1981 facientes
1909 1949 1945 1981 in
1979 1948 2047 1981 hoc
2078 1948 2302 1994 diligentiam

436 2020 604 2054 vestram,
627 2013 792 2058 supplico
814 2014 956 2047 devote.
988 2015 1143 2059 Insuper
1171 2014 1201 2047 si
1233 2016 1344 2047 Rome
1371 2021 1406 2047 et
1433 2026 1552 2047 coram
1582 2015 1730 2048 domino
1752 2015 1899 2048 Urbano
1919 2015 2110 2048 volueritis
2140 2015 2302 2060 procedi,

436 2080 529 2112 sicut
558 2092 674 2124 nuper
693 2080 797 2113 vobis
826 2081 969 2125 scripsi,
994 2081 1182 2113 remittatis
1208 2081 1347 2126 copiata
1376 2081 1568 2126 privilegia
1588 2081 1721 2114 virtute
1749 2081 2008 2127 compulsorie,
2032 2082 2115 2127 quia
2144 2081 2218 2114 illis
2238 2093 2303 2115 vos

438 2147 487 2179 uti
517 2146 699 2191 oportebit
727 2147 763 2179 111
793 2159 968 2191 processu
999 2159 1120 2180 cause.
1149 2147 1309 2180 Publicis
1338 2148 1432 2180 enim
1461 2147 1592 2181 litteris
1624 2160 1688 2193 per
1715 2148 1926 2193 episcopum
1959 2148 2301 2188 Silvanectense1n⁷,

437 2224 524 2257 quas
546 2225 684 2245 mecum
707 2213 804 2254 duxi,
823 2226 895 2246 non
916 2221 1029 2247 statur
1050 2226 1168 2259 neque
1190 2214 1293 2247 datur
1314 2214 1419 2255 fides,
1437 2215 1532 2247 sicut
1551 2214 1690 2260 pluries
1706 2214 1811 2248 vobis
1832 2215 1975 2260 scripsi.
1999 2216 2117 2257 Quare
2139 2215 2243 2248 etiam
2265 2215 2302 2247 in

438 2279 504 2312 hoc
526 2292 597 2312 non
619 2280 806 2312 deficiatis.

526 2346 692 2379 Ceterum
717 2347 759 2379 de
790 2347 908 2380 rotulo
935 2352 1053 2380 vestro
1079 2347 1190 2380 nichil
1212 2350 1372 2393 percepi,
1401 2348 1472 2381 nisi
1503 2349 1600 2393 quod
1631 2361 1723 2393 mag.
1748 2347 1968 2382 Guillelmus
1996 2348 2040 2380 de
2071 2347 2301 2381 Oesterzele⁸

438 2412 535 2444 veuit
556 2413 701 2444 Romam
723 2420 757 2445 et
777 2413 843 2445 suit
863 2414 1068 2458 Anagnie⁰3
1090 2413 1132 2447 de
1151 2415 1278 2448 ceteris
1299 2416 1436 2448 nunciis
1457 2416 1536 2449 bene
1555 2414 1691 2455 audivi,
1713 2414 1805 2460 quod
1824 2415 1895 2448 visi
1913 2419 1995 2447 sunt
2014 2414 2200 2455 Avinioni,
2219 2413 2301 2459 plus

438 2490 510 2510 non
532 2479 688 2523 percepi.
711 2480 864 2524 Insuper
887 2480 983 2512 nulla
1005 2487 1089 2513 sunt
1110 2493 1200 2514 nova
1222 2482 1292 2514 nisi
1322 2482 1427 2517 mala:
1455 2481 1522 2514 hoc
1544 2482 1624 2514 solo
1646 2481 1791 2526 dempto
1813 2481 1910 2526 quod
1933 2492 2022 2525 papa
2047 2480 2125 2513 heri
2156 2480 2301 2525 publice

438 2544 474 2576 in
495 2545 712 2577 consistorio
734 2545 957 2578 confirmavit
978 2547 1191 2580 electionem
1213 2548 1338 2581 factam
1361 2549 1405 2581 de
1428 2560 1514 2593 rege
1533 2548 1805 2581 Almanorum¹⁰
1827 2559 1890 2592 per
1911 2547 2102 2588 electores,
2126 2554 2160 2580 et
2180 2547 2298 2592 ipsum

438 2611 688 2655 pronunciavit
707 2612 863 2644 futurum
891 2613 1156 2657 imperatorem,
1187 2615 1350 2658 quamvis
1377 2627 1418 2647 ex
1445 2622 1543 2660 parte
1565 2615 1794 2660 imperatoris
1817 2614 1907 2646 nulli
1933 2613 2213 2647 ambassiatores
2236 2626 2299 2659 pro

436 2676 498 2709 illo
519 2677 652 2709 suerint
673 2678 785 2710 missi.
809 2678 976 2711 Ceterum
1002 2680 1124 2724 regina
1147 2680 1268 2713 Sicilie
1291 2681 1388 2714 misit
1409 2693 1498 2726 pape
1520 2681 1728 2713 (1111·,6111115Η
1753 2680 1896 2713 lanceas
1914 2687 1948 2713 et
1968 2687 2111 2713 centum
2133 2680 2300 2713 homines

437 2743 575 2787 pedites
604 2743 764 2777 valentes
795 2756 859 2788 pro
890 2745 944 2777 sui
977 2746 1202 2779 defensione.
1240 2749 1332 2792 Papa
1367 2748 1498 2780 dicitur
1528 2747 1618 2780 infra
1649 2754 1729 2780 octo
1766 2747 1844 2780 dies
1883 2749 2029 2779 Romam
2062 2759 2296 2786 reversurus,

438 2810 573 2850 nescio,
596 2810 626 2842 si
647 2810 755 2842 fietffl.
780 2811 919 2843 Utinam
943 2823 1020 2843 cum
1045 2812 1137 2844 bona
1159 2813 1342 2846 voluntate
1364 2821 1482 2847 vestra
1503 2813 1691 2847 vobiscum
1714 2813 1920 2855 existerem,
1945 2820 1979 2846 et
1999 2814 2090 2846 infra
2111 2813 2298 2846 biennium

435 2875 604 2908 carnibus
633 2888 704 2908 non
725 2888 905 2917 vescerer,
932 2878 1012 2921 quia
1044 2890 1164 2911 revera
1194 2880 1352 2924 pericula
1381 2880 1596 2925 gravissima
1618 2886 1701 2913 sunt
1723 2880 1892 2913 omnibus
1914 2880 2124 2913 forensibus
2146 2891 2241 2912 nunc
2262 2880 2299 2912 in

558 2935 595 2957 70.
