2488 3386
195 317 288 353 1372]
609 331 655 351 AB
690 330 794 351 auno
829 330 959 352 necor
993 331 1124 358 USQUE
1161 331 1208 351 AD
1246 331 1508 352 BENEDICTUM
1543 332 1632 352 xiii.
1990 321 2054 353 209

190 403 336 444 habere,
355 410 387 436 et
410 404 439 436 si
461 415 603 436 causam
626 410 660 435 et
680 403 856 435 actionem
879 403 1066 439 haberent„
1089 416 1106 435 a
1128 404 1205 435 suis
1227 403 1527 435 conclusionibus
1549 404 1702 440 absole
1721 411 1755 436 et
1776 404 1805 435 si
1828 416 1899 436 non
1922 405 1957 435 in
1980 411 2052 436 toto

190 476 309 502 tamen
337 469 373 501 in
403 476 513 510 tanto⁷
536 470 722 513 dictasque
750 469 888 502 litteras
917 470 1145 502 remissionis
1173 470 1250 501 sore
1281 469 1394 501 bonas
1422 476 1454 502 et
1481 471 1612 513 justas,
1642 482 1783 502 necnon
1814 470 1850 501 in
1880 482 2052 514 processu

192 536 477 568 extraordinario
498 548 571 568 non
592 536 726 568 debere
755 536 840 580 poni
868 543 903 568 et
930 536 1034 569 etiam
1064 536 1100 568 in
1129 548 1255 580 penam
1282 536 1506 580 corporalem
1535 548 1598 568 scu
1629 536 1854 568 inhonestam
1884 537 2055 568 condem-

194 603 295 648 pnari
316 614 388 635 non
410 602 558 643 debere,
579 614 617 635 ac
638 602 675 634 in
697 603 867 647 expensis
888 603 1005 635 dictos
1026 609 1167 635 actores
1188 603 1460 647 condempnari.

283 670 398 714 Super
414 669 547 713 quihus
568 669 734 713 inquesta
755 670 844 702 facta
862 676 916 702 est
937 669 981 701 de
1001 681 1184 702 consensu
1207 669 1358 713 partium
1381 669 1417 701 in
1437 675 1530 701 statu
1553 669 1588 700 in
1610 680 1681 712 quo
1699 675 1785 709 erat,
1805 669 1913 701 salvis
1935 681 2056 713 repro-

194 735 414 776 bationibus,
435 736 478 768 ad
501 736 647 780 judices
676 742 830 780 recepta.
856 737 903 768 Ea
924 736 999 769 visa
1027 742 1061 768 et
1088 736 1284 781 diligenter
1305 736 1515 774 examinata,
1539 742 1682 779 reperto
1705 735 1802 779 quod
1831 735 1908 767 sine
1938 747 2059 779 repro—

194 802 403 835 bationihus
433 809 573 847 poterat
597 802 768 847 judicari,
794 803 887 835 dicta
909 803 1006 835 curia
1036 809 1158 835 nostra
1190 814 1378 847 persuum
1401 802 1579 846 judiciuin
1609 802 1741 834 dictum
1770 802 2000 834 defensorem
2022 802 2057 833 in

194 869 380 902 emendam
406 868 670 910 honorabilem,
692 869 863 902 videlicet
887 869 984 914 quod
1009 869 1044 901 in
1072 869 1187 914 platea
1208 869 1339 902 Gravie
1365 875 1446 901 ante
1472 869 1618 901 domum
1640 868 1803 912 piscidis,
1827 867 2058 912 presentibus

196 941 336 968 rectore
364 935 633 974 Universitatis‚
663 935 812 976 decano,
840 935 1008 968 facultate
1038 942 1073 967 et
1102 935 1248 968 Simone
1279 935 1498 979 supradictis
1528 946 1592 967 seu
1623 934 1666 966 ab
1697 934 1835 966 eisdem
1866 934 2059 978 deputatis,

195 1002 344 1047 capucio
366 1008 463 1034 extra
484 1001 616 1034 collum
640 1008 675 1034 et
703 1002 819 1046 capud
847 1009 965 1034 amoto
994 1008 1028 1034 et
1057 1014 1153 1046 genu
1182 1001 1275 1034 ssexo
1301 1001 1344 1034 ab
1370 1002 1462 1046 ipsis
1488 1001 1733 1045 predictorum
1757 1012 1971 1032 excessuum
2000 1012 2063 1044 per

196 1068 351 1101 eundem
379 1069 608 1101 defensorem
642 1069 677 1100 in
713 1080 903 1113 personam
934 1069 1019 1101 dicti
1055 1068 1213 1101 Simonis
1248 1068 1540 1108 commissorum,
1572 1068 1691 1100 dictus
1723 1067 1895 1099 defensor
1922 1067 2061 1099 veniam

198 1135 406 1180 postulabit,
430 1142 584 1180 postque
605 1135 641 1167 in
663 1135 825 1180 generali
846 1136 1138 1180 congregacione
1160 1136 1254 1168 dicte
1279 1134 1532 1168 Universitatis
1558 1134 1664 1166 dictis
1696 1134 1827 1166 rectori
1856 1140 1891 1166 et
1911 1134 2064 1166 Univer-

200 1202 296 1235 sitati
317 1208 351 1234 et
371 1202 424 1234 illi
445 1208 529 1234 tunc
551 1202 692 1234 doctori
714 1203 768 1234 et³
790 1201 949 1234 facultati
971 1202 1199 1234 decretorum
1227 1208 1262 1234 et
1287 1202 1383 1234 dicto
1412 1201 1550 1234 Simoni
1577 1201 1612 1232 in
1639 1207 1731 1233 statu
1758 1201 1921 1245 predicto
1943 1213 1981 1232 ac
2004 1212 2067 1244 per

201 1268 346 1301 modum
369 1268 586 1301 antedictum
609 1269 748 1301 veniam
772 1268 1004 1313 postulando,
1029 1280 1171 1301 necnon
1192 1269 1228 1300 in
1249 1268 1436 1300 emendam
1460 1267 1598 1308 utilem⁷
1620 1267 1791 1299 videlicet
1811 1267 1906 1299 dicto
1929 1267 2065 1299 Simoni

201 1335 238 1367 in
259 1347 289 1376 c,
313 1341 347 1367 et
368 1334 474 1367 nobis
495 1335 532 1367 in
554 1335 728 1368 ducentas
749 1335 831 1367 libr.
856 1342 1059 1375 turonens7
1081 1347 1120 1367 ac
1142 1335 1178 1367 in
1204 1347 1382 1379 expensas
1404 1334 1512 1378 hujus
1532 1334 1606 1366 litis
1627 1334 1906 1378 condempnavit
1927 1340 1959 1366 et
1981 1346 2067 1366 con-

202 1402 384 1446 dempnat,
407 1401 602 1434 earundem
625 1414 863 1446 expensarum
886 1402 1070 1434 taxacione
1099 1402 1168 1446 ipsi
1198 1402 1297 1434 curie
1325 1408 1448 1434 nostre
1471 1407 1662 1433 reservata.
1687 1402 1816 1440 SAQUE,
1842 1402 1999 1432 Ilunsffi'r.
2027 1421 2033 1423 -
2054 1421 2069 1423 -

203 1468 483 1501 Pronunciatum
506 1468 564 1501 die
585 1469 669 1513 xxiij
691 1469 787 1501 Junii
811 1470 954 1501 LXXII.
978 1469 1093 1501 Salus.

297 1565 373 1588 Arch.
389 1568 441 1588 nat.
456 1565 541 1588 Puris.
557 1566 611 1595 ΧΠ,
627 1566 656 1588 19
673 1566 787 1596 (Juye's),
805 1567 850 1589 sol.
869 1567 922 1589 502.

296 1650 317 1672 1.
335 1650 427 1673 Rector
444 1650 629 1673 Universitatis
646 1658 660 1672 a
677 1650 749 1672 Junii
764 1650 898 1673 23-Oct0b.
915 1650 943 1672 10
956 1658 998 1672 an.
1015 1651 1076 1672 1372
1092 1650 1141 1672 suit.
1157 1650 1290 1673 Juliannes
1307 1650 1338 1672 de
1353 1650 1510 1672 Monasterio
1529 1658 1573 1672 sen
1594 1650 1759 1673 Monasteriis
1782 1650 1843 1678 (vid.
1863 1658 1943 1680 snpra
1961 1654 1988 1671 ιιο
2004 1650 2071 1679 1307,

205 1694 328 1723 Ἄρει-(1.),
344 1697 371 1717 ut
386 1697 497 1725 apparet
516 1703 528 1717 e
545 1694 636 1717 charta
655 1694 681 1717 in
697 1695 774 1718 Arch.
795 1694 916 1718 Univers.
933 1695 1026 1722 Paris.,
1046 1695 1113 1718 thee.
1129 1695 1157 1722 V,
1174 1695 1202 1717 Β.
1220 1695 1242 1717 ’1,
1260 1703 1294 1717 ιιι.
1315 1694 1371 1717 Vid.
1388 1694 1444 1718 Lib.
1459 1702 1535 1724 proc.
1554 1699 1612 1718 nat.
1629 1695 1740 1724 Δημᾶς.
1761 1695 1784 1717 in
1802 1697 1821 1718 A
1829 1698 1883 1718 ιιι-ί.
1905 1695 2038 1718 Unioers..
2055 1695 2072 1723 Ι,

208 1752 231 1755 --
246 1739 268 1762 2.
282 1738 329 1761 Ms.
345 1747 350 1762 :
369 1747 380 1760 ι(
397 1738 422 1761 vi
438 1747 459 1761 n.
474 1752 504 1756 —
519 1741 541 1762 3.
560 1748 570 1760 (ι
584 1739 653 1762 doct.
666 1742 691 1762 et
704 1750 713 1761 ι)
730 1740 869 1770 suppletur
885 1739 910 1762 in
927 1739 1054 1770 margine.
1072 1739 1147 1762 Forte
1163 1739 1303 1770 legendum
1320 1747 1324 1761 2
1343 1747 1354 1761 ((
1371 1739 1424 1761 illis
1441 1742 1501 1761 tunc
1517 1739 1669 1761 doctoribus·
1687 1739 1820 1761 facultatis
1836 1739 1931 1763 decret.
1950 1749 1968 1761 n.

212 1909 352 1946 1383.
379 1919 528 1953 Gregorius
544 1920 585 1944 XI
602 1919 737 1954 (Iohanni
756 1919 791 1945 de
809 1919 920 1953 Calore)
941 1920 1115 1945 cancellario
1132 1920 1238 1954 Paris„
1257 1924 1287 1945 ut
1304 1920 1477 1955 Stephanum
1497 1920 1688 1954 Constethcrii,
1710 1920 1775 1946 Ord.
1794 1921 1862 1946 Min.
1882 1921 1944 1955 (qui
1957 1930 2008 1956 per
2023 1929 2075 1945 sea:

296 1976 387 1993 annos
403 1968 431 1993 in
443 1967 577 2003 pluribus
596 1968 665 1994 locis
681 1972 709 1994 et
727 1969 908 1994 conventibus
929 1969 957 1994 in
978 1979 1001 1995 s.
1023 1970 1134 2004 pagina
1156 1969 1225 2003 tegit
1246 1973 1272 1995 et
1294 1970 1322 1994 in
1342 1969 1402 1994 loco
1419 1972 1543 2003 fratrum
1560 1970 1717 1995 Par-[siens.
1736 1973 1876 1994 corrector
1891 1969 1955 2003 suit,
1975 1973 2001 1994 et
2017 1973 2075 1993 tam

297 2025 392 2042 coram
413 2017 602 2042 Universitate
616 2017 708 2042 studii
725 2018 819 2043 Paris.
847 2026 931 2052 quam
948 2018 1021 2043 alibi
1041 2027 1137 2043 coram
1150 2018 1257 2054 populo
1279 2018 1391 2053 pluries
1409 2018 1525 2053 publice
1543 2019 1694 2053 proposuit
1717 2018 1828 2043 verbum
1844 2019 1917 2051 Dei),
1941 2019 1968 2043 in
1990 2019 2075 2043 tertia

298 2069 411 2091 aestate
425 2067 527 2099 sutura
543 2067 677 2101 proxima
697 2066 725 2091 in
742 2066 802 2092 loco
822 2066 887 2092 Ord.
906 2067 1064 2092 Parisions.
1085 2067 1125 2093 vel
1144 2067 1203 2092 alio
1220 2067 1280 2092 loco
1296 2067 1393 2092 dictae
1414 2068 1621 2101 Uniuersitatis7
1639 2067 1788 2092 dummodo
1802 2076 1853 2102 pro
1870 2067 1948 2092 dicta
1964 2071 2077 2092 aestate

298 2114 406 2149 aliquis
423 2114 547 2149 ejusdem
571 2115 636 2140 Ord.
656 2115 727 2140 inibi
747 2115 787 2140 ad
809 2115 859 2140 lzoc
878 2125 932 2141 non
952 2116 1041 2149 fuerit
1056 2116 1221 2151 deputatus,
1238 2116 1278 2141 ad
1297 2116 1434 2150 legendas
1455 2116 1689 2142 extraordinarie
1707 2117 1869 2141 Sena-nlius
1886 2116 2031 2149 admittat⁴
2051 2119 2077 2141 et

297 2162 408 2188 demum
422 2163 449 2188 ci
463 2162 609 2188 licentiam
624 2163 738 2198 legendi
753 2167 779 2189 et
792 2164 909 2198 regendi
924 2164 1028 2189 ibidem
1043 2165 1071 2190 in
1084 2164 1163 2190 dicta
1176 2164 1319 2198 facultate
1333 2164 1485 2197 largiatur.
1502 2166 1612 2191 Datum
1623 2165 1702 2199 apud
1715 2165 1927 2191 Villaninovani
1942 2165 2074 2190 Avinion.

298 2212 372 2238 dioc.
390 2212 424 2245 vij
442 2212 498 2238 kat.
520 2213 707 2246 Septembris,
722 2221 800 2239 anno
818 2214 954 2239 secundo.
973 2224 986 2236 «
1003 2214 1082 2240 Sicut
1098 2214 1222 2240 debetur
1239 2224 1262 2238 ι».

1262 2298 1335 2326 1372,
1353 2298 1459 2330 Augusti
1468 2298 1511 2327 26,
1529 2299 1598 2329 apud
1611 2298 1792 2324 Villamnoram.

305 2376 367 2406 Reg.
385 2376 440 2399 Vnt.
458 2377 536 2399 Aven.
547 2376 668 2407 Gregorii
685 2377 726 2405 XI,
741 2378 792 2401 vol.
809 2378 875 2405 XIII,
895 2378 937 2400 sot.
957 2377 1025 2399 350h.
1051 2391 1070 2393 —
1086 2377 1144 2399 Fuit
1157 2377 1306 2399 licentiatus
1320 2386 1360 2400 an<
1376 2377 1444 2402 1379.
1459 2377 1480 2399 si
1497 2380 1536 2399 cst
1548 2377 1616 2399 idcin
1633 2379 1670 2405 (ut
1681 2377 1831 2408 opinamur)
1843 2381 1919 2408 atquc
1932 2377 2080 2407 Stephanus

214 2421 331 2448 Blenian,
347 2420 418 2447 Min„
436 2421 461 2443 in
480 2421 566 2444 Catal.
587 2421 678 2445 licent.

220 2551 359 2588 1384.
387 2565 529 2587 Matutam
546 2563 673 2587 nationis
693 2562 879 2588 Pit-ardorum
895 2563 930 2588 de
944 2564 1130 2598 pecuniaruin
1148 2564 1369 2591 distributione:
1386 2562 1461 2597 quod
1474 2563 1598 2598 pecunia
1616 2563 1741 2588 nationis
1758 2563 1785 2587 in
1805 2571 1873 2587 usus
1889 2561 2082 2587 tantummodo

305 2610 396 2645 ipsius
413 2611 582 2636 insumatur.

1411 2648 1485 2675 7373.
1503 2648 1622 2672 danuarii
1634 2648 1667 2674 12,
1685 2648 1798 2672 Parisiis.

306 2730 498 2762 Universis
526 2738 716 2775 presentes
737 2731 860 2764 literas
886 2732 1118 2776 inspecturis,
1142 2744 1269 2763 omnes
1296 2738 1326 2763 et
1355 2730 1491 2775 singuli
1518 2731 1678 2774 magistri
1708 2731 1867 2762 l’arisius
1894 2730 1929 2761 in
1956 2729 2082 2760 artium

217 2795 383 2827 facultate
406 2797 562 2829 nationis
583 2797 828 2838 Picardorum,
848 2798 998 2830 salutem
1020 2799 1055 2830 in
1078 2799 1232 2830 Domino
1258 2798 1527 2842 sempiternam.
1552 2798 1639 2829 (juin
1671 2809 1736 2828 nos
1763 2796 1924 2828 strictius
1946 2795 2085 2838 oblige-

219 2873 299 2893 mur
330 2874 368 2894 ea
400 2863 651 2895 desideranter
681 2865 871 2908 exquirere
906 2877 1048 2897 necnon
1080 2865 1276 2909 diligenter
1312 2863 1495 2908 persequi,
1528 2875 1596 2906 que
1631 2870 1754 2895 nostre
1790 2862 1943 2894 nationis
1976 2861 2087 2892 decus

344 2923 393 2939 *as*
413 2921 504 2943 Chare.
527 2921 604 2944 Univ.
624 2922 718 2945 Paris.
739 2922 784 2945 111.
1933 2919 1961 2940 27
