2488 3386
209 339 304 375 1394]
974 354 1020 375 DE
1057 353 1299 376 scn1SMATE.
2005 346 2068 378 637

211 459 351 496 1695.
374 469 514 494 Hem-icus
530 468 565 494 de
577 469 696 503 Hassia,
715 478 791 503 mag.
810 470 905 496 Paris.
926 473 953 495 et
973 470 1170 495 Universitatis
1192 469 1396 496 Vindobonens.
1411 472 1569 506 professor,
1588 472 1671 496 Petro
1688 471 1722 496 de
1737 471 1871 506 Aeniam,
1897 471 2070 498 cancellario

294 517 400 552 Paris„
416 517 582 552 gratulatur
596 517 631 543 de
650 517 723 543 bona
743 517 885 544 voluntate
901 519 976 552 regis
994 518 1033 544 ad
1049 518 1179 544 Schisma
1194 518 1372 553 sedandum5
1393 527 1411 544 a
1426 519 1556 553 generali
1573 519 1613 544 ad
1627 519 1790 554 singularia
1806 529 1878 546 nunc
1898 520 2072 547 descenden-

294 566 369 600 dum,
388 570 415 592 et
428 566 581 601 quamdam
596 566 667 592 viam
683 566 844 601 eligendam
861 576 933 593 esse.

1473 613 1513 638 An.
1533 613 1605 642 1394,
1623 613 1785 640 Vindobonae.

295 698 508 732 Reverendo
527 710 566 731 ac
587 698 624 731 in
645 698 790 732 Christo
818 698 1056 732 dilectissimo
1078 699 1226 732 domino
1248 706 1283 732 et
1312 711 1413 732 sacre
1441 699 1626 745 theologie
1657 701 1829 745 magistro
1858 701 2070 746 precellenti

206 766 337 806 P[etro]
359 765 403 797 de
424 764 555 810 Elyaco
579 765 650 808 (sic)
672 765 890 798 parisiensis
918 766 1029 799 studii
1057 766 1273 799 cancellario
1302 778 1341 799 ac
1367 766 1491 799 Karoli
1520 766 1762 799 illustrissimi
1792 767 1890 812 regis
1922 768 2069 801 Francie

206 831 474 872 elemosinario,
493 831 696 872 H[enricus]
715 832 833 865 dictus
855 832 899 865 de
926 833 1052 865 Hassia
1073 832 1328 877 qualicumque
1354 832 1479 866 labore
1507 833 1551 865 ad
1572 844 1695 877 pacem
1718 833 1872 866 ecclesie
1894 835 2070 878 premium

205 898 337 931 mereri
363 898 435 931 vite
465 898 698 943 sempiterne.
726 901 803 932 Jam
832 899 976 932 tandem
1003 899 1197 944 aliquando
1233 899 1445 944 providente
1478 900 1648 941 Domino,
1670 900 1731 944 qui
1762 900 1880 933 omnia
1913 901 2071 934 suaviter

205 964 282 997 suis
313 964 475 1009 disponit
502 965 746 1010 temporibus,
776 966 813 998 id
842 966 939 1010 quod
969 966 1059 999 fama
1089 966 1262 1011 loquente
1289 965 1418 998 crebro
1446 966 1607 998 auditum
1638 972 1710 1006 est,
1740 978 1859 999 rerum
1891 967 2071 1000 evidentia

204 1030 327 1064 multis
361 1031 406 1063 ad
439 1031 590 1064 salutem
622 1043 749 1065 verum
784 1032 979 1065 ostendere
1013 1033 1247 1077 attemptavit.
1280 1032 1376 1075 Quid
1405 1033 1495 1065 fama
1531 1032 1682 1077 protulit
1710 1032 1880 1074 celebris,
1913 1045 1986 1065 non
2017 1041 2072 1067 est

204 1097 382 1143 ignotum.
406 1098 560 1131 Protulit
579 1110 733 1143 namque
754 1098 918 1132 illustres
940 1100 1159 1131 Francorum
1182 1110 1290 1144 reges
1319 1099 1363 1131 de
1391 1098 1633 1144 probitatibus
1660 1099 1784 1132 multis
1811 1100 2070 1141 commendari,

205 1170 240 1196 et
258 1176 322 1209 pre
343 1164 474 1197 ceteris
497 1164 822 1198 christianissimos
843 1165 1034 1207 nominari,
1054 1172 1088 1198 et
1108 1165 1176 1198 hoc
1194 1177 1326 1198 nomen
1347 1165 1527 1198 laudabile
1546 1172 1581 1198 et
1600 1177 1711 1210 super
1727 1177 1832 1198 omne
1854 1166 2070 1210 gloriosum,

204 1231 301 1263 unde
328 1231 528 1263 meruerint
557 1231 587 1264 si
618 1231 730 1264 libeat
762 1232 908 1264 intueri.
940 1232 1036 1275 Quid
1066 1232 1137 1265 dici
1170 1239 1292 1277 potest
1318 1232 1442 1264 verius
1472 1232 1543 1264 nisi
1574 1232 1671 1276 quod
1705 1232 1871 1265 firmitate
1906 1232 1990 1265 fidei
2026 1233 2070 1265 de

204 1296 364 1339 Christo,
393 1297 632 1343 religiositate
659 1298 730 1331 vite
759 1299 959 1331 secundum
988 1298 1172 1332 Christum
1204 1306 1239 1331 et
1269 1299 1508 1331 strennuitate
1536 1298 1670 1331 milicie
1696 1311 1760 1343 pro
1785 1298 1965 1337 Christo¹,
1992 1300 2070 1343 ejus

204 1363 395 1396 ecclesiam
422 1364 598 1408 quociens
624 1376 799 1410 oppressa
827 1365 905 1406 fuit,
928 1365 1142 1404 liberarunt,
1167 1365 1343 1410 quociens
1371 1365 1438 1397 fuit
1465 1364 1618 1405 turbata7
1640 1365 1870 1409 tranquillam
1891 1366 2068 1407 fecerunt⁷

204 1430 379 1476 quociens
401 1431 529 1472 divisa,
551 1431 595 1464 ad
624 1432 797 1464 unitatem
827 1432 1075 1464 reduxerunt?
1104 1433 1190 1472 Hec,
1218 1432 1254 1464 ni
1284 1431 1398 1473 fallar,
1425 1438 1510 1464 sunt
1536 1431 1597 1464 illa
1617 1432 1789 1464 virtutum
1812 1444 1920 1477 opera
1942 1432 2070 1465 eximia

203 1508 246 1529 ex
266 1496 399 1542 quibus
427 1504 545 1530 ortum
575 1498 730 1542 sumpsit
759 1505 826 1531 tam
856 1498 1011 1543 gloriosi
1041 1498 1199 1531 nominis
1227 1499 1329 1531 fama.
1363 1499 1455 1530 Ecce
1483 1498 1584 1530 radix
1612 1498 1744 1542 optima
1769 1499 1861 1530 fame
1887 1498 2068 1543 gloriose;

203 1575 287 1596 ecce
319 1564 423 1609 origo
455 1570 576 1596 sancta
610 1564 768 1597 nominis
796 1564 976 1597 Altissimi
1008 1564 1178 1597 omnibus
1208 1564 1380 1597 imitanda
1415 1564 1578 1609 regibus.
1618 1564 1795 1607 Quocirca
1832 1564 1900 1597 hoc
1937 1577 2070 1597 nomen

202 1636 340 1675 patrum
365 1630 562 1663 illustrium
584 1631 735 1675 cupiens
756 1631 936 1664 verificari
961 1637 1067 1675 atque
1093 1631 1325 1676 perhennari,
1348 1643 1411 1663 rex
1439 1631 1518 1675 ipse
1546 1631 1607 1675 qui
1636 1631 1799 1673 ejusdem
1828 1631 1931 1675 regni
1962 1631 2070 1664 hodie

202 1703 343 1741 sceptra
364 1703 518 1730 tenet...,
541 1697 651 1742 digne
673 1698 836 1731 decrevit
855 1697 953 1730 illam
976 1697 1160 1739 [indolem]
1184 1697 1374 1742 probitatis
1396 1697 1570 1742 operibus
1591 1697 1785 1742 generosis
1806 1697 1969 1742 patribus
1990 1710 2071 1730 con-

203 1763 317 1795 suetis
334 1763 444 1795 eciam
467 1775 533 1796 suo
550 1770 712 1808 tempore
734 1770 902 1808 potenter
918 1764 1228 1796 demonstrare...
1252 1765 1334 1808 Ipse
1351 1764 1490 1808 primus
1507 1770 1649 1796 ceteros
1670 1763 1888 1807 preveniens
1909 1763 2072 1796 hortatur

202 1829 247 1862 ad
274 1841 410 1874 pacem,
437 1829 649 1862 consiliatur
677 1842 742 1875 pro
771 1842 872 1875 pace,
902 1830 962 1863 dat.
990 1842 1154 1875 operam⁷
1181 1837 1286 1863 vexat
1311 1830 1426 1871 vires,
1455 1830 1633 1874 impendit
1662 1842 1767 1874 opes,
1797 1830 1903 1862 mittit
1932 1830 2071 1875 legatos

203 1895 352 1940 ubique,
369 1895 477 1940 offert
495 1907 530 1929 se
549 1907 624 1929 cum
639 1907 702 1929 sua
717 1902 828 1940 parte
842 1895 889 1929 ad
908 1908 1041 1930 omnem
1063 1897 1253 1938 rationem,
1267 1897 1360 1930 viam
1381 1901 1412 1929 el
1437 1895 1576 1929 modum
1598 1896 1722 1929 unioni
1738 1901 1855 1929 sancte
1875 1896 2013 1929 ecclesie
2036 1897 2071 1929 in

203 1962 264 1995 hoc
288 1973 370 1995 casu
395 1963 513 2007 magis
534 1964 816 2007 congruentem2.
840 1964 976 1996 Revera
1003 1962 1196 1995 laudabilis
1219 1969 1272 1995 est
1300 1962 1403 1995 valde
1435 1969 1469 1994 et
1498 1962 1638 2006 ydonea
1668 1962 1733 1994 hec
1764 1962 1861 2006 pacis
1889 1962 2070 1994 inchoatio

203 2028 343 2061 cunctis
374 2035 493 2073 optate
519 2028 703 2069 fidelibus,
727 2029 887 2061 omnium
918 2029 1016 2073 pacis
1049 2029 1172 2061 federa
1200 2029 1237 2061 in
1269 2040 1409 2061 merore
1440 2028 1715 2073 prestolantium
1746 2028 1855 2060 corda
1880 2028 2069 2061 letificans.

204 2096 283 2127 Non
304 2101 359 2128 est
383 2095 564 2128 inchoatio
590 2095 670 2137 hec,
698 2095 824 2140 quales
849 2096 996 2128 suerunt
1019 2096 1146 2128 inanes
1172 2096 1270 2140 pacis
1291 2095 1588 2139 attemptaciones
1618 2095 1842 2139 aliquociens
1868 2095 2068 2139 preaudite,

205 2173 275 2206 que
296 2173 441 2194 rumore
462 2162 603 2206 grandi,
622 2168 790 2206 tanquam
812 2162 948 2206 aliquid
970 2162 1092 2207 magni
1114 2168 1322 2194 secuturum
1346 2168 1456 2202 esset,
1480 2173 1543 2205 pro
1565 2168 1727 2205 tempore
1749 2161 1839 2193 alico
1866 2161 1957 2193 facto
1979 2161 2071 2193 mul-

204 2235 322 2261 torum
344 2229 453 2261 corda
475 2228 730 2270 exhilaramini,
750 2240 819 2273 quc
841 2229 911 2261 cito
933 2235 1015 2273 post
1036 2228 1109 2261 illis
1130 2235 1298 2272 tanquam
1322 2228 1478 2260 radicem
1501 2239 1574 2259 non
1595 2227 1813 2260 habentibus
1836 2228 1873 2259 in
1896 2227 2068 2260 nichilum

205 2295 371 2327 deductis
392 2295 546 2339 amplius
568 2307 708 2327 merere
730 2295 906 2327 fecerunt..
934 2296 1013 2327 Non
1034 2294 1218 2327 credimus
1242 2294 1309 2327 hoc
1336 2294 1429 2326 absit
1450 2294 1493 2326 de
1516 2305 1557 2325 eo
1581 2294 1677 2338 quod
1704 2305 1799 2325 nunc
1827 2294 1863 2325 in
1885 2293 2068 2338 publicum

205 2362 340 2406 prodiit
359 2361 584 2394 solidissimo
606 2368 728 2394 sancte
756 2362 855 2406 pacis
880 2361 1041 2394 exordio.
1065 2361 1160 2404 Quid
1186 2361 1281 2393 enim
1308 2360 1504 2405 optabilius
1531 2359 1860 2404 racionabiliusque
1882 2360 2070 2393 oblacione

205 2428 353 2473 prefata,
375 2440 444 2473 que
472 2440 536 2461 sua
565 2428 802 2473 generalitate
831 2428 882 2461 sic
911 2428 1102 2469 solidatur,
1130 2427 1227 2472 quod
1248 2427 1306 2460 vix
1326 2426 1562 2471 calumpniari
1585 2433 1644 2458 aut
1672 2426 1820 2458 sinistre
1842 2427 2070 2471 interpretari

206 2495 346 2539 possit?
366 2496 409 2527 Et
429 2495 510 2539 quis
532 2494 661 2540 legalis
691 2494 798 2527 homo
826 2494 943 2527 taliter
969 2506 1007 2526 se
1030 2494 1242 2527 offerentem
1265 2493 1386 2526 (licere
1408 2499 1592 2537 presumat
1611 2493 1771 2537 captiose
1793 2493 1991 2537 procedere
2013 2500 2072 2525 aut

206 2558 313 2606 agere
331 2561 484 2594 dolose?
499 2561 607 2594 Plane
625 2561 761 2593 nullus.
781 2560 1016 2594 Oblacionem
1034 2572 1122 2605 ergo
1144 2560 1241 2593 illam
1264 2560 1346 2604 quis
1368 2571 1440 2591 non
1457 2559 1632 2600 admittat,
1650 2559 1732 2603 quis
1753 2559 1908 2591 refutare
1930 2560 2070 2599 audeat,

207 2628 288 2672 quis
309 2628 420 2661 eciam
442 2640 595 2673 magnus
616 2634 676 2660 aut
697 2639 828 2673 parvus
850 2628 886 2659 in
908 2634 1007 2672 parte
1025 2627 1203 2659 contraria
1225 2626 1392 2659 similiter
1409 2637 1448 2658 se
1470 2637 1542 2657 non
1564 2625 1715 2658 offerat?
1735 2626 1824 2658 Puto
1847 2626 1943 2670 quod
1965 2638 2069 2657 nemo

206 2690 423 2735 invenietur,
453 2695 514 2739 qui
544 2694 596 2726 illi
628 2706 700 2727 non
729 2694 950 2727 consenciat.
988 2695 1105 2738 Ipsam
1134 2704 1222 2737 ergo
1252 2692 1429 2725 sinceram
1458 2698 1625 2736 tanquam
1655 2703 1698 2723 ex
1727 2692 1873 2736 optimis
1906 2692 2068 2723 cordium

208 2760 402 2793 desideriis
430 2761 509 2793 sine
540 2760 689 2805 obliquo
719 2761 763 2793 ad
794 2760 902 2793 finem
931 2760 1105 2804 optimum
1136 2765 1294 2792 exortam
1326 2758 1529 2803 gaudenter
1555 2758 1761 2802 recepimus
1791 2764 1825 2789 et
1856 2758 2071 2790 inconcusse

207 2833 385 2868 tenemus,
409 2828 580 2872 precipue
600 2834 802 2860 vestrarum
825 2826 1034 2859 testimonio
1056 2826 1290 2865 litterarum³‚
1314 2836 1383 2869 que
1405 2836 1478 2857 non
1500 2836 1625 2869 parum
1654 2825 1689 2856 in
1720 2824 1787 2856 hoc
1813 2824 1966 2868 negocio
1989 2836 2071 2868 pro-

207 2894 365 2934 fuerunt⁷
388 2900 541 2926 vestram
570 2906 634 2938 per
659 2893 814 2938 amplius
842 2893 1073 2926 exhortantes
1104 2904 1168 2937 per
1197 2892 1315 2924 omnia
1346 2891 1531 2936 providam
1560 2890 1837 2930 discrecionem,
1865 2890 1901 2922 in
1929 2902 2073 2934 promo-
