2488 3386
193 331 290 367 1378]
960 343 1006 363 nr:
1041 342 1283 364 scu1SMATi3.
1990 335 2054 367 559

197 456 337 492 1615.
366 464 496 491 Urbanus
513 465 549 490 VI
557 464 674 490 summis
685 463 821 489 laudibus
838 463 1052 488 Universitatem
1066 462 1159 489 Paris.
1174 462 1344 488 cumulando
1355 462 1463 496 gaudet
1477 463 1552 497 quod
1565 463 1694 496 defensio
1707 463 1797 499 ipsius
1809 464 1845 489 ab
1857 464 1909 490 illa
1921 468 2054 500 suscepta

279 515 325 549 sit,
345 517 371 540 et
386 522 448 539 eam
465 513 634 539 exhortatur
647 521 699 548 pro
714 514 820 546 ficturo.
836 511 969 548 Epistola
986 515 1050 537 tunc
1067 511 1180 537 minime
1195 512 1325 537 Parisios
1337 512 1474 547 pervenit.

1370 597 1444 625 1378,
1461 596 1604 622 Novembris
1614 597 1651 625 21,
1666 598 1768 623 Romae.

282 681 449 715 Urbanus
470 682 666 726 episcopus
688 692 816 713 servus
839 692 1026 713 servorum
1050 681 1128 721 Dei,
1147 680 1290 712 dilectis
1311 680 1431 712 filiis..
1448 680 1592 720 rectori,
1612 681 1807 725 magistris,
1827 682 2052 722 doctoribus,

191 748 394 781 scolaribus
415 760 454 780 ac
475 747 711 781 Universitati
735 747 846 780 studii
869 747 1100 787 Parisiensis,
1128 746 1279 779 salutem
1303 753 1337 779 et
1357 746 1590 790 apostolicam
1613 746 1919 780 benedictionem.
1943 749 2051 789 Inter,

189 815 260 847 imo
294 826 402 859 supra
436 821 575 847 ceteras
605 814 828 847 studentium
864 814 1142 854 Universitates,
1166 814 1202 845 in
1233 813 1365 858 quibus
1396 813 1628 845 scientiarum
1659 825 1799 858 gemma
1832 814 2052 858 resplendet,

188 888 308 915 vestra
334 881 551 914 Parisiensis
580 881 688 914 velud
715 880 895 925 quoddam
928 880 1039 925 sydus
1073 880 1196 920 radiat,
1225 887 1259 912 et
1284 879 1400 924 pulsis
1422 879 1548 924 procul
1578 879 1788 924 ignorancie
1818 892 1856 912 ac
1890 892 2052 913 errorum

188 947 351 981 tenebris
385 948 549 980 doctrine
587 959 652 980 sue
689 947 826 979 lumine
857 947 1103 980 circumlucet.
1137 948 1188 979 Ex
1218 947 1294 991 ipsa
1325 958 1454 991 nempe
1492 958 1558 979 ceu
1594 958 1637 978 cx
1669 946 1822 991 quodam
1857 947 2053 991 purissimo

188 1015 286 1047 fonte
308 1026 454 1059 semper
473 1014 550 1047 sani
572 1014 722 1058 verique
744 1013 924 1058 dogmatis
946 1013 1052 1046 rivuli
1074 1013 1337 1058 profluxerunt,
1360 1013 1421 1057 qui
1442 1024 1505 1057 per
1526 1013 1738 1045 innumeros
1759 1013 1881 1046 alveos
1904 1015 2053 1058 pronius

189 1081 437 1114 discurrentes
453 1080 622 1113 falsarum
645 1080 857 1125 opinionum
879 1080 1001 1112 limum
1025 1079 1287 1112 absterserunt.
1307 1080 1422 1124 Hujus
1439 1079 1584 1123 quidem
1606 1080 1933 1113 sontis'claritatem
1957 1081 2052 1114 nulla

189 1160 346 1192 unquam
364 1147 616 1192 quantumlibet
636 1147 838 1192 impetuosa
859 1147 914 1180 vis
936 1146 1056 1192 pluvie
1074 1146 1281 1179 turbidavit.
1300 1146 1414 1179 Vobis
1431 1146 1564 1190 itaque,
1582 1146 1811 1179 dilectissimi
1832 1147 1911 1188 filii,
1929 1148 1989 1192 qui
2011 1160 2052 1180 ex

187 1213 255 1247 hoc
284 1214 541 1259 limpidissimo
562 1215 660 1246 sonte
687 1214 918 1246 dulcissimas
941 1213 1141 1246 litterarum
1170 1225 1281 1258 aquas
1308 1213 1412 1246 avido
1436 1212 1568 1245 haustu
1597 1213 1740 1254 elicitis,
1764 1214 2050 1258 congaudemus,

187 1280 294 1313 nobis
316 1287 350 1314 et
371 1287 492 1314 sancte
514 1282 672 1313 Romane
695 1280 989 1325 congratulamur
1009 1280 1177 1321 ecclesie,
1199 1280 1257 1312 cui
1279 1280 1359 1312 talia
1381 1279 1479 1324 ligna
1495 1280 1634 1312 fructus
1658 1280 1899 1324 producencia
1916 1281 2052 1314 dulcis-

187 1347 300 1380 simos
330 1359 437 1380 secus
459 1347 637 1380 decursus
660 1359 831 1391 aquarum
855 1347 890 1379 in
917 1353 984 1379 tam
1012 1347 1173 1391 ingenuo
1194 1347 1365 1380 viridario
1388 1358 1552 1379 summus
1575 1358 1704 1390 parens
1726 1359 1843 1379 rerum
1868 1348 2049 1392 plantavit.

185 1413 320 1456 Quidni
346 1414 569 1458 gaudeamus
591 1420 625 1446 et
647 1413 783 1446 exultet
803 1413 953 1458 spiritus
979 1420 1117 1454 noster,
1140 1413 1283 1458 quando
1305 1413 1396 1446 intra
1418 1413 1536 1445 felicia
1567 1420 1681 1445 castra
1704 1414 1919 1447 Parisiensis
1941 1415 2051 1448 studii

186 1486 236 1513 tot
257 1480 489 1513 doctissimos
510 1492 549 1512 ac
571 1480 822 1525 magnanimos
843 1480 1004 1513 veritatis
1026 1487 1061 1512 et
1077 1479 1277 1512 orthodoxe
1295 1480 1379 1512 fidei
1401 1479 1545 1524 pugiles
1567 1480 1761 1512 intuemur.
1782 1481 1899 1513 Seviat
1920 1481 2052 1514 hereti-

184 1558 308 1579 corum
326 1547 496 1592 pravitas,
515 1553 685 1591 quantum
705 1553 842 1591 potest;
861 1553 1011 1579 evacuet
1027 1553 1150 1579 eontra
1168 1553 1235 1579 tam
1255 1547 1495 1579 munitissima
1513 1553 1628 1579 castra
1646 1546 1831 1591 pharetras
1849 1559 1932 1580 suas
1950 1555 1983 1580 tu
1992 1548 2052 1581 rba

186 1614 408 1647 scismatica:
428 1625 508 1646 nam
531 1620 615 1646 sunt
635 1613 769 1646 milites
790 1613 950 1658 alumpni
967 1614 1082 1646 nostri
1104 1613 1147 1646 ad
1171 1613 1414 1646 resistendum
1436 1614 1712 1658 promptissimi,
1730 1614 1891 1647 veritatis
1914 1621 1948 1648 et
1968 1615 2052 1648 fidei

185 1680 330 1713 thorace
351 1680 494 1722 muniti,
511 1679 686 1713 habentes
703 1679 871 1725 bicipicia
888 1680 1040 1725 spicula,
1058 1680 1190 1725 quibus
1207 1680 1365 1713 hostium
1384 1680 1574 1725 precordia
1591 1687 1843 1725 penetrentur,
1866 1680 1998 1714 habent
2019 1689 2052 1715 et

184 1747 280 1780 faces
301 1747 576 1780 ardentissimas
597 1747 768 1787 caritatis,
792 1746 925 1791 quibus
945 1747 1091 1779 illorum
1115 1747 1279 1780 machine
1303 1747 1590 1788 confundantur,
1613 1747 1746 1780 habent
1767 1754 1802 1780 et
1822 1749 2051 1781 scaturientis

184 1813 295 1846 fontis
316 1813 444 1854 undas,
468 1813 602 1858 quibus
624 1825 747 1846 eorum
770 1813 885 1846 facule
907 1813 1074 1858 protinus
1102 1814 1370 1857 extinguantur.
1394 1815 1440 1847 Ut
1461 1826 1526 1846 nec
1550 1813 1641 1846 illud
1665 1820 1924 1858 pretereamus,
1948 1816 2051 1859 cujus

185 1880 261 1913 sola
283 1880 533 1913 recordatione
552 1880 745 1924 plurimum
767 1880 1011 1921 consolamur,
1031 1880 1201 1925 quodque
1219 1893 1334 1925 nuper
1355 1893 1434 1913 cum
1453 1881 1593 1924 ingenti
1614 1880 1747 1925 gaudio
1765 1880 1834 1912 fide
1857 1881 2048 1925 dignorum

185 1946 359 1980 relatione
388 1947 630 1991 percepimus,
654 1946 958 1991 quemadmodum
985 1959 1050 1979 vos
1071 1947 1247 1980 adversus
1274 1947 1483 1980 eorumdem
1506 1947 1747 1980 hereticorum
1775 1953 1880 1991 atque
1901 1948 2049 1980 scisma-

184 2013 337 2046 ticorum
377 2013 615 2046 assertionem
654 2013 844 2046 subdolam
890 2020 1014 2046 contra
1058 2026 1124 2046 nos
1163 2014 1345 2058 impudice
1384 2014 1610 2059 loquentium
1659 2013 1853 2046 nonnullas
1893 2021 2047 2055 sanctas,

183 2092 288 2113 veras
309 2092 347 2112 ac
370 2079 641 2121 saluberrimas,
664 2086 699 2112 et.
724 2080 849 2124 quales
877 2080 1142 2125 professionem
1165 2088 1320 2113 vestram
1343 2081 1458 2122 decet,
1490 2081 1526 2112 in
1553 2087 1730 2120 nostrum,
1755 2080 1825 2112 imo
1854 2088 2048 2113 memorate

185 2146 269 2179 fidei
298 2147 456 2180 favorem
486 2153 521 2179 et
549 2147 711 2179 veritatis
740 2147 991 2179 defensionem
1018 2148 1217 2180 sententias
1245 2147 1389 2192 publice
1422 2147 1601 2187 tenuistis,
1634 2153 1669 2179 et
1696 2158 1755 2178 eas
1785 2153 1908 2179 contra
1939 2159 2048 2191 quos-

185 2226 339 2258 cumque
370 2214 588 2246 contrarium
612 2213 824 2258 prolitentes
847 2213 1077 2246 defensastis.
1101 2215 1168 2246 Pro
1200 2214 1333 2259 quibus
1360 2214 1629 2247 universitatem
1658 2220 1812 2245 vestram
1842 2213 1979 2246 meritis
2011 2214 2047 2246 in

186 2280 340 2313 Domino
361 2279 531 2313 laudibus
556 2286 835 2325 prosequentes,
861 2280 1091 2313 devotionem
1114 2288 1268 2313 vestram
1297 2281 1516 2325 requirimus
1538 2287 1572 2312 et
1592 2279 1778 2312 hortamur
1803 2279 1986 2317 attentius,
2009 2292 2047 2312 ac

184 2358 248 2391 per
268 2347 516 2391 aspersionem
540 2346 797 2391 pretiosissimi
820 2347 1010 2392 sanguinis
1033 2349 1119 2380 Jesu
1147 2347 1295 2388 Christi,
1319 2349 1422 2391 cujus
1444 2347 1479 2379 in
1506 2346 1569 2379 hac
1592 2353 1690 2391 parte
1714 2357 1771 2378 res
1792 2345 1923 2390 agitur,
1946 2346 2047 2379 obse-

183 2425 337 2454 cramus,
361 2413 531 2458 quatinus
560 2425 704 2446 causam
729 2413 982 2458 justitiamque
1004 2421 1162 2446 nostram
1186 2415 1249 2447 toti
1278 2414 1412 2446 mundo
1440 2414 1628 2454 notoriam,
1652 2424 1755 2457 quam
1784 2412 1869 2444 dicti
1891 2414 2047 2457 pseudo-

183 2479 383 2520 christiani,
405 2480 481 2513 veri
503 2479 678 2512 satellites
699 2479 925 2521 Antichristi,
954 2479 1168 2513 obnubilare
1190 2493 1229 2513 ac
1256 2481 1385 2513 scisma
1409 2480 1759 2525 perniciosissimum
1783 2481 1818 2513 in
1840 2482 1905 2513 Dei
1932 2481 2046 2513 eccle-

184 2546 234 2578 sia
257 2547 432 2579 suscitare
453 2546 665 2587 moliuntur,
693 2546 882 2591 suscipere
910 2548 980 2579 imo
1002 2548 1075 2591 jam
1103 2554 1307 2592 susceptam
1330 2547 1448 2579 velitis
1477 2547 1667 2579 defensare
1700 2554 1865 2592 tanquam
1895 2548 2046 2592 legitimi

183 2619 394 2646 certatores.
418 2614 461 2645 Et
480 2625 524 2645 ne
546 2612 776 2645 inconsutilis
799 2612 934 2646 Christi
956 2615 1041 2646 Jesu
1065 2614 1182 2645 tunica
1211 2614 1376 2654 lanietur,
1401 2613 1468 2645 sul)
1490 2613 1611 2645 (livine
1635 2614 1793 2657 potentia
1816 2614 1960 2646 dextere
1982 2626 2045 2646 vos

184 2691 324 2711 murum
350 2679 667 2724 inexpugnabilem
700 2680 891 2724 opponatis
924 2679 1157 2724 hostiumque
1187 2680 1451 2712 multitudinem
1488 2679 1694 2712 nullatenus
1729 2681 1943 2721 lormidetis,
1978 2680 2044 2711 sub

183 2746 299 2791 signis
322 2745 516 2778 militantes
537 2746 749 2779 victricibus
770 2747 948 2787 veritatis,
983 2759 1066 2791 que,
1089 2747 1171 2779 licet
1204 2746 1420 2790 quandoque
1447 2746 1765 2790 calumpniantium
1789 2747 1915 2779 fucatis
1943 2758 2044 2790 argu-

183 2819 386 2844 mentorum
416 2811 601 2844 coloribus
631 2813 878 2857 impugnetur,
905 2813 998 2846 vinci
1030 2820 1146 2845 tamen
1172 2825 1242 2845 non
1270 2819 1399 2856 potest,
1428 2819 1462 2844 ct
1488 2812 1630 2844 illorum
1664 2813 1786 2856 nequit
1816 2812 2044 2844 multitudine

182 2878 399 2911 conculcari.
423 2878 540 2911 Nichil
568 2878 662 2911 enim
690 2879 832 2911 felicius
854 2891 957 2923 quam
986 2891 1050 2924 pro
1069 2879 1217 2912 veritate
1238 2878 1391 2918 bellare,
1420 2878 1509 2910 nulli
1539 2878 1711 2911 clariores
1742 2878 1923 2922 triumphi,
1948 2878 2042 2909 nulla
