2488 3386
182 361 277 397 1394]
949 377 995 398 DE
1032 376 1272 398 SCHISMATE.
1977 367 2042 400 635

180 447 463 481 elaboraremus.
487 450 621 482 Verum
643 449 746 482 aliter
767 449 879 482 multo
902 461 1006 494 quam
1029 449 1209 490 rebamur,
1233 450 1400 483 evenisse
1427 457 1597 494 quantum
1625 451 1668 483 ad
1698 450 1788 483 illud
1819 457 2039 495 postremum

180 514 389 548 rumoribus
410 515 640 560 quibusdam,
667 516 801 548 utinam
831 528 982 561 prorsus
1010 516 1124 557 falsis,
1153 516 1259 549 nobis
1282 528 1368 549 vero
1390 516 1448 549 vix
1468 516 1707 549 credibilibus
1735 517 1951 550 audivimus.
1979 518 2040 549 Est

179 581 299 625 itaque
324 581 393 614 huc
419 581 582 622 relatum,
604 594 683 615 cum
713 589 928 615 memoratas
957 582 1096 616 litteras
1125 589 1224 627 parte
1251 589 1373 615 nostra
1402 582 1557 615 directas
1587 583 1744 628 legendo
1776 584 2039 628 pervidissetis,

179 659 244 680 vos
265 647 364 680 velut
391 648 444 681 eis
465 648 656 690 offensum,
679 649 838 694 graviter
859 649 1174 694 indignabundum
1198 656 1232 681 et
1257 649 1409 681 moleste
1435 649 1628 681 admodum
1657 650 1845 689 ferentem,
1871 650 1907 682 in
1933 649 2041 682 verba

179 713 246 746 hec
267 714 434 759 erupisse
452 726 459 747 ;
484 728 500 746 ((
518 715 607 748 male
625 721 708 749 sunt
728 721 761 749 et
780 717 961 749 venenose²
981 730 1009 748 1).
1033 716 1140 758 Quod
1160 716 1190 748 si
1211 727 1340 748 vanum
1362 727 1401 748 ac
1423 716 1543 748 fictum
1567 722 1633 756 est,
1652 722 1690 748 ut
1710 716 1824 760 magis
1845 716 2041 756 credimus,

179 787 280 825 grata
298 787 417 814 vestra
445 782 638 826 responsio
669 794 708 814 se
735 783 778 815 ad
809 795 932 827 pacem
961 782 1116 815 ecclesie
1140 782 1379 815 voluntariam
1408 789 1614 815 monstrans
1642 782 1771 815 effectu
1797 782 1903 814 fidem
1925 783 2042 815 facere

180 846 340 888 debebit,
359 854 394 880 et
413 854 452 880 ut
472 859 660 893 speramus
681 849 797 882 faciet.
823 850 885 882 Sin
906 861 992 882 vero
1010 849 1123 894 (quod
1145 849 1271 894 procul
1292 849 1403 892 absit)
1424 849 1460 881 id
1481 861 1607 882 verum
1628 855 1694 889 est,
1714 855 1748 881 et
1768 860 1876 893 supra
1897 849 2040 881 modum

180 913 352 946 miramur
368 920 404 946 et
419 914 585 947 dolemus
603 915 700 960 quod
721 922 790 948 tam
808 916 999 961 indignum
1020 916 1160 949 facinus
1181 916 1295 961 patrio
1313 916 1489 948 exciderit
1509 927 1584 948 ore.
1607 917 1708 956 Nam,
1725 915 1837 960 proch
1855 915 1920 947 Dei
1937 922 2042 959 atque

181 979 366 1012 hominum
395 980 519 1013 fidem!
553 988 653 1026 pater
680 982 907 1023 beatissime,
942 982 1038 1015 unde
1069 994 1250 1015 venenum
1281 983 1434 1027 emergit
1464 982 1500 1014 in
1531 994 1569 1014 re
1599 982 1692 1014 ista?
1722 981 1838 1014 Labor
1864 982 1943 1026 ipse
1975 988 2041 1014 tam

182 1053 328 1080 sanctus
358 1054 431 1087 est,
463 1048 608 1081 materia
640 1055 707 1082 tam
738 1056 859 1082 saneta
888 1056 1031 1094 tamque
1061 1049 1257 1094 inpolluta,
1288 1056 1327 1082 ut
1361 1061 1426 1081 nec
1453 1061 1595 1082 veneno
1625 1048 1739 1093 pollui
1771 1060 1837 1081 1100
1864 1060 2042 1081 venenum

181 1113 370 1146 admittere
396 1114 508 1146 ullum
533 1115 569 1147 in
598 1127 636 1147 se
665 1116 793 1160 possit,
817 1116 963 1149 eciamsi
985 1116 1066 1161 quis
1088 1122 1237 1161 cuperet
1261 1116 1466 1148 infundere.
1495 1117 1567 1148 Nos
1590 1127 1676 1148 vero
1700 1127 1772 1147 non
1798 1115 1835 1147 id
1864 1115 2043 1159 cupimus,

182 1180 244 1224 qui
265 1180 302 1212 in
323 1192 360 1213 re
380 1180 445 1213 1130
467 1193 557 1226 puro
575 1182 698 1222 corde,
721 1183 861 1215 sincera
883 1183 1105 1224 intencione,
1127 1194 1211 1216 vera
1233 1189 1268 1215 et
1287 1181 1541 1226 inobliquabili
1563 1182 1720 1222 racione,
1742 1188 1834 1214 teste
1855 1183 1944 1222 Deo,
1969 1193 2046 1226 pro-

182 1247 363 1279 cessimus
389 1254 424 1280 et
453 1248 496 1280 ad
523 1249 753 1281 concordiam
781 1262 897 1294 usque
925 1251 1019 1293 (Deo
1041 1261 1186 1294 semper
1207 1249 1386 1294 propicio)
1415 1249 1669 1293 procedemus,
1700 1260 1744 1280 ne
1773 1248 1854 1292 quis
1879 1249 1950 1292 jam
1979 1260 2046 1281 nos

183 1319 371 1358 tepescere
392 1320 427 1346 et
447 1314 544 1347 tedio
561 1315 676 1348 victos
698 1328 780 1349 esse
802 1316 1020 1361 suspicetur.
1040 1317 1082 1348 Et
1104 1323 1141 1348 ut
1162 1322 1281 1360 partes
1303 1315 1457 1360 epistole
1479 1327 1746 1360 percurramus,
1765 1327 1808 1347 an
1828 1314 1918 1347 illud
1939 1326 2046 1347 vene-

184 1391 312 1412 nosum
336 1387 391 1413 est
416 1381 513 1425 quod
534 1381 668 1414 labenti
691 1382 846 1415 ecclesie
875 1383 912 1415 in
941 1383 1059 1428 ipsius
1089 1383 1198 1415 inicio
1221 1382 1472 1422 condolemus,
1496 1381 1593 1426 quod
1622 1381 1728 1413 officii
1757 1381 1879 1413 debito
1903 1388 1938 1413 et
1962 1393 2047 1413 con-

184 1446 335 1479 scientia
363 1447 461 1479 ducti
492 1447 587 1480 hunc
609 1448 770 1481 laborem
799 1450 1009 1494 suscepisse
1038 1461 1104 1482 nos
1135 1449 1290 1481 dicimus
1303 1450 1371 1481 ἶ)...
1401 1449 1570 1481 Ceterum
1604 1447 1664 1480 illa
1689 1448 1841 1480 forsitan
1865 1459 2048 1480 venenosa

183 1513 348 1557 arguitur
377 1514 492 1547 oratio
523 1516 612 1559 qua³
650 1515 687 1547 111
715 1516 901 1548 11111111011111
938 1516 1122 1548 hominem
1152 1522 1221 1548 tam
1258 1514 1415 1548 salubris
1444 1515 1623 1559 propositi
1651 1526 1689 1546 30
1716 1514 1849 1558 operis,
1878 1521 2047 1558 quantum

185 1580 331 1624 quidem
357 1580 393 1612 in
414 1592 454 1613 se
475 1588 562 1622 erat,
586 1581 820 1623 turbatorem,
844 1582 1028 1627 paululum
1051 1582 1201 1627 aliquid,
1229 1589 1263 1614 et
1283 1594 1356 1614 non
1378 1588 1475 1614 certe
1498 1593 1562 1625 pro
1589 1581 1640 1613 rei
1666 1580 1930 1625 magnitudine,
1952 1580 2050 1612 inve-

184 1646 315 1679 ximus.
339 1647 444 1690 Quod
466 1648 497 1680 si
518 1648 555 1680 id
575 1648 669 1681 vicio
692 1649 808 1690 datur,
836 1649 923 1694 quid
952 1661 1151 1694 quesumus
1180 1649 1341 1681 deterius
1364 1655 1422 1681 aut
1453 1648 1568 1692 magis
1593 1647 1812 1680 virulentum
1836 1653 1902 1687 est,
1925 1646 1981 1679 vel
2008 1647 2050 1679 ad

186 1725 310 1758 pacem
331 1714 486 1747 ecclesie
513 1715 719 1749 laborantes
740 1716 809 1749 viis
839 1716 971 1750 talibus
995 1716 1157 1761 qualibus
1183 1715 1359 1760 impedire
1386 1722 1491 1759 atque
1514 1721 1581 1747 tam
1605 1721 1767 1746 sanetum
1790 1713 1950 1746 laborem
1972 1714 2052 1746 sun-

187 1780 284 1813 ditus
306 1781 491 1814 exinanire
513 1789 695 1827 satagere,
720 1783 778 1816 vel
800 1783 968 1816 doctores
990 1782 1146 1816 ecclesie
1168 1783 1211 1815 ad
1232 1783 1348 1827 ipsius
1376 1782 1547 1814 unionem
1571 1780 1884 1826 perseverantem⁴
1907 1792 2050 1825 operam

187 1847 412 1892 impendere,
436 1849 689 1894 scismatisque
712 1850 923 1891 nutritores,
951 1850 1013 1895 qui
1040 1862 1125 1883 vere
1154 1849 1350 1882 scismatici
1381 1855 1477 1889 sunt,
1506 1847 1697 1881 refellere?
1723 1847 1891 1879 Nundum
1920 1847 2051 1879 veritas

187 1913 278 1958 ipsa,
296 1914 380 1947 licet
395 1915 554 1960 graviter
571 1928 760 1961 oppressa,
778 1928 895 1961 usque
912 1917 1001 1950 adeo
1023 1917 1158 1949 corruit
1177 1916 1212 1948 in
1230 1915 1373 1961 plateis,
1391 1922 1429 1948 ut
1445 1915 1481 1947 in
1499 1914 1647 1947 dubium
1667 1914 1796 1946 adduci
1818 1913 1907 1946 illud
1925 1924 2052 1957 oppor-

188 1987 271 2013 teat.
294 1981 359 2013 Ille
375 1993 582 2015 venenosus
604 1983 725 2027 potius
742 1990 818 2016 erat
834 1983 1024 2024 dicendus,
1043 1983 1104 2028 qui
1122 1983 1237 2015 errori
1254 1982 1457 2015 scismatice
1476 1981 1626 2026 perfidie
1643 1980 1784 2012 heresis
1807 1980 2051 2024 suspicionem

188 2047 397 2089 cumulavit,
421 2048 634 2082 doctoribus
656 2049 811 2082 ecclesie
834 2057 1047 2095 perpetuum
1075 2050 1299 2082 machinatus
1328 2050 1516 2093 imponere
1544 2048 1744 2087 silentium,
1768 2058 1833 2078 1100
1862 2046 2050 2090 quicquam

189 2114 234 2146 de
261 2113 329 2147 hoc
357 2114 401 2146 ad
430 2126 493 2148 eos
524 2116 707 2160 pertinere
734 2128 845 2149 ausus
876 2129 938 2149 ore
975 2117 1155 2162 sacrilego
1185 2128 1366 2157 evomere,
1405 2115 1462 2148 cui
1493 2115 1656 2154 forsitan,
1685 2114 1768 2145 dum
1801 2119 1943 2157 tempus
1973 2112 2052 2150 erit,

189 2187 361 2225 quantum
384 2181 427 2214 ad
449 2193 512 2214 eos
534 2189 685 2227 spectet,
709 2182 878 2215 elucebit.
902 2184 1167 2216 Beatitudinem
1189 2189 1345 2216 vestram
1367 2182 1497 2215 iterum
1520 2188 1626 2225 atque
1652 2180 1781 2212 iterum
1804 2179 1839 2211 111
1865 2179 1973 2223 liujus
2002 2179 2051 2211 rei

187 2247 382 2280 vindictam
405 2248 655 2293 imploramus,
679 2261 783 2293 quam
805 2250 848 2282 ad
878 2250 1048 2282 unionem
1079 2262 1223 2295 quoque
1245 2249 1401 2282 ecclesie
1422 2250 1484 2292 (en
1512 2259 1639 2280 rursus
1667 2246 1776 2279 altera
1802 2246 1895 2289 vice)
1916 2246 2052 2278 instan-

188 2314 280 2355 cius,
299 2314 483 2355 obnixius,
503 2314 678 2348 humilius
701 2328 764 2360 per
786 2316 1003 2349 uberrimam
1026 2316 1162 2350 Christi
1184 2317 1365 2349 caritatem
1389 2321 1605 2348 exortamur.

279 2382 322 2414 Et
344 2393 416 2413 non
438 2388 493 2414 001
514 2382 611 2426 quod
632 2383 826 2423 miremini,
854 2383 920 2416 sed
948 2384 1075 2428 pocius
1097 2383 1309 2428 ignoscatis,
1333 2389 1434 2427 pater
1460 2381 1682 2421 beatissime,
1711 2380 1741 2412 si
1771 2380 1924 2411 fortasse
1945 2378 2054 2411 vehe-

190 2447 347 2480 mentius
369 2447 477 2480 solito
500 2460 611 2493 super
631 2448 885 2493 hujuscemodi
916 2462 954 2482 re
982 2449 1235 2482 scribimus...
1258 2449 1409 2482 Accedit
1433 2449 1585 2492 insuper
1606 2446 1935 2479 ecclesiasticorum
1963 2457 2054 2489 pene

190 2514 351 2546 omnium
367 2514 527 2547 virorum
551 2515 858 2561 simpliciumque,
881 2516 1120 2549 litteratorum
1143 2529 1182 2549 ac
1204 2516 1446 2562 popularium,
1469 2515 1604 2547 clamor
1625 2520 1658 2546 et
1681 2512 1905 2558 querimonia
1931 2512 2055 2543 adver-

191 2591 271 2612 sum
292 2592 360 2613 nos
381 2593 525 2614 necnon
546 2582 737 2615 adversum
769 2590 933 2627 pastores
955 2583 1124 2624 ecclesie,
1152 2583 1249 2628 quod
1276 2583 1409 2615 tamdiu
1433 2582 1546 2614 cladis
1571 2580 1680 2625 hujus
1702 2579 1947 2612 detestandam
1976 2590 2056 2622 per-

192 2646 322 2679 niciem
343 2647 495 2680 radicari
517 2655 552 2681 et
572 2649 828 2682 convalescere
851 2649 1025 2695 nephario
1044 2650 1197 2682 silencio
1220 2649 1318 2694 passi
1340 2660 1478 2681 sumus.
1504 2647 1573 2680 Sed
1594 2659 1658 2692 per
1674 2658 1739 2679 vos
1761 2652 1793 2677 et
1815 2657 1879 2690 per
1895 2651 2057 2689 pastores

190 2713 393 2746 antedictos
416 2713 522 2747 finem
549 2714 620 2748 hiis
646 2716 750 2748 malis
781 2716 918 2761 imponi
941 2716 1232 2761 expectabamus,
1262 2722 1300 2748 ut
1326 2715 1423 2748 unde
1448 2713 1598 2746 morbus
1626 2719 1781 2757 ceperat,
1809 2711 1892 2743 inde
1914 2722 2056 2754 quoque

192 2779 372 2812 medicina
400 2780 568 2813 oriretur.
602 2782 721 2824 Quare
749 2782 943 2827 ignoscite,
976 2790 1089 2827 pater,
1116 2782 1308 2827 ignoscite,
1340 2781 1369 2814 si
1399 2780 1486 2825 quid
1514 2781 1635 2812 forsan
1661 2778 1840 2823 asperius,
1869 2783 1925 2808 aut
1960 2775 2055 2820 quod

194 2845 313 2878 minus
335 2846 550 2891 placiturum
580 2854 655 2880 erat
684 2848 868 2893 aliquibus
897 2850 933 2882 in
962 2862 999 2882 re
1030 2849 1094 2882 hac
1121 2849 1231 2882 locuti
1260 2860 1397 2881 sumus.
1430 2849 1509 2879 Non
1536 2859 1578 2879 ex
1604 2846 1686 2878 odio
1713 2845 1832 2888 aliquo
1853 2842 2055 2886 malignove

191 2919 384 2957 conceptu,
411 2914 524 2946 Deum
547 2920 733 2956 testamur,
757 2916 822 2948 sed
845 2928 887 2948 ex
907 2916 983 2948 zelo
1007 2916 1211 2949 vehementi
1234 2915 1388 2948 ecclesie
1410 2913 1476 2946 hec
1497 2913 1702 2946 veniunt....
