2488 3386
447 361 512 393 606
1024 363 1342 387 CHARTULARNJM
1377 361 1567 384 UN1VERS.
1604 361 1732 383 iuius.
2211 347 2311 384 [1394

539 442 686 470 Facultatis
701 442 812 470 artium,
829 448 959 475 quorum
975 439 1096 466 nomina
1111 439 1231 465 inferius
1246 437 1424 470 scribuntur,
1441 437 1473 462 in
1489 435 1607 462 natione
1624 435 1773 462 Gallicana
1787 436 1856 461 sunt
1871 434 2001 467 magistri
2014 442 2020 461 :

536 519 658 545 Jacobus
675 518 801 550 Patovyn
808 515 842 546 2⁰,
858 516 1060 542 locumtenens
1074 514 1204 547 magistri
1220 512 1344 540 Heinrici
1482 511 1629 537 ,lohannes
1642 511 1678 537 de
1691 510 1855 539 Villaribus.

447 565 597 599 Chiquoti,
609 564 803 598 procuratoris
818 564 893 590 dicte
908 563 1042 592 nationis,
1480 558 1631 585 Nicholaus
1646 558 1682 584 de
1695 557 1870 591 Clamangis,

537 614 637 640 Petrus
652 613 758 639 Forteti
771 613 874 641 senior,
1481 606 1628 641 ,Iohannes
1640 605 1722 633 Fioti.

537 660 682 687 Aufredus
697 659 806 690 Saist2⁴,
1482 654 1614 680 Matheus
1628 654 1747 683 Roeder,

537 708 684 735 Johannes
698 708 842 741 Mairayne
848 707 882 736 Ἠ,
1484 702 1631 729 Johannes
1643 702 1762 735 Bayllivi
1770 701 1803 729 ²³.

538 757 655 790 Egidius
670 757 705 783 de
719 757 939 791 Asperomontc,
1379 770 1382 785 ι

449 836 519 854 cum
534 828 668 861 pluribus
683 827 743 853 aliis
759 827 824 853 viris
838 826 1014 853 notabilibus
1029 825 1104 851 dicte
1120 823 1254 852 nationis,
1272 822 1380 849 dictam
1396 823 1546 850 nationem
1562 822 1840 856 representantibusz

539 917 572 942 In
589 916 706 942 natione
722 915 848 942 Picardie
865 924 870 940 :

539 992 611 1024 Mag.
625 991 739 1024 Sigerus
750 991 817 1016 Bart
828 991 887 1023 [ms.
900 989 1001 1024 Rori].,
1013 989 1184 1023 procurator
1196 987 1271 1013 dicte
1282 987 1354 1014 nat..
1485 986 1625 1012 Geraldus
1639 986 1674 1012 de
1689 986 1860 1013 Versiniaco.

538 1039 690 1065 Nicholaus
702 1039 737 1064 de
751 1038 921 1066 Beiioramo,
1484 1034 1632 1060 Johannes
1647 1034 1778 1063 Martelli,
1795 1035 1822 1060 et

541 1088 687 1113 Johannes
702 1085 878 1119 Troylleti²⁴.
1484 1083 1631 1109 Johannes
1646 1082 1773 1109 Caronis.

450 1166 521 1184 cum
534 1158 668 1191 pluribus
682 1157 744 1183 aliis
759 1157 834 1183 dicte
848 1156 974 1182 nationis
988 1156 1081 1190 ipsam
1093 1155 1243 1181 nationem
1256 1154 1536 1188 representantihus;

538 1246 665 1272 Nationis
677 1245 830 1271 Normanie
843 1254 850 1272 ι

539 1322 718 1348 Guiliermus
736 1321 772 1347 de
787 1319 967 1349 Canteriis25,
1493 1319 1624 1345 Matheus
1639 1318 1674 1345 de
1690 1317 1869 1351 Longoli02s·‚

542 1371 675 1396 Matheus
690 1370 806 1399 Canuti.
1492 1368 1639 1394 Johannes
1654 1367 1799 1393 Manchon
1815 1366 1876 1401 [ms.
1893 1366 2059 1399 ManchotiJ,

540 1419 633 1445 Adam
649 1418 806 1448 Carnificis,
1490 1415 1612 1442 Ursinus
1624 1415 1660 1441 de
1675 1415 1843 1445 Talevende.
1858 1417 1886 1441 et

541 1469 640 1494 Petrus
656 1468 777 1497 Fleurie,
1491 1466 1591 1491 Petrus
1607 1465 1726 1498 [Masier]
1743 1465 1779 1491 Le
1794 1465 1906 1498 Mauge,

540 1517 712 1550 liudulphus
730 1517 815 1545 Paris.

454 1590 481 1614 et
496 1589 592 1622 plures
605 1589 680 1614 hanc
694 1588 843 1614 nationem
860 1588 1011 1619 facientes;

544 1677 647 1710 Anglie
664 1685 670 1702 :

545 1753 676 1785 Magister
690 1753 836 1778 Johannes
850 1752 885 1778 de
900 1752 1033 1781 issoi-avia,
1049 1752 1125 1778 dicte
1144 1752 1270 1778 nationis
1285 1759 1355 1786 pro·
1491 1750 1638 1777 Johannes
1653 1751 1689 1777 de
1702 1750 1815 1776 Austria
1823 1749 1855 1775 ²⁸.

457 1801 612 1830 curator²⁷‚
1491 1800 1609 1834 Egidius
1624 1800 1660 1826 de
1672 1799 1821 1828 Jutraesw.

456 1881 525 1899 cum
540 1873 642 1898 multis
658 1872 718 1898 aliis
732 1872 807 1898 dicte
820 1872 945 1898 nationis
958 1872 1102 1905 magistris
1115 1872 1224 1899 dictam
1239 1872 1389 1899 nationem
1404 1872 1679 1906 representantibus‚

458 1973 537 1993 cum
559 1960 682 1993 multis
703 1960 835 1993 ceteris
856 1959 1023 2005 pluribus
1051 1960 1198 1993 aliarum
1230 1960 1335 1993 trium
1364 1960 1549 1993 nationum
1580 1959 1765 2004 magistris
1792 1970 1922 2004 magne
1950 1958 2182 1991 discretionis
2203 1957 2322 1991 multi*
2356 1990 2361 1994 ,,

459 2027 601 2071 pliciter
627 2027 812 2071 graduatis
846 2027 1047 2071 predictum
1077 2027 1153 2059 fere
1182 2027 1554 2072 quadringe[n]torum
1583 2026 1771 2059 doctorum
1799 2033 1834 2058 et
1853 2026 2107 2070 magistrorum
2131 2036 2320 2058 numerum

460 2093 732 2138 perficientibus
754 2093 994 2138 personaliter
1014 2094 1235 2134 constitutis⁷
1258 2093 1376 2126 dictus
1398 2093 1568 2126 dominus
1595 2099 1714 2126 rector
1738 2092 1861 2126 verbis
1889 2092 2074 2138 expressis
2095 2092 2320 2137 premittens,

460 2160 555 2204 quod
577 2172 657 2192 cum
678 2164 759 2193 xxv’
780 2160 916 2193 mensis
939 2160 1123 2193 Febroarii
1145 2160 1298 2205 predicti
1325 2160 1361 2192 in
1388 2160 1518 2193 Sancto
1545 2159 1726 2193 Maturino
1754 2159 1902 2192 fecisset
1929 2159 2208 2192 Universitatem
2236 2170 2323 2191 con-

460 2226 579 2259 vocari
606 2226 693 2259 hora
721 2227 834 2271 prime
866 2227 973 2259 Beate
1003 2227 1116 2259 Marie
1142 2239 1207 2271 per
1229 2227 1475 2271 juramentum
1505 2226 1548 2259 ad
1578 2226 1798 2259 audiendum
1829 2226 2039 2258 relationem
2071 2225 2321 2270 deputatorum

461 2293 576 2337 ipsius
602 2293 856 2326 Universitatis
882 2293 1077 2326 missorum
1099 2294 1143 2326 ad
1169 2294 1360 2338 deputatos
1382 2293 1480 2338 regis
1504 2305 1615 2338 super
1639 2294 1732 2326 facto
1755 2292 1923 2334 ecclesie,
1946 2299 1981 2325 et
2005 2292 2123 2325 audita
2150 2291 2324 2325 relatione

462 2359 616 2403 qualiter
641 2366 739 2392 esset
765 2359 918 2392 ulterius
946 2360 1235 2404 procedendum3
1265 2360 1355 2393 facta
1381 2367 1498 2393 autem
1522 2359 1696 2392 relatione
1719 2371 1782 2404 per
1807 2358 2050 2392 venerabilem
2073 2365 2108 2391 et
2127 2359 2324 2392 discretum

462 2425 576 2457 virum
608 2426 817 2470 magistrum
852 2426 1069 2471 Stephanum
1104 2426 1148 2459 de
1180 2426 1429 2467 Calvomonte7
1455 2438 1556 2459 sacre
1589 2426 1773 2471 theologie
1801 2426 2058 2471 professorem,
2087 2425 2183 2470 quod
2205 2437 2323 2458 coram

464 2491 643 2535 deputatis
661 2492 793 2536 regis³⁰
812 2504 875 2536 per
893 2504 1014 2537 regem
1034 2499 1066 2525 et
1084 2505 1187 2525 suum
1207 2493 1400 2526 consilium
1418 2493 1454 2525 in
1473 2493 1601 2526 Sancto
1617 2493 1799 2526 Germano
1817 2493 1853 2524 in
1869 2493 1960 2537 Laya
1975 2492 2033 2525 die
2050 2492 2172 2537 xxviij⁸
2188 2492 2325 2526 mensis

463 2558 621 2590 Januarii
643 2558 767 2590 ultime
788 2559 950 2602 preteriti
968 2559 1144 2592 ordinatis
1166 2566 1201 2592 et
1221 2560 1427 2593 commissis
1444 2560 1487 2592 ad
1505 2559 1759 2604 reperiendum
1779 2571 1847 2591 una
1869 2571 1948 2592 cum
1971 2558 2151 2604 deputatis
2173 2559 2326 2593 Univer—

465 2624 580 2656 sitatis
602 2624 729 2656 modos
751 2631 783 2656 et
806 2625 895 2665 vias7
914 2625 1046 2669 quibus
1069 2626 1232 2658 deveniri
1254 2633 1380 2671 posset
1400 2633 1435 2659 et
1455 2626 1604 2671 procedi
1625 2626 1668 2658 ad
1690 2626 1861 2658 unionem
1884 2632 2006 2658 sancte
2027 2626 2150 2659 matris
2172 2625 2326 2659 ecclesie

465 2696 499 2722 et
527 2690 706 2722 scismatis
737 2691 919 2734 presentis
949 2692 1112 2735 pestiferi
1143 2692 1383 2733 sedationem,
1410 2704 1552 2725 necnon
1580 2692 1622 2725 ad
1651 2692 1911 2725 conferendum
1939 2704 2050 2737 super
2074 2699 2110 2725 et
2139 2692 2183 2725 de
2203 2692 2272 2725 viis
2292 2698 2328 2725 et

465 2757 582 2789 modis
603 2756 828 2801 adjustandis
852 2769 858 2789 :
882 2757 1040 2802 deputati
1063 2759 1319 2792 Universitatis
1349 2760 1445 2803 juxta
1472 2759 1600 2792 dictam
1624 2759 1761 2791 domini
1791 2759 1906 2791 nostri
1937 2759 2036 2804 regis
2062 2759 2325 2792 ordinationem

465 2823 501 2855 in
531 2835 642 2867 pauco
671 2835 822 2856 numero
853 2824 943 2855 trina
965 2824 1042 2856 vice
1063 2826 1353 2870 comparuissent
1375 2825 1622 2870 supplicantes
1651 2825 1820 2869 quatinus
1851 2826 1936 2858 dicti
1964 2826 2101 2858 domini
2128 2825 2327 2859 consiliarii

467 2889 557 2934 regii
579 2889 696 2934 aliqua
717 2890 753 2921 in
774 2890 920 2922 materia
943 2891 1038 2932 (cum
1060 2892 1174 2935 magis
1196 2892 1239 2924 ad
1261 2904 1324 2924 eos
1347 2892 1484 2924 ratione
1510 2892 1734 2925 auctoritatis
1760 2892 1935 2925 mittentis
1961 2899 1996 2925 et
2022 2892 2216 2925 missorum
2245 2903 2328 2937 pro-
