2488 3386
446 351 509 383 674
1021 362 1338 384 CiiAa'rULAnlUM
1374 362 1565 383 UNlVEns.
1603 362 1733 384 rmus.

445 433 2310 446 -—-—————————————

447 479 505 501 1257
581 477 645 502 1361
721 478 877 500 Decembris
895 478 923 500 16
960 479 1088 502 Gobertus
1103 480 1133 502 de
1148 480 1344 503 Montcheraudi
1360 481 1457 503 electus
1471 480 1497 503 in
1514 483 1641 503 rectorem
1656 480 1843 504 Universitatis
1854 497 2221 505 ...............
2283 483 2311 505 75

449 536 506 558 1258
579 534 645 560 1362
742 535 877 558 Februarii
893 536 906 558 3
960 537 1090 560 statutum
1107 538 1293 561 Universitatis
1310 537 1393 561 Paris.
1410 538 1441 560 de
1461 537 1552 561 habitu
1569 537 1758 568 magistrorum
1774 538 1800 561 in
1815 538 2064 570 congregationibus
2069 556 2221 562 .......
2283 540 2312 563 75

446 593 506 615 1259
539 591 690 617 1360-1362
732 593 865 623 Septemb.
882 594 922 615 30-
960 595 1125 618 Innocentius
1142 596 1172 618 Vl
1190 595 1347 626 magistrum
1366 595 1524 619 Grimerium
1541 595 1670 618 Bonisacii
1684 595 1710 618 in
1725 596 1912 619 cancellarium
1930 596 2013 620 Paris.
2031 597 2176 620 confirmat.
2190 614 2196 620 .
2217 615 2221 619 .
2283 597 2313 620 76

447 655 506 677 1260
582 653 648 679 1362
721 625 921 678 Ngieffiillii-isllgss
959 657 1073 680 Jacobus
1089 658 1119 680 de
1135 658 1275 688 Arenceyo.
1291 658 1354 681 Ord.
1367 658 1453 680 Ercm.
1468 658 1493 680 S.
1508 658 1585 688 Aug„
1597 657 1630 680 ab
1647 657 1823 681 Universitate
1837 658 1944 685 obtinet.
1958 661 1986 682 ut
1999 660 2094 682 festum
2109 659 2134 682 S.
2149 658 2222 682 Pauli

990 702 1120 724 Eremitae
1136 702 1161 724 in
1181 702 1290 725 ecclesia
1307 702 1444 733 Augustin.
1459 702 1605 725 celebretur
1609 719 2222 727 .........................
2284 704 2313 727 77

447 757 503 779 1261
601 770 630 774 ——
784 772 809 775 —
893 760 922 782 23
960 759 1069 782 Articuli
1085 767 1235 782 communes
1252 759 1437 783 Universitatis
1453 759 1611 783 Parisiensis
1626 768 1675 791 pro
1693 760 1789 791 quibus
1806 761 1939 792 supplicat
1959 761 2065 784 Urbano
2080 761 2101 784 V
2116 760 2224 784 Univer-

991 803 1055 826 sitas
1071 804 1228 827 parisiensis
1236 820 2223 829 .......................................
2284 806 2313 829 77

446 859 506 881 1262
603 872 627 876 --
782 876 811 879 -
891 862 919 885 23
961 862 1069 885 Rotulus
1083 861 1271 892 magistrorum
1287 861 1435 893 theologiae
1450 861 1559 885 Parisiis
1572 862 1719 893 regentium
1735 863 1768 886 ad
1784 863 1921 886 Urbanum
1938 864 1959 886 V
1973 863 2070 886 missus
2075 881 2222 887 .......
2284 863 2313 887 78

447 916 506 938 1263
600 930 630 933 -
781 934 812 937 -
893 920 921 942 23
1003 932 1034 936 -
1084 919 1216 942 facultatis
1232 919 1395 942 decretorum
1412 919 1569 943 Pnrisiensis
1585 920 1618 942 ad
1633 920 1770 943 Urbanum
1786 921 1807 943 V
1809 938 2223 945 .................
2283 922 2314 944 80

447 974 506 996 1264
601 988 628 991 -
783 992 812 995 —
891 978 921 1000 2ss
1004 990 1035 993 —
1082 976 1271 1007 magistrorum
1291 977 1424 1000 facultatis
1443 977 1588 1000 medicinae
1600 977 1743 1001 parisiens.
1762 978 1795 1001 ad
1811 978 1947 1002 Urbanum
1960 979 1981 1001 V
1984 996 2222 1003 ..........
2283 978 2311 1002 81

447 1031 506 1053 1265
600 1046 631 1049 -
783 1050 812 1053 -
892 1036 921 1058 27
1003 1048 1033 1051 —
1082 1035 1215 1057 facultatis
1233 1035 1330 1057 artium
1346 1034 1488 1058 parisiens.
1508 1035 1540 1058 ad
1554 1035 1692 1058 Urbanum
1708 1036 1728 1058 V
1744 1035 1842 1058 missus
1853 1053 2223 1061 ...............
2284 1036 2314 1060 82

447 1089 506 1111 1266
601 1104 629 1106 —
783 1108 810 1110 —
892 1094 920 1116 27
961 1091 1124 1115 Universitas
1146 1092 1333 1123 magistrorum
1355 1095 1380 1115 et
1400 1093 1561 1116 scholarium
1579 1093 1689 1116 Parisiis
1706 1093 1867 1116 studentium
1889 1094 1956 1125 petit
1974 1093 2008 1117 ab
2027 1094 2135 1117 Urbano
2156 1094 2183 1122 V,
2197 1097 2226 1117 ut

991 1136 1117 1167 magister
1129 1137 1278 1168 Stephanus
1290 1137 1437 1168 Regiuuldi,
1450 1146 1520 1169 mag.
1533 1141 1593 1161 actu
1605 1146 1698 1169 regens
1714 1138 1824 1161 Parisiis
1836 1138 1863 1161 in
1876 1138 1973 1161 artium
1987 1138 2222 1168 sacultate‚rector‚

990 1181 1173 1204 canonicatum
1189 1181 1314 1204 Meldens.
1332 1181 1445 1213 accipiat
1447 1199 2223 1207 ...............................
2283 1183 2314 1206 93

447 1236 505 1257 1267
600 1251 630 1253 -
783 1254 811 1257 -
892 1240 921 1262 29
959 1239 1091 1262 Johunnes
1108 1239 1139 1261 de
1155 1239 1298 1270 Spnrnaco,
1318 1239 1381 1263 Ord.
1398 1239 1470 1269 Min.‚
1486 1240 1519 1262 ad
1539 1240 1665 1270 legendas
1682 1240 1830 1263 Sententins
1846 1240 1955 1264 Parisiis
1972 1244 2090 1272 tempore
2104 1241 2224 1264 aestivali

990 1283 1146 1306 admittatur
1159 1300 2222 1310 ..........................................
2283 1285 2314 1309 93

447 1338 506 1359 1268
601 1353 630 1356 —
736 1341 885 1365 Decembris
902 1342 914 1364 7
959 1341 1091 1364 Johannes
1107 1341 1206 1369 Trissa,
1223 1341 1285 1365 Ord.
1303 1341 1426 1370 Carmel.,
1443 1343 1475 1365 ud
1491 1341 1675 1374 magisterium
1689 1342 1714 1365 in
1728 1343 1808 1366 theol.
1823 1346 2011 1374 promoveatur
2013 1359 2223 1367 .........
2283 1343 2315 1367 94

447 1395 506 1417 1269
600 1411 629 1414 —
797 1413 827 1418 -
887 1400 914 1422 17
960 1399 1124 1422 Universitas
1140 1399 1233 1429 Paris.⁷
1248 1399 1381 1423 Johannes
1395 1400 1478 1423 abbas
1494 1401 1700 1424 Praemonstrut.
1711 1404 1847 1432 totumque
1859 1401 2006 1432 capitulum
2018 1401 2223 1425 Praemonstrat.

992 1443 1144 1474 supplicant
1162 1444 1268 1467 Urbano
1282 1445 1302 1466 V
1316 1453 1365 1475 pro
1382 1446 1414 1467 fr.
1432 1445 1563 1468 Everardo
1580 1445 1611 1468 dc
1627 1445 1829 1477 Brugghenoye,
1844 1445 1917 1469 hacc.
1934 1445 1960 1469 in
1974 1445 2044 1469 theol
2048 1463 2222 1470 ........
2282 1446 2313 1469 95

446 1497 506 1520 1270
601 1513 631 1516 -
723 1513 968 1526 ..........
966 1502 978 1523 t
982 1501 1068 1523 rticuli
1084 1510 1098 1524 a
1115 1501 1246 1525 Ludovico
1262 1502 1293 1525 dc
1308 1502 1406 1530 Padua,
1424 1502 1488 1526 Ord.
1505 1502 1608 1532 Minor„
1620 1503 1730 1526 Parisiis
1746 1503 1861 1526 revocati
1865 1520 2222 1528 ...............
2283 1504 2314 1527 95

446 1555 503 1578 1271
580 1556 647 1582 1363
722 1559 890 1589 Februarii3,
903 1560 932 1582 26
961 1559 1180 1590 Archiepiscopus
1196 1563 1221 1583 et
1240 1560 1386 1591 capitulum
1405 1561 1526 1592 Lugdun.
1545 1561 1578 1584 ad
1600 1561 1737 1585 Urbanum
1760 1562 1780 1584 V
1799 1570 1848 1593 pro
1863 1561 1962 1585 Jacobo
1977 1562 2008 1585 de
2029 1562 2142 1593 Moreyo,
2159 1561 2223 1585 Ord.

991 1604 1093 1632 Praed.,
1108 1607 1136 1626 ut
1149 1605 1181 1627 ad
1200 1605 1347 1628 Sententias
1365 1605 1491 1636 legendas
1507 1605 1615 1629 Parisiis
1630 1605 1730 1629 aestivo
1745 1609 1862 1637 tempore
1878 1606 2033 1629 admittatur
2035 1623 2222 1630 ........
2283 1606 2313 1630 08

447 1657 506 1679 1272
540 1658 687 1685 13624363
729 1661 876 1684 Decembris
893 1661 932 1683 31-
961 1662 1101 1684 Processus
1123 1670 1153 1685 ex
1174 1666 1249 1694 parte
1270 1663 1435 1694 inquisitoris
1460 1667 1485 1687 et
1509 1664 1600 1687 decani
1629 1663 1814 1688 Catalaunens.
1838 1667 1930 1687 contra
1958 1665 2052 1687 fratres
2079 1664 2224 1687 Johannem

756 1692 897 1715 Februario
991 1706 1159 1729 L'Eschacier
1182 1710 1206 1730 ct
1225 1707 1353 1730 Jacobum
1374 1709 1405 1731 de
1430 1708 1522 1738 Bosco,
1543 1708 1606 1732 Ord.
1632 1709 1735 1737 Praed..
1753 1709 1797 1741 qui
1819 1709 1886 1732 male
1910 1711 2002 1732 contra
2023 1708 2224 1740 conceptionem

991 1751 1086 1774 Beatae
1101 1751 1216 1782 Virginis
1229 1752 1418 1783 praedicabant
1422 1770 1757 1776 ..............
1776 1767 1778 1770 ν
1778 1771 2223 1777 .................
2283 1753 2314 1776 99

448 1803 508 1826 1273
585 1806 650 1832 1363
770 1808 856 1831 Martii
871 1810 885 1830 9
962 1809 1073 1831 ‚lacobus
1094 1809 1221 1837 Damiaui,
1244 1810 1306 1833 Ord.
1325 1810 1431 1834 Ercmit.
1453 1811 1479 1834 S.
1496 1812 1573 1842 Aug.,
1588 1811 1661 1835 bace.
1683 1812 1819 1842 formatus,
1837 1811 1871 1834 nd
1892 1811 2075 1843 magisterium
2096 1810 2122 1834 in
2143 1811 2223 1835 theol.

991 1857 1178 1883 promoveatur
1183 1872 2223 1880 .........................................
2268 1854 2312 1879 101

448 1905 508 1928 1274
604 1923 632 1926 —
802 1923 824 1927 -—
857 1910 886 1933 19
962 1911 1084 1934 Urbanus
1102 1912 1122 1934 V
1138 1912 1268 1935 Grimerio
1284 1913 1422 1942 Bonisacii,
1444 1913 1602 1937 cancellario
1622 1913 1717 1942 Puris„
1733 1913 1855 1945 injungit,
1872 1917 1901 1937 ut
1919 1913 2044 1945 Dionysio
2064 1913 2223 1943 Foullechnt,

993 1956 1054 1979 Ord.
1070 1956 1141 1986 Min„
1157 1960 1218 1987 post
1230 1957 1356 1980 lecturam
1373 1958 1566 1981 Sententiarum
1583 1958 1766 1990 magisterium
1781 1959 1807 1981 in
1822 1958 1903 1982 theol.
1919 1959 2036 1981 conserat
2039 1975 2223 1982 ........
2269 1957 2315 1981 102
2351 1982 2356 1986 ,

449 2007 508 2030 1275
602 2025 632 2029 —
800 2026 828 2029 —
857 2012 886 2035 22
962 2014 1053 2036 Petrus
1067 2014 1134 2043 aivi,
1152 2014 1214 2038 Ord.
1231 2015 1352 2044 Carmel.,
1368 2016 1401 2039 ad
1417 2016 1600 2047 magisterium
1616 2016 1643 2039 in
1658 2016 1738 2040 theol.
1754 2019 1943 2048 promoveatur
1945 2032 2224 2040 ............
2269 2015 2320 2039 102»

448 2065 508 2087 1276
605 2083 631 2086 -
765 2070 863 2101 Aprilis
877 2071 891 2093 6
962 2071 1145 2094 Bosembiante
1161 2072 1289 2100 Badoaro,
1304 2073 1411 2098 Eremit.
1427 2074 1453 2097 S.
1466 2073 1587 2105 August..
1604 2074 1713 2097 Parisiis
1729 2074 1762 2097 ad
1778 2073 1960 2105 magisterium
1979 2073 2005 2096 in
2020 2073 2153 2104 theologia
2167 2081 2226 2104 pro-

993 2119 1128 2139 moveatur
1131 2133 2224 2143 ...........................................
2269 2117 2315 2141 102

450 2167 508 2190 1277
608 2186 630 2188 --
800 2186 829 2189 -
862 2173 891 2195 20
961 2173 1102 2202 Johannes,
1119 2175 1279 2198 Francorum
1297 2184 1351 2205 rex,
1367 2177 1502 2207 supplicat
1516 2185 1564 2208 pro
1579 2177 1698 2199 ,iohanne
1713 2176 1870 2206 Forbitoris,
1886 2176 1950 2200 Ord.
1966 2175 2095 2204 Praedic.,
2109 2178 2138 2198 ut
2153 2175 2226 2199 finita

992 2218 1091 2241 lectura
1110 2219 1303 2242 Sententiarum
1320 2221 1403 2244 cidem
1416 2221 1523 2244 licentia
1536 2221 1670 2244 tribuatur
1675 2236 2225 2245 ......................
2269 2219 2315 2243 103

450 2269 510 2291 1278
604 2288 633 2290 -
803 2289 827 2291 --
862 2276 890 2297 ‘28
963 2276 1099 2299 Ordinatio
1115 2277 1229 2308 Capituli
1250 2279 1381 2309 generalis
1402 2279 1464 2302 Ord.
1482 2280 1624 2302 Servorum
1640 2279 1668 2302 B.
1685 2279 1783 2302 Mariae
1808 2279 1857 2302 sub
1879 2278 1968 2309 priore
1987 2277 2104 2309 generali
2120 2277 2225 2301 Nicolao

991 2320 1022 2343 de
1038 2321 1150 2344 Venetiis
1167 2322 1313 2345 Florentiae
1329 2323 1455 2346 celebrati
1472 2324 1503 2346 de
1520 2323 1615 2346 studiis
1630 2323 1656 2346 iu
1671 2323 1782 2354 collegio
1798 2323 1941 2346 Parisiensi
1945 2339 2223 2346 ............
2269 2322 2315 2345 103

451 2375 511 2397 1279
605 2389 634 2392 -
777 2376 837 2399 Maii
854 2377 882 2399 19
963 2378 1011 2400 Pro
1028 2379 1158 2409 Hospitali
1175 2380 1261 2403 Sancti
1279 2381 1394 2411 Spiritus
1411 2381 1567 2404 Parisiensis
1572 2396 2223 2405 ..........................
2271 2379 2315 2402 104

452 2432 511 2455 1280
606 2446 634 2449 —
794 2447 820 2451 -’
855 2435 881 2457 21
963 2440 1100 2463 Ordinatio
1113 2441 1227 2472 Capituli
1243 2443 1373 2473 generalis
1389 2443 1452 2467 Ord.
1465 2444 1556 2469 Praed,
1569 2444 1618 2467 sub
1634 2451 1705 2474 mag.
1721 2451 1780 2474 gen.
1794 2443 1898 2466 Simone
1914 2442 1944 2465 de
1961 2441 2086 2472 Lingonis
2101 2441 2225 2464 celebrati

994 2485 1025 2507 de
1043 2486 1208 2509 studentibus
1224 2487 1323 2515 Paris.;
1343 2488 1536 2519 assignationes
1557 2488 1772 2511 baccalareorum
1787 2487 1820 2510 ad
1836 2489 1955 2510 convent.
1971 2486 2046 2509 Paris
2050 2502 2224 2511 ........
2270 2485 2315 2509 105

453 2538 509 2560 1281
605 2552 636 2556 —
783 2540 847 2563 Julii
867 2542 879 2563 5
965 2546 1089 2569 Antonius
1112 2548 1243 2571 Mannucii
1267 2550 1298 2572 de
1318 2550 1459 2577 Florentia,
1476 2550 1539 2574 Ord.
1564 2551 1636 2573 Serv.
1663 2550 1691 2573 Β.
1713 2549 1818 2577 Mariae,
1842 2549 1875 2571 ad
1895 2547 2078 2579 magisterium
2097 2547 2123 2570 in
2145 2547 2223 2570 theol.

994 2595 1180 2620 promoveatur
1183 2609 2223 2620 .........................................
2270 2592 2316 2615 106

453 2645 511 2667 1282
607 2660 635 2662 -
798 2660 823 2662 -
852 2646 880 2668 19
965 2652 1096 2676 llcrvaeus
1112 2654 1143 2677 de
1156 2655 1254 2684 Gauda,
1269 2656 1331 2679 Ord.
1347 2657 1448 2685 Praed„
1465 2657 1498 2680 ad
1510 2657 1635 2689 legendus
1649 2656 1796 2680 sententias
1812 2655 1921 2679 Parisiis
1935 2655 2086 2686 assignetur
2089 2671 2224 2678 ......
2270 2653 2316 2677 106

452 2707 511 2729 1283
606 2721 635 2724 -
772 2709 890 2738 Augusto
965 2714 1105 2745 johannes,
1128 2724 1171 2739 rex
1193 2718 1363 2749 Francorum,
1384 2719 1562 2743 Universitate
1583 2719 1668 2742 Paris.
1687 2718 1848 2750 postulante,
1865 2717 2004 2740 confirmat
2022 2720 2079 2740 octo
2100 2716 2225 2739 articulos

996 2759 1130 2783 carnifices
1143 2762 1294 2792 regulantes
1312 2778 2224 2788 ....................................
2269 2760 2316 2783 106

452 2813 511 2835 12811
605 2826 636 2830 -
738 2814 898 2845 Sssplembl'is
913 2817 927 2838 6
966 2820 1118 2851 Radnlphus
1134 2823 1224 2849 Bloch.
1241 2824 1304 2849 Ord.
1321 2826 1406 2849 Erem.
1426 2827 1452 2849 S.
1466 2827 1542 2857 Aug.‚
1559 2825 1706 2849 licentietur
1721 2825 1747 2848 in
1763 2825 1832 2847 theol
1838 2839 2224 2847 ................
2270 2822 2314 2845 107

453 2875 512 2897 1285
605 2889 636 2892 -
804 2891 829 2893 -
897 2878 926 2900 24
966 2881 1035 2904 Idem
1051 2883 1082 2906 de
1098 2885 1178 2907 fratre
1192 2886 1325 2910 Bernardo
1341 2887 1442 2917 onorii,
1459 2888 1522 2912 Ord.
1538 2888 1640 2911 Carmel
1650 2901 2224 2910 .......................
2269 2884 2314 2907 107

575 2951 614 2974 85,
