2488 3386
199 329 294 365 1364]
613 342 658 364 ΑΒ
692 342 798 364 ΑΝΝο
832 343 963 364 MCCCL
996 343 1128 371 USQUE
1163 344 1211 365 AD
1246 345 1510 367 BENEnlc'rUM
1547 347 1639 369 X111.
1995 341 2059 373 119

195 415 332 448 ratione
353 422 454 448 actus
478 427 484 448 :
513 416 624 460 igitur
643 415 792 448 actualis
818 422 874 448 est
900 416 1106 460 perfectior.
1134 417 1235 449 Istud
1256 417 1490 450 correlarium
1519 431 1649 452 revoco
1676 427 1841 465 tanquam
1869 423 1997 456 salsum
2024 431 2056 456 et

194 482 464 523 scandalosum;
487 494 553 514 nec
574 481 808 527 probationes
829 488 914 514 sunt
935 482 978 514 ad
1005 483 1245 527 propositum.

283 562 299 579 «
322 549 423 589 Item,
449 548 707 593 respondendo
729 548 772 581 ad
794 548 982 593 quamdam
1010 548 1192 581 racionem
1214 549 1382 582 bacalarii
1408 550 1452 582 de
1479 551 1586 584 domo
1614 552 1733 585 Sancti
1760 554 1947 595 Bernardi,
1977 567 2056 588 cum

192 614 270 659 ipse
292 614 444 647 dixisset
468 615 565 659 quod
586 614 755 648 Christus
776 614 859 647 talia
884 626 958 647 non
983 614 1175 656 abdicavit,
1200 615 1291 648 illud
1317 617 1459 661 negavi,
1485 624 1520 649 et
1540 617 1613 650 dixi
1635 619 1731 662 quod
1757 618 1926 652 Christus
1947 621 2057 654 nichil

191 680 262 713 sibi
283 681 443 713 retinuit.
467 682 539 713 Ista
560 681 631 713 duo
653 681 746 713 dicta
768 693 898 714 revoco
920 687 1099 725 tamquam
1120 681 1208 714 falsa
1229 688 1265 714 et
1284 681 1455 723 heretica,
1479 684 1561 727 quia
1583 683 1751 717 Christus
1773 685 1913 718 loculos
1934 686 2058 720 hahuit

190 753 337 791 propter
355 746 532 788 infirmos,
549 760 567 780 a
588 747 758 780 fidelibus
781 747 899 780 oblata
919 759 1155 787 conservans,
1180 760 1249 792 que
1271 754 1306 780 et
1326 760 1475 781 snorum
1498 750 1779 783 necessitatibus
1800 758 1834 784 et
1859 751 1939 785 aliis
1961 753 2057 785 indi-

188 813 361 858 gentibus
384 813 582 854 tribuebat3
605 820 643 846 ut
663 820 699 846 et
721 813 857 847 Christi
884 814 1134 858 Evangelium,
1153 820 1188 847 et
1208 814 1336 847 beatus
1356 815 1599 860 Augustinus,
1618 829 1656 849 ac
1678 817 1782 849 etiam
1806 818 2057 852 determinatio

191 880 430 912 Romanorum
453 879 662 925 pontificum
684 879 752 912 hoc
773 886 963 913 testantur.

278 960 294 977 «
317 946 490 979 Ultimum
516 946 751 979 correlarium
773 947 870 991 quod
892 947 998 992 posui
1026 947 1105 988 fuit,
1133 947 1231 992 quod
1259 959 1332 980 non
1356 947 1438 992 plus
1464 949 1602 982 curavit
1622 949 1791 983 Christus
1813 951 1857 983 de
1878 958 2057 996 tempora-

187 1011 284 1045 libus
301 1024 405 1057 quam
426 1012 563 1046 faciunt
583 1013 713 1046 divites
730 1013 774 1046 de
796 1013 1030 1058 pauperihus.
1053 1013 1221 1055 Probavi,
1239 1014 1338 1058 quod
1359 1015 1472 1048 sitivit
1492 1022 1527 1048 et
1543 1028 1615 1048 non
1636 1015 1758 1049 habuit
1776 1024 1916 1061 potum3
1936 1025 1970 1051 et
1990 1030 2055 1063 pro

189 1078 295 1111 nobis
317 1079 437 1112 nudus
457 1079 494 1112 in
519 1091 626 1112 cruce
652 1080 838 1124 pependit.
861 1081 963 1113 Nunc
994 1080 1090 1121 dico,
1116 1080 1214 1125 quod
1240 1080 1409 1114 Christus
1438 1081 1481 1114 de
1509 1082 1771 1127 temporalibus
1797 1084 1946 1125 curavit,
1973 1085 2054 1129 quia

188 1156 260 1177 non
282 1145 400 1178 omnia
421 1144 613 1187 abdicavit,
635 1152 674 1178 ut
693 1146 864 1190 superius
886 1153 942 1179 est
962 1145 1177 1191 predictum.
1201 1146 1307 1189 Quod
1328 1153 1444 1180 autem
1466 1148 1567 1180 innui
1589 1148 1633 1181 de
1656 1149 1842 1191 divitibus,
1865 1151 1961 1195 quod
1982 1163 2054 1183 non

186 1217 313 1244 curant
329 1211 373 1244 de
394 1212 628 1256 pauperibus,
651 1212 718 1245 hoc
736 1213 925 1245 retracto¹¹
944 1219 1111 1258 tanquam
1132 1213 1350 1258 injuriosum
1372 1213 1445 1246 illis
1466 1214 1653 1254 divitibus,
1672 1228 1825 1260 quorum
1843 1216 2054 1250 elemosinis

186 1288 363 1322 pauperes
385 1284 646 1311 sustentantur.

275 1357 291 1374 «
314 1345 386 1376 Hec
408 1344 519 1389 igitur
537 1345 670 1386 onmia,
692 1345 744 1378 sic
766 1345 868 1390 prius
889 1357 1074 1390 expressa,
1093 1345 1184 1378 male
1202 1346 1379 1388 sonantia,
1398 1346 1434 1378 in
1451 1359 1531 1379 meo
1553 1348 1648 1380 dicto
1671 1349 1936 1382 Sententiarum
1959 1350 2052 1394 prin-

185 1410 280 1455 cipio
301 1410 392 1443 male
414 1411 544 1455 posita,
571 1418 724 1444 retracto
747 1418 782 1445 et
808 1424 953 1453 revoco,
982 1418 1020 1445 ut
1041 1419 1096 1445 est
1116 1412 1266 1453 dictum,
1289 1413 1504 1457 promittens
1530 1413 1623 1446 bona
1645 1415 1715 1447 fide
1742 1416 1839 1459 quod
1860 1416 1920 1448 illa
1946 1416 2052 1449 dece-

185 1482 262 1509 tero
296 1488 369 1509 non
399 1477 531 1510 tenebo
569 1490 635 1511 nec
665 1478 933 1523 dogmatizabo;
966 1485 1001 1511 et
1030 1479 1076 1511 ita
1104 1480 1202 1523 juro,
1238 1479 1379 1512 veniam
1418 1480 1617 1525 implorans
1655 1481 1840 1514 humiliter
1876 1482 1919 1514 de
1955 1494 2052 1515 com-

186 1543 356 1576 missis¹².
377 1557 393 1574 »

272 1678 373 1718 Item,
409 1689 516 1718 anno,
544 1677 755 1719 indictione,
788 1690 913 1711 mense
944 1686 979 1712 et
1014 1679 1224 1724 pontificatu
1259 1679 1392 1724 quibus
1427 1692 1553 1725 supra,
1586 1681 1757 1714 videlicet
1792 1682 1850 1714 die
1880 1682 2049 1715 vicesima

183 1744 342 1776 secunda
367 1744 520 1788 predicti
550 1745 687 1777 mensis
716 1745 945 1786 Novembris,
973 1746 1009 1778 in
1038 1746 1149 1779 scolis
1178 1747 1328 1779 fratrum
1357 1747 1538 1779 Minorum
1570 1748 1742 1788 parisius,
1772 1748 1807 1780 in
1834 1749 1953 1782 medio
1979 1749 2050 1782 lec-

182 1809 292 1842 tionis
323 1810 409 1842 dicti
438 1810 558 1843 fratris
589 1811 758 1853 Dionisii,
790 1812 874 1844 dum
896 1811 1042 1857 legebat
1070 1812 1205 1845 ibidem
1239 1813 1283 1845 de
1314 1825 1429 1854 mane,
1462 1813 1556 1846 idem
1587 1814 1697 1846 frater
1727 1814 1914 1847 Dionisius
1947 1816 2048 1855 dixit,

182 1876 350 1921 exposuit
369 1883 404 1909 et
424 1877 588 1910 recitavit
614 1877 728 1922 palam
750 1885 786 1911 et
811 1878 956 1923 publice
977 1879 1014 1911 in
1036 1879 1210 1923 predictis
1227 1879 1351 1920 scolis,
1377 1892 1495 1912 coram
1522 1879 1692 1913 omnibus
1720 1880 1936 1923 scolaribus,
1964 1889 2047 1915 tunc

180 1941 315 1975 ibidem
337 1943 577 1976 existentibus
604 1950 639 1977 et
663 1945 896 1989 congregatis
924 1957 989 1990 pro
1015 1945 1177 1990 ipsorum
1209 1945 1365 1978 lectione
1394 1946 1573 1979 audienda
1598 1953 1633 1979 et
1662 1947 1815 1991 legenda
1846 1947 1889 1980 ab
1920 1949 2044 1981 eodem

179 2008 287 2041 fratre
315 2009 494 2051 Dionisio,
525 2011 707 2054 quomodo
737 2011 794 2043 die
821 2012 992 2044 vicesima
1019 2012 1133 2056 prima
1161 2012 1371 2057 precedenti
1404 2013 1566 2057 ejusdem
1597 2013 1734 2046 mensis
1764 2014 1980 2047 Novembris
2010 2015 2046 2047 in

181 2075 288 2108 domo
317 2076 466 2108 fratrum
501 2077 769 2110 Predicatorum
803 2078 1063 2123 predictorum,
1101 2079 1136 2111 in
1176 2079 1296 2111 medio
1328 2079 1585 2124 disputationis
1620 2080 1798 2124 predicte,
1831 2081 1983 2125 petierat
2013 2088 2045 2114 et

179 2140 364 2174 humiliter
380 2154 460 2174 cum
482 2154 609 2187 magna
630 2143 805 2176 instancia
828 2145 1045 2189 requisierat
1064 2157 1081 2177 a
1104 2145 1251 2177 domino
1273 2145 1489 2178 cancellario
1508 2146 1671 2190 predicto
1691 2153 1902 2191 quaternum
1925 2159 2044 2188 suum,

180 2207 379 2240 secundum
400 2208 549 2241 formam
568 2215 602 2242 et
623 2216 784 2242 tenorem
807 2210 935 2243 cedule
957 2211 1181 2255 supradicte3
1205 2218 1410 2256 protestans
1432 2212 1541 2256 quod,
1561 2212 1590 2244 si
1612 2213 1699 2257 quid
1719 2212 1816 2245 aliud
1838 2213 2043 2254 adderetur,

178 2273 235 2306 vel
262 2273 306 2306 ab
333 2274 397 2307 hac
425 2274 512 2308 hora
538 2275 692 2320 amplius
719 2284 938 2318 reservetur,
965 2278 1143 2310 actionem
1172 2280 1215 2310 ex
1244 2278 1307 2310 illo
1335 2285 1459 2311 contra
1488 2290 1526 2311 se
1548 2279 1796 2311 verisimiliter
1825 2287 2045 2324 proponeret

179 2347 396 2385 suspectam,
422 2341 547 2374 dicens
569 2343 665 2387 quod
686 2343 887 2387 predictum
913 2356 1016 2376 suum
1040 2350 1253 2388 quaternum
1278 2357 1295 2376 a
1319 2345 1480 2389 predicto
1505 2345 1652 2377 domino
1674 2345 1887 2378 cancellario
1911 2346 2043 2379 hahere

178 2418 244 2439 nec
272 2418 487 2452 recuperare
511 2415 688 2453 potuerat,
712 2416 751 2442 ut
771 2409 923 2451 dicebat,
943 2410 1197 2455 quovismodo.
1222 2412 1269 2443 Ea
1295 2417 1443 2455 propter
1467 2418 1687 2455 protestatus
1714 2412 1793 2453 suit,
1821 2413 1917 2456 quod
1939 2413 2043 2445 dece-

178 2478 254 2505 tero
283 2473 327 2505 de
355 2475 535 2507 contentis
560 2475 596 2507 in
619 2476 715 2508 dicto
745 2483 920 2521 quaterno
944 2489 1017 2509 non
1041 2483 1227 2509 teneretur
1253 2477 1490 2522 respondere,
1515 2489 1580 2509 nec
1610 2478 1702 2510 dicta
1730 2478 1883 2522 amplius
1913 2491 2042 2523 appro-

178 2538 275 2580 bare,
299 2540 381 2584 quia
403 2552 445 2573 ex
470 2553 565 2574 nunc
591 2549 698 2587 prout
727 2555 770 2575 ex
800 2550 898 2584 tunc,
925 2550 960 2576 et
990 2555 1032 2576 ex
1059 2550 1142 2576 tunc
1163 2550 1271 2588 prout
1296 2556 1338 2576 ex
1364 2556 1472 2584 nune,
1494 2544 1622 2576 sactum
1646 2551 1853 2589 suspectum
1876 2545 2040 2582 habebat,

179 2605 333 2647 tenebat,
360 2612 396 2639 ut
421 2607 573 2641 dicebat.
602 2610 653 2641 De
681 2615 716 2642 et
743 2621 854 2654 super
879 2609 1011 2654 quibus
1040 2609 1210 2642 omnibus
1238 2617 1271 2642 ct
1301 2609 1457 2654 singulis
1489 2622 1595 2654 supra
1622 2610 1779 2654 scriptis,
1808 2611 1843 2642 in
1870 2611 2041 2655 predictis

178 2671 288 2704 scolis
317 2673 559 2716 predictorum
587 2675 734 2707 fratrum
761 2676 942 2708 Minorum
966 2677 1079 2708 Paris.
1107 2688 1171 2721 per
1192 2676 1393 2720 predictum
1423 2677 1565 2708 fratrem
1595 2676 1812 2717 Dionisium,
1837 2684 1875 2709 ut
1899 2677 2040 2721 premit—

177 2737 274 2778 titur,
307 2738 358 2770 sic
389 2740 490 2780 actis,
522 2740 615 2773 idem
645 2742 753 2774 frater
774 2742 963 2775 Dionisius
990 2742 1105 2775 voluit
1135 2742 1310 2786 petiitque
1341 2749 1375 2774 et
1408 2742 1609 2786 requisivit,
1642 2754 1708 2775 suo
1739 2749 1773 2774 et
1802 2743 1954 2786 predicti
1984 2743 2039 2775 sui

177 2803 326 2837 Ordinis
354 2806 513 2848 nomine,
535 2819 552 2839 a
574 2820 629 2840 me
651 2809 789 2841 notario
812 2809 958 2853 publico
988 2809 1217 2853 infrascripto
1242 2808 1311 2841 sibi
1340 2808 1429 2848 sieri,
1455 2808 1584 2840 confici
1614 2815 1719 2852 atque
1745 2809 1833 2840 tradi
1856 2808 2036 2852 publicum

175 2869 512 2905 instrumentum....
534 2874 621 2906 Acta
642 2875 788 2907 suerunt
808 2875 874 2907 hec
895 2875 931 2907 in
953 2875 1126 2920 predictis
1148 2875 1258 2907 scolis
1280 2874 1524 2919 predictorum
1546 2875 1623 2906 frat.
1648 2874 1733 2906 Min.
1758 2874 1929 2915 parisius,
1954 2874 2036 2906 hora
