2488 3386
475 337 539 369 620
1046 343 1364 366 CHARTULAR1UM
1398 342 1588 364 UNiVEns.
1624 342 1753 365 rmus.
2233 332 2332 368 [1394

476 420 643 464 quoniam
665 419 830 452 brevitati
851 418 1052 459 studemus,
1076 425 1110 450 et
1130 417 1196 450 hec
1217 417 1304 449 alias
1326 423 1490 456 tractare,
1512 422 1693 449 annuente
1714 415 1918 458 Altissimo,
1939 417 2108 450 diffusius
2129 429 2329 463 speramus,

475 487 519 519 de
540 486 593 518 eis
614 486 650 518 in
671 497 823 530 presens
845 492 986 530 tempus
1008 483 1321 529 supersedendum
1344 489 1523 527 putamus.
1546 483 1598 514 Dc
1619 483 1779 516 secunda
1800 495 1888 528 ergo
1910 483 1965 516 via
1990 483 2057 516 hec
2079 484 2171 517 dicta
2192 484 2276 518 sint.

564 553 738 597 Superest
763 552 874 585 tertia
902 552 977 592 via,
1009 563 1113 596 quam
1137 551 1182 593 (si
1212 562 1284 582 non
1316 549 1545 594 superiorum
1576 548 1679 582 alteri
1712 550 1977 594 acquieverint,
2006 550 2163 583 fraterne
2190 551 2234 584 ad
2263 550 2331 585 hoc

475 619 602 652 sedulo
625 625 660 651 et
678 618 791 651 amice
811 618 1038 661 commoniti)
1054 617 1153 650 velut
1173 616 1281 660 hujus
1303 615 1481 660 sacrilege
1503 615 1687 648 discordie
1708 616 1932 650 conveniens
1953 623 2076 650 nostra
2097 618 2331 651 estimacione

474 685 671 718 remedium
695 684 907 718 subicimus.
931 686 974 717 Et
993 684 1059 716 hec
1080 684 1205 728 utique
1225 683 1280 716 via
1302 689 1358 715 est
1378 681 1535 716 Concilii
1550 682 1744 727 generalis,
1762 690 1823 716 aut
1842 683 2042 716 secundum
2064 684 2214 717 formam
2234 685 2330 729 juris

473 764 515 785 ex
543 751 690 796 prelatis
720 751 966 784 tantummodo
991 749 1219 789 celebrandi3
1251 755 1311 782 aut
1341 748 1435 793 (quia
1463 748 1587 793 plures
1618 761 1756 791 eorum,
1790 750 1889 791 satis,
1920 749 2032 795 proch
2063 750 2193 796 pudor,
2221 750 2330 785 hodie

472 818 646 851 illitterati
672 824 767 859 sunt,
790 817 986 862 pluresque
1007 817 1051 849 ad
1071 816 1276 849 alterutram
1300 822 1436 860 partem
1457 815 1661 848 inordinate
1688 816 1817 859 affecti)
1842 817 1962 850 mixtis
1988 829 2056 850 una
2079 829 2157 850 cum
2181 817 2329 862 prelatis

472 885 516 918 ad
537 885 699 929 equalem
721 896 845 917 eorum
867 895 1056 916 numerum
1078 882 1261 927 magistris
1283 888 1318 914 et
1338 881 1550 915 doctoribus
1571 881 1756 928 theologie
1778 895 1817 916 ac
1839 883 1948 927 juris,
1971 884 2015 916 de
2039 884 2171 917 studiis
2198 884 2331 918 solem-

472 951 580 984 nibus
601 951 790 995 utriusque
811 950 963 995 partium
984 949 1182 994 antiquitus
1204 948 1428 993 approbatis;
1452 955 1512 981 aut
1537 948 1667 990 adhuc,
1691 949 1722 982 si
1749 949 1856 982 alicui
1882 950 2043 995 predicta
2069 951 2230 995 provisio
2256 963 2329 984 non

472 1017 614 1058 sufficit,
633 1016 812 1061 adjunctis
833 1016 925 1048 ultra
944 1016 1120 1060 premissa
1141 1015 1380 1060 capitulorum
1403 1014 1661 1048 cathedralium
1684 1022 1718 1048 et
1739 1015 1959 1061 religionum
1981 1017 2232 1062 principalium
2257 1029 2329 1051 uno

470 1083 527 1117 vel
548 1083 713 1128 pluribus
735 1083 927 1127 deputatis,
950 1089 988 1115 ut
1008 1094 1047 1115 ea
1069 1094 1139 1126 que
1160 1089 1244 1115 tunc
1266 1081 1339 1114 illic
1365 1082 1513 1115 decerni
1535 1088 1595 1115 aut
1614 1081 1761 1115 diffiniri
1782 1083 2025 1128 contingeret,
2049 1090 2174 1117 essent
2202 1085 2329 1129 majori

470 1149 630 1194 pondere
658 1156 693 1182 et
721 1149 867 1182 certiori
894 1149 999 1182 etiam
1027 1149 1189 1181 examine
1216 1149 1370 1193 digesta.
1400 1150 1443 1181 Et
1468 1149 1631 1193 quamvis
1651 1149 1707 1182 via
1728 1149 1796 1182 ista
1817 1161 1835 1182 a
1855 1149 2043 1183 nonnullis
2064 1150 2328 1193 adulatoribus,

468 1229 507 1249 ac
530 1216 738 1260 hujusmodi
760 1222 990 1248 monstruose
1011 1216 1185 1249 sectionis
1206 1215 1387 1248 sotoribus
1408 1215 1451 1248 ab
1472 1215 1588 1260 ipsius
1609 1215 1713 1249 initio
1731 1227 1846 1261 usque
1866 1216 1910 1249 ad
1931 1216 1998 1249 ista
2020 1223 2193 1262 tempora,
2211 1217 2328 1262 magis

469 1283 636 1316 turbandi
660 1282 780 1316 studio
805 1294 908 1327 quam
935 1282 1097 1315 veritatis
1122 1282 1256 1323 radice,
1283 1282 1382 1315 velut
1402 1282 1523 1327 inepta
1551 1282 1698 1315 omnino
1730 1282 1916 1328 repudiata
1947 1283 2010 1325 sit,
2044 1290 2162 1317 tamen
2189 1283 2327 1328 absque

467 1350 644 1382 fermento
664 1349 865 1382 affectionis
888 1349 1042 1393 maligne
1063 1349 1248 1382 veritatem
1279 1349 1435 1382 intuenti
1464 1361 1537 1381 non
1564 1349 1654 1382 adeo
1684 1349 1932 1383 reffellendam
1958 1361 2041 1383 esse
2069 1350 2156 1383 satis
2185 1350 2326 1396 liquido

468 1416 652 1449 clarescet.
675 1417 775 1457 Nam,
798 1423 836 1449 ut
855 1415 898 1449 ab
919 1415 1038 1448 altiori
1062 1422 1281 1460 repetamus,
1303 1415 1399 1448 unde
1420 1416 1517 1449 varie
1543 1415 1694 1449 hereses
1722 1416 1857 1449 seculis
1883 1417 2055 1450 anteactis
2076 1417 2113 1449 in
2134 1417 2325 1450 ecclesiam

468 1482 603 1516 Christi
623 1483 844 1527 irruperunt,
868 1483 938 1515 nisi
959 1483 1040 1527 quia
1062 1489 1143 1515 ante
1164 1482 1319 1527 piissimi
1340 1482 1570 1516 Constantini
1599 1483 1789 1528 imperium
1819 1482 2026 1516 christianis
2054 1483 2263 1528 presulibus
2289 1484 2326 1517 in

468 1562 576 1582 unum
599 1549 840 1582 conveniendi
861 1549 1004 1582 licentia
1026 1549 1215 1582 interdicta
1237 1551 1338 1582 erat?
1357 1550 1434 1592 Qua
1454 1549 1497 1582 ab
1519 1549 1599 1595 ipso
1622 1556 1767 1595 accepta
1794 1550 2055 1583 universalium
2077 1550 2325 1584 Conciliorum

468 1616 623 1649 decretis
643 1616 792 1648 hereses
812 1616 1001 1649 innumere
1026 1628 1064 1649 ac
1091 1616 1367 1661 perversissime
1389 1628 1468 1649 cum
1496 1616 1573 1649 suis
1593 1616 1842 1650 assertoribus
1864 1617 2053 1661 dampnate
2074 1624 2176 1658 sunt;
2200 1617 2326 1663 sicque

467 1683 640 1716 catholica
662 1683 752 1715 fides
773 1683 981 1716 intemerata
1003 1683 1213 1728 permansit.

557 1750 592 1783 Si
613 1750 724 1795 igitur
739 1750 782 1782 ad
804 1750 1000 1782 tollendum
1024 1750 1091 1783 hoc
1111 1750 1321 1795 pestiferum
1339 1750 1483 1791 scisma,
1502 1750 1599 1795 quod
1615 1751 1687 1795 jam
1706 1757 1854 1795 propter
1869 1750 2013 1796 longam
2031 1763 2168 1784 moram
2183 1751 2326 1785 heresis

467 1817 625 1861 speciem
646 1816 753 1849 habet
849 1829 920 1851 non
941 1817 1045 1849 liceat
1066 1817 1255 1850 ecclesiam
1277 1817 1508 1862 congregari,
1530 1817 1730 1862 repudiatis
1752 1818 1946 1862 presertim
1966 1818 2035 1851 viis
2057 1817 2324 1863 superioribus,

467 1883 552 1927 quid
582 1883 756 1916 restabit?
786 1883 947 1916 Restabit
975 1884 1137 1928 profecto
1165 1890 1216 1925 ut,
1245 1884 1339 1917 sicut
1370 1895 1433 1929 per
1461 1884 1640 1929 ignaviam
1673 1884 2032 1929 inexcusabilemque
2062 1884 2323 1930 negligentiam

466 1949 664 1991 amborum,
688 1950 731 1982 de
762 1949 894 1994 quibus
922 1962 1054 1991 sermo,
1077 1950 1338 1995 presulumque
1366 1957 1401 1983 et
1429 1950 1668 1995 collegiorum
1691 1962 1839 1983 suorum
1868 1952 1942 1995 jam
1974 1963 2038 1996 per
2064 1951 2120 1996 xvj
2148 1963 2325 1984 annorum

466 2016 618 2061 spatium
639 2016 707 2049 hoc
728 2016 921 2049 discidium
944 2017 1201 2061 perseveravit,
1223 2017 1270 2050 ita
1291 2017 1406 2050 adhuc
1434 2029 1499 2062 per
1524 2017 1672 2050 totidem
1701 2024 1833 2050 attenta
1861 2018 1988 2062 majori
2020 2029 2164 2063 semper
2189 2017 2326 2052 invale-

466 2083 601 2116 scentia
622 2089 656 2116 et
677 2083 774 2128 pacis
795 2083 1042 2116 turbatoribus
1064 2084 1193 2117 durare
1221 2084 1409 2129 poterit....
1432 2084 1667 2118 Grassabitur
1687 2084 1820 2129 passim
1849 2091 1884 2117 et
1909 2084 2025 2118 libere
2050 2085 2236 2130 iniquitas,
2258 2096 2326 2118 nec

466 2150 534 2182 erit
563 2150 623 2194 qui
644 2149 808 2191 obsistat,
831 2150 1129 2195 pertimescente⁸
1151 2150 1315 2195 quolibet
1341 2157 1477 2196 partem
1505 2162 1604 2184 suam
1634 2157 1669 2183 et
1694 2151 1853 2184 favorem
1876 2151 2039 2184 minuere
2065 2157 2170 2196 atque
2199 2150 2324 2184 hostes

466 2227 572 2248 cause
594 2228 658 2248 sue
679 2217 871 2249 concitare.
895 2217 1012 2259 Quod,
1038 2229 1142 2262 quam
1164 2217 1362 2251 verisimile
1384 2217 1442 2258 sit,
1465 2217 1540 2251 visa
1562 2218 1784 2262 experientia
1806 2217 1849 2250 de
1871 2217 1934 2250 illo
1956 2217 2202 2262 perfidissimo
2222 2219 2325 2251 Jaco-

467 2281 550 2323 bita,
573 2283 693 2315 divine
715 2284 910 2327 majestatis
931 2296 969 2316 ac
990 2284 1154 2328 Virginis
1175 2284 1336 2329 gloriose
1357 2283 1662 2329 blasphematore,
1683 2284 1854 2318 insinuat.

555 2350 665 2381 Porro
692 2361 760 2394 que
781 2350 933 2394 amplior
954 2362 1108 2395 unquam
1131 2351 1197 2383 suit
1217 2357 1277 2383 aut
1297 2351 1415 2383 futura
1436 2358 1492 2384 est
1511 2351 1761 2396 congregandi
1783 2351 1940 2385 Concilii
1962 2351 2119 2392 occasio,
2141 2363 2221 2383 cum
2245 2351 2324 2384 uni-

466 2414 617 2447 versalis
647 2422 760 2448 status
788 2416 941 2449 ecclesie
969 2417 1005 2449 in
1034 2417 1238 2462 disciplina,
1265 2417 1442 2459 moribus,
1468 2417 1629 2463 legibus,
1657 2418 1846 2459 institutis,
1868 2417 2068 2450 tradicione
2088 2418 2263 2462 majorum
2284 2429 2324 2451 ac

467 2480 707 2522 observantia,
734 2489 769 2514 ct
794 2489 832 2515 ut
861 2482 962 2516 brevi
992 2483 1236 2524 absolvamus,
1262 2484 1298 2516 in
1326 2483 1578 2529 spiritualibus
1606 2491 1641 2517 et
1670 2483 1944 2529 temporalibus,
1970 2484 2135 2517 funditus
2164 2496 2229 2529 per
2255 2483 2323 2517 hoc

468 2547 597 2580 scisma
622 2548 905 2593 innumerosque
933 2549 1068 2583 abusus
1098 2550 1181 2583 hinc
1209 2557 1403 2583 nascentes
1435 2550 1678 2592 subvertatur,
1708 2558 1743 2583 et
1769 2551 1841 2583 nisi
1869 2551 2113 2583 maturissime
2135 2550 2324 2596 piissimus

467 2613 651 2646 institutor
667 2626 705 2646 ac
722 2622 955 2648 conservator
972 2617 1133 2660 ejusdem
1154 2617 1323 2662 respiciat
1339 2617 1585 2662 impendentia
1601 2624 1768 2650 avertens
1789 2617 1969 2653 scandala.
1992 2617 2029 2650 in
2050 2617 2189 2650 ruinam
2210 2617 2323 2650 horri-

467 2679 575 2712 bilem
596 2687 702 2724 atque
722 2681 991 2726 irreparabilem
1012 2690 1186 2716 venturus
1208 2684 1353 2716 sit⁹?....

555 2748 599 2779 At
621 2759 724 2791 quam
746 2747 871 2780 srivola
894 2749 1002 2781 multa
1024 2761 1066 2781 ex
1086 2750 1238 2783 adverso
1261 2750 1465 2784 turbatores
1486 2751 1681 2783 concordie
1704 2750 1903 2795 objectant!
1927 2751 2132 2794 Quomodo,
2154 2750 2323 2795 inquiunt

466 2813 549 2857 ipsi,
571 2825 657 2857 papa
679 2820 803 2846 noster
823 2815 995 2847 canonice
1015 2815 1166 2857 electus,
1183 2818 1244 2861 jus
1267 2828 1370 2849 suum
1393 2817 1527 2850 clarum
1549 2817 1703 2850 adducet
1727 2818 1764 2850 in
1786 2817 1996 2859 discrimen,
2017 2824 2053 2850 et
2072 2817 2162 2850 illud
2184 2817 2227 2850 de
2249 2828 2321 2861 quo

466 2886 617 2920 constat,
640 2879 676 2911 in
699 2879 845 2912 dubium
870 2881 1075 2914 revocabit?
1099 2883 1194 2925 Quid
1221 2883 1355 2915 clarum
1382 2884 1544 2917 vocatis?
1563 2884 1758 2917 Certumne
1785 2896 1828 2916 an
1852 2885 2002 2917 verum?
2022 2884 2058 2917 Si
2078 2895 2216 2925 verum,
2239 2895 2320 2916 cum
