2488 3386
222 350 318 387 1385]
646 362 692 383 AB
726 361 832 383 ,111Νο
866 360 997 382 MCCCL
1031 361 1161 389 USQUE
1197 361 1244 382 AD
1280 360 1544 382 armeniorum
1579 360 1670 381 X111.
2018 349 2083 380 349

219 437 411 469 instantem
439 436 533 468 diem
561 434 746 476 mercurii,
771 433 860 467 hora
887 441 1010 467 octava
1035 440 1116 466 ante
1139 433 1341 473 meridiem,
1367 445 1436 477 que
1462 433 1530 465 erit
1555 432 1634 465 dies
1661 432 1784 465 ultima
1812 432 1920 476 hujus
1947 432 2084 464 mensis

219 503 261 535 ad
283 502 518 543 audiendum,
540 507 659 534 utrum
683 501 752 545 ipsi
774 500 906 533 sindici
932 500 1090 533 debeant
1110 499 1243 532 habere
1270 499 1408 543 copiam
1436 499 1530 531 dicte
1558 499 1855 543 supplicaeioniS,
1882 498 1937 531 vel
1964 510 2021 538 116,
2051 505 2083 530 61

220 569 372 602 ulterius
390 567 660 614 procedendum
681 567 718 599 in
740 579 845 600 causa
866 573 973 612 prout
993 566 1101 599 fuerit
1122 566 1292 599 racionis.

313 675 388 698 Arch.
402 676 460 699 Vat.
477 675 584 699 Collect.
601 679 630 697 110
644 675 699 703 440,
717 675 761 697 fot.
778 674 816 696 21.

223 842 311 879 151
323 843 344 879 1
356 870 363 878 .
387 849 511 876 Articuli
525 850 720 875 accusationis
737 849 774 875 ab
795 849 984 875 Universitate
997 848 1091 873 Paris.
1105 847 1197 873 oblati
1212 851 1310 873 contra
1325 845 1530 871 cancellarium
1547 845 1641 871 Paris.

311 945 469 976 Principalis
484 944 645 976 compositor
660 944 754 967 horum
770 943 952 973 articulorum,
969 943 995 966 in
1015 942 1110 974 quibus
1126 942 1216 965 omniu
1231 941 1381 973 promiscue
1396 941 1549 970 miscentur,
1567 949 1617 963 non
1634 940 1829 971 distinguendo,
1847 940 1913 963 sitne
1933 940 2033 971 aliquid
2056 941 2087 963 de

217 990 325 1021 antiqua
342 989 530 1012 consuetudine
545 997 654 1018 necnon,
671 997 701 1012 ex
716 988 864 1011 curialitate
880 988 920 1010 vel
936 996 966 1010 ex
987 990 1075 1018 pactu,
1092 995 1142 1009 non
1164 986 1244 1009 semel
1265 985 1387 1009 maleficii
1408 985 1616 1015 magnitudinem
1633 985 1798 1015 adaugendo.
1813 988 1858 1007 aut
1876 984 2001 1007 indicium
2018 992 2088 1007 com-

218 1034 351 1062 mutando,
369 1034 473 1057 videtur
488 1033 570 1057 fuisse
585 1034 678 1056 Petrus
693 1032 725 1056 de
741 1033 858 1056 Ailliaco.

1510 1075 1586 1104 1385,
1603 1075 1667 1103 Maii,
1684 1074 1799 1100 Parisiis.

308 1167 371 1199 Isti
403 1173 488 1199 sunt
516 1166 657 1199 articuli
691 1178 783 1211 quos
814 1165 960 1198 tradunt
989 1164 1108 1205 vobis,
1145 1163 1454 1197 reverendissimo
1490 1163 1526 1195 in
1561 1163 1707 1197 Christo
1745 1163 1835 1208 patri
1869 1175 1908 1196 36
1940 1162 2086 1195 domino

218 1234 366 1267 domino
382 1234 489 1266 Petro
506 1239 628 1266 sancte
646 1234 805 1265 Romane
826 1232 981 1265 ecclesie
1003 1230 1237 1263 Laudunensi
1259 1229 1473 1275 presbytero
1490 1230 1678 1267 cardinali,
1697 1230 1947 1262 commissario
1965 1230 2001 1261 in
2022 1229 2086 1262 hac

219 1306 318 1345 parte
340 1312 358 1332 a
374 1300 461 1332 sede
482 1299 680 1344 apostolica
698 1299 880 1344 deputato,
899 1298 1095 1331 Auffredus
1114 1298 1224 1342 Saysy
1244 1297 1418 1341 magister
1438 1297 1474 1328 in
1496 1296 1634 1329 artibus
1656 1304 1689 1329 et
1706 1297 1918 1329 licenciatus
1939 1297 1975 1328 in
1994 1303 2086 1328 utro-

218 1378 288 1411 que
309 1378 348 1399 ac
369 1367 498 1398 Petrus
519 1366 563 1398 de
585 1367 726 1410 Boyaco
748 1366 921 1410 magister
937 1365 975 1397 in
995 1364 1133 1397 artibus
1155 1370 1190 1396 et
1209 1363 1423 1396 licenciatus
1440 1363 1476 1395 in
1494 1363 1666 1404 decretis,
1686 1370 1940 1408 procuratores
1958 1370 1992 1395 et
2008 1375 2088 1407 pro-

217 1432 397 1465 curatorio
420 1432 566 1465 nomine
586 1432 849 1465 venerabilium
871 1438 906 1464 et
931 1431 1171 1464 discretorum
1193 1431 1354 1463 virorum
1383 1430 1535 1462 rectoris
1564 1437 1598 1462 et
1623 1430 1871 1462 universitatis
1899 1430 2087 1474 magistro-

216 1510 295 1531 rum
317 1505 352 1531 et
372 1498 565 1531 scolarium
587 1499 747 1532 Parisius
769 1498 991 1532 studentium
1014 1504 1138 1530 contra
1159 1497 1372 1542 magistrum
1393 1496 1594 1529 Johannem
1615 1496 1820 1537 Blancardi,
1841 1496 2027 1529 doctorem
2049 1496 2085 1528 in

215 1565 413 1610 theologia,
441 1565 695 1598 cancellarium
724 1565 880 1598 ecclesie
902 1565 1133 1605 Parisiensis,
1161 1571 1196 1597 et
1220 1564 1433 1609 magistrum
1460 1565 1605 1596 Petrum
1627 1563 1728 1596 Plaul
1757 1563 2082 1596 subcancellarium

216 1632 393 1676 ejusdem,
420 1632 464 1664 ad
491 1631 598 1664 finem
627 1632 725 1676 quod
755 1643 865 1677 super
893 1631 1074 1664 contentis
1103 1631 1140 1663 in
1170 1631 1277 1663 dictis
1307 1630 1469 1663 articulis
1497 1629 1602 1663 vobis
1630 1630 1768 1675 placeat
1794 1641 1859 1662 vos
1889 1629 2083 1661 informare

215 1699 320 1731 etiam
342 1698 673 1743 extrajudicialiter,
700 1705 735 1732 et
759 1705 871 1732 testes
893 1710 985 1743 quos
1010 1698 1096 1731 dicti
1123 1704 1378 1743 procuratores
1399 1709 1464 1730 seu
1486 1709 1611 1730 eorum
1633 1696 1787 1741 quilibet
1808 1696 1984 1729 dictorum
2008 1707 2084 1728 rec-

214 1765 304 1798 toris
325 1772 360 1798 et
388 1765 640 1798 Universitatis
662 1765 832 1798 duxerint
855 1765 1113 1810 producendos
1135 1776 1246 1810 super
1268 1764 1374 1797 dictis
1395 1763 1558 1796 articulis
1586 1764 1749 1808 recipere
1775 1770 1810 1795 et
1837 1774 1962 1795 eorum
1983 1764 2083 1807 jura-

213 1838 332 1865 menta
364 1838 397 1864 et
432 1832 533 1877 ipsos
563 1832 758 1865 examinari
787 1833 918 1873 facere,
951 1839 985 1865 et
1015 1832 1144 1864 dictam
1166 1831 1466 1864 informacionem
1552 1837 1587 1863 et
1615 1830 1872 1875 deposiciones
1903 1829 2080 1862 dictorum

212 1898 358 1931 testium
376 1905 498 1931 sancte
516 1898 595 1931 sedi
615 1905 730 1943 apost.
750 1899 934 1931 remittere
950 1899 1051 1943 juxta
1071 1899 1222 1930 formam
1240 1904 1276 1931 et
1294 1905 1457 1930 tenorem
1480 1897 1636 1930 mandati
1658 1896 1848 1942 apostolici
1865 1896 1969 1929 vobis
1986 1896 2079 1928 sacti.

300 1964 486 1997 Articulus
505 1967 560 1997 1¹¹⁸.
588 1966 632 1998 Et
647 1965 777 2010 primo‚
793 1965 890 2010 quod
907 1965 992 1998 dicti
1009 1971 1129 1997 rector
1145 1976 1209 1997 seu
1226 1965 1453 1997 Universitas
1471 1964 1672 2004 doctorum7
1690 1963 1853 2008 magistri
1871 1969 1906 1995 et
1921 1962 2081 1995 scolares

212 2031 328 2076 ipsius
358 2031 625 2072 Universitatis‚
647 2032 715 2064 fuit
734 2038 770 2064 et
796 2038 864 2072 est,
885 2032 1033 2064 fuerunt
1059 2038 1094 2064 et
1121 2038 1218 2071 sunt,
1241 2031 1359 2064 dotata
1386 2043 1450 2063 seu
1477 2031 1601 2071 dotati,
1630 2030 1790 2075 predicta
1819 2041 1883 2062 seu
1914 2029 2080 2073 predicti,

212 2097 336 2130 multis
357 2097 560 2142 privilegiis
582 2097 681 2130 sedis
702 2098 901 2142 apostolice
929 2104 964 2130 et
990 2098 1192 2143 legatorum
1222 2098 1399 2142 ejusdemq
1427 2109 1571 2130 necnon
1598 2096 1722 2129 multis
1749 2094 2080 2128 constitucionibus

212 2163 470 2196 nonnullorum
494 2176 717 2197 summorum
739 2164 949 2209 pontificum
972 2171 1006 2197 et
1026 2164 1227 2209 legatorum
1245 2164 1345 2196 sedis
1368 2163 1568 2208 apostolice
1585 2170 1620 2196 et
1641 2163 1831 2208 presertim
1850 2162 2079 2195 constitucio-

211 2230 320 2263 nibus
348 2242 501 2275 presens
530 2231 722 2275 negocium
751 2231 984 2276 tangentibus
1012 2231 1103 2263 infra
1131 2231 1318 2264 declaratis
1345 2237 1380 2263 et
1404 2230 1602 2263 articulatis
1634 2229 1909 2274 particulariter.
1940 2230 1983 2261 Et
2010 2240 2079 2273 que

211 2297 357 2341 quidem
385 2297 576 2342 privilegia
602 2304 636 2330 et
660 2298 961 2338 constituciones‚
983 2304 1018 2330 et
1045 2298 1236 2342 presertim
1264 2297 1337 2338 ille,
1361 2297 1405 2329 de
1427 2296 1560 2342 quibus
1581 2297 1672 2329 infra
1701 2296 1739 2329 fit
1763 2296 1912 2336 mentio⁷
1934 2296 2080 2327 fuerunt

210 2363 391 2396 custodita
408 2370 443 2396 et
458 2364 651 2404 custodite,
671 2364 858 2397 observata
876 2371 910 2397 et
924 2364 1128 2405 observate,
1147 2376 1220 2396 non
1235 2376 1300 2409 per
1320 2364 1591 2396 disuetudinem
1609 2363 1741 2396 abolita
1763 2375 1828 2395 seu
1849 2362 1995 2402 abolite,
2014 2361 2078 2394 sed

210 2429 356 2463 obtenta
377 2436 411 2463 et
431 2430 592 2472 obtente,
610 2431 804 2476 approbata
825 2438 860 2463 61
879 2430 1090 2476 approbate,
1112 2430 1148 2463 in
1170 2431 1263 2463 dicta
1285 2430 1529 2463 Universitate
1551 2437 1587 2462 et
1612 2442 1676 2475 per
1697 2430 1824 2474 ipsam,
1847 2442 1886 2462 ac
1908 2441 1972 2473 per
1995 2440 2078 2473 sup-

210 2497 326 2541 posita
348 2497 511 2541 ejusdem
529 2497 797 2538 Universitatis‚
816 2498 955 2542 fuitque
976 2498 1023 2530 ita
1045 2504 1196 2539 tentum⁷
1217 2497 1378 2530 habitum
1401 2503 1433 2529 et
1456 2503 1673 2541 reputatum,
1692 2503 1846 2537 tenetur7
1869 2495 2021 2528 habetur
2044 2501 2077 2527 et

208 2569 406 2607 reputatur⁷
425 2576 442 2596 a
464 2570 561 2596 tanto
584 2570 745 2609 tempore
767 2571 801 2597 et
823 2576 886 2609 per
903 2571 1038 2597 tantum
1061 2571 1095 2596 et
1117 2564 1184 2596 tale
1203 2570 1357 2608 teinpus,
1376 2563 1420 2596 de
1438 2564 1542 2607 cujus
1564 2563 1673 2595 inicio
1697 2562 1867 2595 memoria
1890 2561 2074 2594 hominum

210 2642 282 2662 non
303 2630 436 2663 existit.

299 2697 356 2728 2⁰⁵.
385 2698 487 2737 116111,
510 2704 544 2730 61
575 2698 672 2742 quod
694 2698 787 2731 inter
813 2698 905 2731 (licta
927 2698 1117 2743 privilegia
1144 2709 1208 2730 seu
1231 2697 1517 2730 constituciones
1543 2696 1740 2741 apostolica
1768 2708 1833 2729 seu
1859 2694 2075 2740 apostolicas

208 2769 264 2795 est
284 2763 463 2807 quoddam
486 2764 717 2809 privilegium
739 2776 803 2797 seu
826 2765 979 2809 quedam
1001 2764 1218 2797 constitucio
1240 2764 1286 2796 fe.
1304 2776 1354 2796 re.
1374 2763 1510 2796 domini
1533 2763 1705 2807 Gregorii
1727 2774 1816 2807 pape
1834 2762 1954 2800 noni¹,
1978 2760 2074 2804 quod

208 2840 273 2861 seu
295 2841 364 2874 que
386 2830 513 2874 incipit
537 2842 543 2862 :
566 2831 704 2864 Parens
727 2832 958 2865 scientiarum
985 2838 1069 2873 etc„
1095 2831 1131 2863 in
1153 2843 1223 2875 quo
1246 2843 1310 2863 seu
1333 2843 1399 2875 qua
1424 2830 1503 2863 talis
1525 2829 1685 2862 clausula
1707 2829 1913 2862 continetur
1932 2839 1937 2858 z
1964 2841 1978 2856 ι(
2002 2827 2073 2858 Ν66

207 2895 444 2929 cancellarius
463 2910 494 2937 n,
516 2902 580 2930 είς.
605 2903 641 2930 ut
665 2909 774 2942 supra
795 2902 832 2930 11ο
856 2899 951 2931 1491.
