2488 3386
194 341 289 376 1391]
609 355 654 375 AB
689 354 794 376 ANNO
828 354 959 375 MCCCL
993 354 1122 381 usoui:
1160 354 1206 374 ,xo
1243 353 1501 374 nENEDtCTrM
1538 355 1626 375 xui.
1982 345 2044 377 507

191 428 419 467 Montesono,
443 428 479 459 in
501 439 600 460 sacra
622 427 804 472 theologia
827 428 1037 472 magistrum
1062 427 1149 459 Ord.
1168 427 1246 458 frat.
1269 427 1373 458 Pred.
1392 426 1638 459 Valentinens.
1663 428 1755 460 dior.
1780 429 1814 460 in
1837 428 2044 461 Cathalonia

191 493 398 533 oriundum,
423 493 467 526 de
489 500 524 526 et
549 506 659 538 super
680 493 866 526 nonnullis
887 493 1048 526 articulis
1070 500 1102 526 et
1129 492 1427 525 conclusionibus
1455 505 1517 537 per
1538 494 1653 537 ipsum
1684 495 1825 526 fratrem
1847 494 2044 527 Johannem

193 566 313 604 preter
336 566 371 592 et
390 566 513 592 contra
535 560 640 592 fidem
663 559 886 599 catholicam,
910 566 948 592 ut
976 572 1040 604 pro
1068 566 1166 604 parte
1188 559 1443 591 Universitatis
1465 559 1705 597 asserebatur,
1728 561 1763 592 in
1790 561 1865 592 suis
1892 560 2046 605 publicis

193 625 424 659 sermonibus
445 633 480 658 et
506 626 586 658 aliis
614 625 752 659 actibus
774 626 876 659 tactis
898 632 932 658 et
958 625 1150 670 publicatis
1172 637 1289 657 coram
1318 625 1518 657 reverendo
1544 626 1579 657 in
1606 625 1751 658 Christo
1778 633 1875 671 patre
1901 627 2047 659 domino

194 692 366 737 episcopo
383 692 591 732 Parisiensi,
611 692 654 725 ab
674 692 828 737 ipsoque
845 692 991 725 domino
1009 692 1181 736 episcopo
1199 698 1232 724 et
1249 690 1462 735 quibusdam
1486 692 1666 736 pretensis
1690 693 2048 736 pronuntiacionibus

194 765 228 791 et
247 758 518 803 gravaminibus
538 758 618 791 aliis
640 758 736 791 dicto
757 759 856 791 fratri
882 758 1036 791 Johanni
1064 770 1128 803 per
1149 758 1302 790 eundem
1330 757 1512 789 dominum
1537 758 1760 802 episcopum.
1789 765 1825 790 ut
1852 758 2046 798 asserebat,

193 824 315 864 illatis,
335 824 377 857 ad
395 825 579 857 dominum
599 831 760 857 nostrum
780 837 903 870 papam
923 825 1124 869 predictum
1144 836 1208 869 per
1224 824 1378 856 eundem
1396 824 1539 856 fratrem
1557 823 1754 856 Johannem
1773 831 1895 857 contra
1914 831 2046 869 partem

194 890 263 923 sibi
284 890 470 923 adversam
493 891 684 936 appellato,
703 891 797 923 idem
821 891 989 924 dominus
1006 898 1131 923 noster
1151 903 1238 935 papa
1261 890 1302 922 ad
1326 890 1440 935 ipsius
1462 891 1604 922 fratrem
1627 890 1801 923 Johannis
1822 891 2049 935 supplicatio-

194 970 275 990 nem
297 957 403 990 nobis
427 958 605 990 commisit
631 958 726 1002 quod
751 958 794 990 de
822 958 1010 1002 premissis
1032 969 1098 990 nos
1120 958 1397 989 informaremus
1418 963 1453 989 et
1473 956 1559 989 alias
1581 957 1616 988 in
1638 969 1743 989 causa
1765 964 1800 990 et
1819 958 1937 990 causis
1954 958 2050 1002 ejus-

195 1024 292 1056 modi
322 1024 617 1069 procederemus,
650 1031 754 1068 prout
785 1024 821 1056 in
850 1024 1006 1056 diversis
1033 1023 1355 1056 commissionibus
1388 1022 1494 1055 nobis
1528 1023 1630 1055 sactis
1661 1023 1803 1068 plenius
1833 1024 2049 1056 continetur.

197 1092 240 1123 Et
259 1090 538 1135 subsequenter,
562 1090 728 1135 pluribus
750 1090 1070 1135 proposicionibus
1092 1102 1155 1135 pro
1180 1096 1276 1134 parte
1298 1089 1391 1122 dicte
1414 1089 1667 1122 Universitatis
1689 1097 1722 1122 et
1747 1090 2052 1135 requisicionihus

195 1157 232 1189 in
261 1157 479 1190 consistorio
508 1157 654 1202 publico
680 1169 798 1190 coram
831 1157 957 1189 eodem
987 1157 1135 1189 domino
1163 1163 1289 1189 nostro
1320 1168 1408 1200 papa
1439 1163 1473 1188 et
1503 1157 1818 1189 reverendissimis
1844 1157 1879 1189 in
1908 1157 2053 1190 Christo

197 1223 360 1268 patribus
393 1224 550 1256 dominis
582 1223 827 1256 cardinalibus
858 1230 891 1256 et
922 1223 1028 1256 nobis
1068 1230 1150 1256 tunc
1187 1223 1256 1255 sibi
1287 1222 1543 1255 assistentibus
1570 1230 1691 1256 contra
1726 1223 1877 1256 eundem
1909 1224 2051 1256 fratrem

195 1290 393 1323 Johannem
431 1297 635 1335 presentem
668 1302 779 1334 super
813 1289 880 1322 hoc
913 1290 1014 1322 factis
1047 1296 1079 1322 et
1113 1289 1325 1334 propositis,
1356 1289 1684 1322 reverendissimus
1715 1290 1750 1322 in
1779 1289 1923 1323 Christo
1957 1297 2056 1334 pater

197 1357 366 1389 dominus
387 1358 515 1389 Petrus
541 1356 734 1389 cardinalis
763 1356 1037 1389 Ebredunensis
1063 1355 1217 1388 inhibuit
1247 1356 1362 1388 eidem
1386 1356 1558 1400 magistro
1586 1356 1738 1388 Johanni
1769 1357 1811 1388 de
1839 1358 2054 1389 Montesono

197 1423 240 1455 de
262 1423 428 1455 mandato
455 1423 541 1455 dicti
570 1423 705 1455 domini
733 1423 848 1455 nostri
874 1435 975 1467 pape,
997 1423 1076 1455 vive
1104 1423 1203 1455 vocis
1225 1422 1385 1461 oraculo,
1409 1429 1444 1454 ut
1471 1422 1615 1462 (licitur,
1644 1422 1713 1455 sibi
1744 1424 1846 1463 sacto,
1870 1424 1966 1468 quod
1988 1423 2055 1456 sub

197 1501 286 1534 pena
310 1489 487 1521 reddendi
509 1501 547 1521 se
571 1489 773 1522 convictum
797 1489 840 1521 (le
863 1496 898 1522 ct
924 1501 1034 1534 super
1055 1489 1099 1521 iis
1122 1489 1165 1521 de
1194 1488 1327 1533 quibus
1354 1489 1446 1521 inter
1468 1489 1584 1533 ipsum
1613 1495 1645 1521 et
1668 1490 1944 1522 Universitatem
1966 1490 2057 1522 Pari-

198 1556 356 1588 siensem
386 1555 430 1588 lis
454 1556 586 1600 pendet
613 1556 648 1588 in
671 1557 827 1588 Romana
849 1556 959 1596 curia,
980 1568 1051 1588 non
1080 1556 1228 1588 auderet
1251 1568 1289 1588 se
1315 1555 1505 1588 absentare
1533 1555 1575 1587 ab
1604 1556 1725 1588 eadem
1754 1556 1864 1597 curia,
1888 1557 2002 1589 donec
2025 1563 2059 1589 et

198 1634 389 1667 quousque
411 1622 455 1655 de
477 1629 511 1655 et
532 1634 642 1667 super
663 1622 785 1655 dubiis
806 1622 922 1667 ipsius
944 1622 1017 1655 litis
1039 1629 1137 1655 esset
1157 1635 1220 1666 per
1242 1622 1364 1654 sedem
1387 1622 1618 1667 apostolicam
1642 1623 1931 1664 determinatum,
1954 1630 2060 1668 prout

198 1689 235 1721 in
257 1689 410 1733 quodam
440 1689 585 1733 publico
612 1689 854 1722 instrumento
875 1701 993 1722 coram
1015 1689 1215 1721 venerabili
1240 1689 1318 1722 viro
1346 1689 1519 1734 magistro
1541 1689 1699 1722 Roberto
1728 1690 1771 1721 dc
1797 1691 1911 1724 Frcta.
1938 1690 2056 1735 legum

199 1755 362 1797 doctore,
381 1756 473 1788 sacri
489 1755 607 1800 palatii
625 1767 811 1789 causarum
830 1755 1019 1800 apostolici
1038 1762 1072 1788 et
1092 1755 1232 1788 anobis
1250 1756 1292 1788 ad
1311 1763 1515 1800 presentem
1534 1768 1676 1788 causam
1695 1756 1858 1788 auditore
1876 1757 2057 1801 deputate,

202 1828 325 1866 postea
347 1821 506 1855 exhibito
529 1829 562 1854 et
584 1822 759 1866 producto
782 1822 998 1855 continetur.
1024 1824 1064 1854 Et
1087 1822 1220 1854 deinde
1241 1822 1283 1854 ad
1306 1822 1521 1854 audientiam
1546 1823 1661 1867 ipsius
1678 1823 1813 1855 domini
1835 1823 1949 1855 nostri
1971 1835 2059 1867 pape

201 1888 356 1921 deducto
390 1889 486 1933 quod
519 1889 678 1933 prefatus
714 1889 886 1934 magister
915 1889 1098 1921 Johannes
1135 1889 1178 1921 de
1214 1890 1443 1929 Montesono,
1480 1889 1612 1933 spretis
1646 1890 1820 1922 mandatis
1851 1889 2059 1934 apostolicis

201 1955 432 1999 supradictis,
453 1967 519 1987 nec
541 1967 671 1987 curans
693 1955 799 1988 finem
822 1956 915 1988 dicte
937 1967 1044 1988 cause
1067 1962 1267 2000 expectare,
1291 1968 1308 1988 a
1335 1956 1431 1988 curia
1459 1957 1614 1988 Romana
1644 1956 1886 1996 illicentiatus,
1911 1963 1948 1988 ut
1975 1956 2057 1988 ‹lici-

202 2028 270 2061 tur,
299 2022 451 2054 recessit
481 2028 563 2066 post
583 2028 617 2054 et
637 2028 760 2054 contra
782 2022 989 2066 hujusmodi
1013 2022 1298 2067 prohibicionem
1320 2034 1325 2054 :
1350 2029 1382 2054 ct
1404 2023 1539 2054 idcirco
1562 2023 1719 2067 prefatus
1746 2023 1913 2055 dominus
1935 2030 2059 2055 noster

203 2100 290 2133 papa
312 2088 418 2121 nobis
440 2088 621 2121 mandavit
641 2095 674 2120 et
695 2089 874 2121 commisit
894 2089 972 2121 vice
992 2089 1092 2121 vocis
1113 2089 1259 2121 oraculo
1281 2089 1376 2133 quod
1399 2096 1521 2121 contra
1543 2089 1675 2121 dictum
1698 2090 1840 2121 fratrem
1859 2089 2057 2121 Johannem

202 2166 266 2199 per
282 2167 348 2187 nos
364 2154 421 2187 vel
442 2154 550 2187 alium
573 2167 636 2188 seu
659 2154 748 2187 alios
766 2167 783 2187 a
804 2155 910 2187 nobis
928 2155 1134 2200 deputatum
1159 2167 1220 2188 seu
1245 2156 1449 2200 deputatos,
1468 2156 1708 2200 deputandum
1733 2167 1795 2187 seu
1818 2155 2056 2200 deputandos,

202 2221 497 2266 procederemus,
522 2233 593 2253 non
614 2221 843 2254 obstantibus
863 2222 964 2254 seriis
986 2222 1133 2254 indictis
1155 2234 1218 2254 seu
1246 2222 1463 2262 indicendis,
1487 2222 1590 2254 etiam
1618 2222 1653 2253 in
1681 2233 1805 2254 mense
1834 2222 2000 2267 Augusti,
2024 2222 2060 2254 in

202 2299 273 2332 quo
296 2294 379 2320 tunc
401 2299 544 2320 eramus
565 2294 600 2320 et
627 2288 663 2319 in
691 2300 761 2332 quo
782 2288 1023 2321 communiter
1044 2289 1217 2333 strepitus
1246 2300 1433 2321 causarum
1463 2295 1610 2333 propter
1630 2288 1737 2320 serias
1765 2288 2002 2332 conquiescit,
2024 2289 2060 2320 in

202 2365 308 2386 causa
329 2361 363 2386 et
383 2354 502 2386 causis
523 2354 614 2399 ipsis
635 2366 753 2387 coram
771 2354 877 2387 nobis
895 2361 929 2387 et
949 2354 1043 2395 aliis,
1066 2355 1159 2387 sicut
1180 2356 1371 2400 prefertur,
1390 2354 1632 2399 pendentibus
1657 2355 1723 2386 ....⁸
1741 2355 1842 2387 etiam
1866 2355 1909 2387 ad
1931 2355 2061 2387 instan-

204 2420 285 2452 tiam
307 2421 553 2464 procuratoris
575 2420 722 2459 fiscalis,
750 2427 783 2453 et
813 2433 855 2453 eo
883 2433 963 2453 cum
991 2428 1225 2466 procuratore
1248 2421 1501 2454 I'niversitatis
1522 2421 1702 2465 adjuncto,
1726 2428 1758 2453 et
1788 2421 1890 2453 etiam
1918 2421 2059 2454 divisim

204 2493 238 2519 et
259 2498 301 2518 ex
322 2486 452 2527 officio,
472 2487 563 2520 etad
585 2487 863 2520 declarationem
883 2487 939 2520 vel
961 2500 1133 2532 penarum
1151 2488 1432 2532 impositionem,
1453 2500 1540 2532 quas
1557 2494 1703 2532 propter
1720 2494 1894 2520 arrestum
1913 2488 2059 2520 fractum

205 2559 239 2585 ct
260 2564 444 2586 recessum
462 2565 566 2586 suum
589 2554 666 2598 ipse
688 2555 797 2586 frater
812 2554 994 2587 Johannes
1012 2554 1118 2586 debet
1141 2555 1338 2587 incurrere.
1360 2561 1390 2586 et
1409 2566 1477 2598 quc
1495 2554 1684 2586 occasione
1702 2554 1909 2598 hujusmodi
1931 2554 2062 2586 debent

205 2626 240 2651 et
260 2626 414 2663 possunt
434 2620 503 2652 sibi
534 2620 651 2664 inssigi
681 2620 724 2653 ab
751 2620 897 2653 homine
922 2620 979 2653 vel
1007 2633 1025 2653 a
1047 2622 1143 2665 jure,
1172 2621 1361 2665 ipsumque
1389 2621 1529 2652 fratrem
1552 2620 1750 2652 Johannem
1773 2627 1804 2652 ct
1827 2633 1951 2652 omnes
1973 2620 2061 2652 alios

206 2685 275 2718 sibi
295 2685 513 2719 adherentes
530 2693 565 2719 et
583 2687 742 2719 fautores
760 2693 795 2720 et
815 2699 966 2732 quorum
985 2688 1135 2720 interest
1154 2687 1209 2720 vel
1231 2687 1393 2719 intererit
1415 2687 1523 2718 citare
1541 2693 1573 2719 et
1591 2687 1691 2719 citari
1708 2688 1823 2719 facere
1842 2694 1872 2718 et
1896 2687 2062 2718 mandare

206 2752 241 2783 in
262 2752 361 2784 curIa
390 2753 545 2785 Romana
567 2759 601 2785 et
626 2759 735 2793 extra,
760 2760 795 2786 et
815 2754 919 2786 etiam
942 2754 1075 2786 dictum
1102 2755 1246 2786 fratrem
1273 2753 1469 2785 Johannem
1501 2753 1739 2797 personaliter
1761 2760 1792 2785 et
1822 2765 1884 2797 per
1907 2753 2061 2784 edictum

207 2817 390 2862 publicum
414 2819 449 2850 in
471 2819 548 2863 ipsa
571 2820 725 2852 Romana
748 2820 846 2852 curia
867 2820 903 2852 in
924 2820 1015 2852 locis
1037 2827 1071 2852 et
1092 2819 1234 2860 diebus,
1263 2819 1306 2851 de
1324 2818 1456 2863 quibus
1483 2819 1587 2851 nobis
1612 2819 1796 2851 videretur
1821 2819 2003 2862 expedire,
2030 2824 2063 2850 et

208 2896 270 2928 per
305 2885 432 2917 modos
468 2897 531 2930 per
567 2897 658 2930 quos
697 2886 961 2927 ordinaremus,
998 2887 1101 2918 etiam
1140 2893 1300 2930 tempore
1340 2885 1401 2917 illo
1438 2886 1471 2917 111
1509 2898 1578 2929 quo
1610 2885 1750 2917 vacabat
1786 2884 2061 2929 apostolicarum
