2488 3386
424 359 488 390 360
1002 365 1317 388 CHARTULARIUM
1353 364 1541 385 UNtvnns.
1579 363 1707 385 Panis.
2190 350 2289 387 [1385

425 453 528 485 quem
551 441 693 473 admisit
715 441 757 473 ad
787 440 965 473 licentiam
996 446 1119 472 contra
1150 437 1406 483 deposiciones
1434 443 1469 469 et
1496 436 1701 469 voluntates
1732 436 1879 482 majoris
1907 436 2145 469 valentiorum
2176 437 2288 481 magi-

424 514 580 540 strorum
602 514 634 539 et
661 507 816 539 sanioris
846 507 967 551 partis,
991 517 1072 550 ymo
1094 505 1252 537 omnium
1286 504 1379 536 dicte
1410 502 1601 542 facultatis7
1625 503 1786 547 exceptis
1808 510 1974 548 quatuor,
1999 509 2033 536 et
2054 515 2159 548 quem
2182 503 2285 536 etiam

424 574 610 618 preposuit
640 573 801 606 indebite
836 573 959 605 multis
988 571 1212 604 baccallariis
1243 568 1523 603 notabilioribus
1552 575 1587 602 et
1616 569 1848 614 dignioribus
1882 569 1980 614 ipso;
2015 569 2287 615 nonnullosque

423 640 594 684 indignos
616 639 846 684 dignioribus
872 650 1092 683 preponens.
1124 637 1287 670 ordinem
1320 635 1597 680 deposicionum
1626 642 1661 668 et
1690 635 2000 668 deliberacionum
2029 636 2285 681 magistrorum

424 706 516 738 dicte
543 705 720 738 facultatis
745 718 784 738 ac
814 705 974 738 locorum
1007 716 1071 749 per
1098 704 1199 748 ipsos
1229 703 1495 747 assignatorum
1526 702 1782 747 pervertendO,
1812 709 1937 735 contra
1966 702 2135 747 antiquos
2165 703 2285 742 ritum,

423 784 541 812 usum,
565 772 699 813 stilum⁷
723 771 1039 811 consuetudinem,
1062 782 1211 810 morem,
1234 769 1533 801 observacionem
1554 775 1589 801 et
1616 775 1746 801 statuta
1774 769 1868 802 dicte
1895 769 2074 802 facultatis
2103 769 2287 815 theologie

423 846 558 871 temere
583 838 778 879 veniendo,
800 838 916 870 dictos
939 837 1113 869 decanum
1142 843 1177 868 et
1204 836 1398 880 magistros
1428 835 1545 880 ipsius
1572 834 1751 868 facultatis
1773 834 1958 881 theologie
1979 836 2016 868 in
2038 847 2101 869 sua
2127 836 2287 880 predicta

424 905 660 950 possessione
687 904 744 937 vel
775 904 876 948 quasi
908 903 1131 948 approbandi
1164 902 1412 942 baccallarios,
1441 901 1664 943 licentiandi,
1697 901 1905 947 deponendi
1936 902 1980 935 de
2009 902 2223 935 sufficientia
2253 908 2288 936 et

425 971 560 1004 meritis
590 972 751 1016 ipsorum
782 970 1077 1002 baccallariorum
1109 968 1353 1002 vocandorum
1389 968 1432 1000 ad
1470 967 1651 1001 licentiam
1687 975 1722 1001 et
1758 968 2061 1001 licentiandorum
2098 981 2285 1014 perperam

422 1037 582 1070 indebite
603 1044 637 1070 et
658 1037 790 1081 injuste
811 1036 1052 1077 molestando,
1074 1035 1292 1080 inquirendo
1314 1047 1353 1067 ac
1375 1034 1634 1079 perturbando.

510 1105 589 1136 56⁰⁸.
618 1105 703 1136 Item
732 1110 767 1135 et
794 1103 890 1147 quod
921 1103 1096 1147 premissa
1118 1102 1236 1134 omnia
1265 1108 1300 1134 et
1326 1101 1469 1146 singula
1498 1101 1646 1134 fuerunt
1671 1113 1768 1142 vera⁷
1796 1102 1937 1134 notoria
1966 1108 2001 1134 et
2030 1102 2218 1136 manifesta
2247 1114 2286 1136 ac

421 1170 562 1214 vulgata
584 1176 618 1202 et
646 1169 825 1214 publicata
853 1181 917 1213 per
938 1169 1051 1201 dictas
1078 1168 1270 1209 civitatem,
1300 1167 1489 1200 ecclesiam
1513 1174 1547 1200 et
1569 1168 1849 1201 Universitatem
1877 1168 2004 1203 Paris..
2027 1180 2066 1201 ac
2088 1180 2199 1214 super
2218 1168 2286 1202 hoc

421 1236 674 1269 laboraverunt
695 1243 727 1268 et
749 1235 913 1268 laborant
934 1242 1027 1268 tanta
1048 1247 1117 1268 vox
1138 1242 1172 1267 et
1193 1235 1295 1275 fama,
1319 1235 1416 1279 quod
1438 1234 1599 1267 valentes
1622 1234 1726 1279 probi
1747 1241 1782 1267 et
1801 1234 1888 1268 boni
1909 1234 2076 1268 homines
2097 1247 2136 1268 ac
2157 1247 2287 1281 graves

421 1315 492 1335 non
513 1303 691 1335 immerito
713 1302 1012 1335 scandalizantur.

508 1371 587 1403 57³⁵.
616 1371 702 1402 Item
726 1376 761 1402 et
781 1369 877 1414 quod
899 1369 1017 1401 dictus
1038 1368 1288 1409 cancellarius,
1318 1368 1353 1415 in
1383 1374 1553 1413 quantum
1578 1369 1692 1413 tangit
1718 1369 1915 1413 predictam
1942 1369 2145 1402 facultatem
2172 1370 2287 1402 Meni-

420 1447 496 1469 cim:
519 1437 611 1469 circa
633 1436 866 1469 baccallarios
889 1436 1051 1480 ejusdem
1074 1435 1252 1468 facultatis
1276 1435 1530 1476 licentiandos,
1554 1435 1751 1468 nonnullos
1773 1447 1946 1469 excessus
1973 1443 2007 1469 et
2032 1435 2169 1469 abusus
2190 1448 2287 1469 com-

420 1503 528 1543 misit,
552 1503 681 1535 multas
708 1503 901 1547 peccunias
922 1502 1083 1535 indebite
1109 1502 1359 1547 extorquendo
1386 1509 1420 1535 et
1446 1502 1670 1547 recipiendo,
1694 1509 1732 1535 ut
1752 1509 1849 1547 patet
1876 1502 1919 1535 de
1946 1503 2130 1548 magistris
2151 1502 2287 1537 Thoma

420 1569 730 1614 Blaneheehappe,
755 1569 943 1614 Radulpho
965 1569 1174 1602 Tabernarii
1197 1576 1231 1601 et
1251 1569 1398 1601 Nicolao
1420 1569 1464 1601 de
1484 1570 1611 1609 Ponte,
1629 1568 1765 1602 Thoma
1787 1569 1980 1611 Graffardi,
2001 1581 2093 1614 quos
2115 1581 2188 1602 non
2207 1569 2286 1603 sine

420 1642 605 1681 unguento
631 1636 698 1668 hoc
726 1643 761 1668 et
788 1643 935 1681 propter
957 1636 1150 1680 peccunias
1171 1635 1314 1668 admisit
1343 1636 1387 1668 ad
1415 1635 1610 1668 licentiam.
1641 1637 1684 1669 Et
1713 1636 1905 1681 presertim
1927 1636 1972 1669 de
1994 1636 2090 1669 dicto
2112 1635 2288 1669 Blanche-

420 1702 568 1747 chappe,
592 1715 696 1747 quem
725 1703 803 1735 sine
828 1702 1091 1735 deliberatione
1114 1703 1207 1735 dicte
1228 1702 1407 1735 facultatis
1435 1702 1594 1743 adm-isit,
1621 1702 1787 1735 ordinem
1814 1709 1849 1736 et
1875 1703 2166 1748 assignacionem
2189 1702 2288 1736 loco-

421 1781 498 1801 rum
527 1769 703 1802 dictorum
735 1769 1029 1801 baccallariorum
1061 1781 1125 1814 per
1153 1769 1269 1802 dictos
1293 1769 1488 1814 magistros
1514 1769 1701 1802 ordinatos
1727 1770 1969 1814 pervertendo
1995 1776 2031 1803 et
2057 1770 2228 1803 mutando
2253 1775 2290 1804 et

422 1836 685 1876 transferendo,
709 1842 742 1868 et
764 1836 953 1880 presertim
977 1836 1013 1868 in
1034 1836 1103 1868 isto
1120 1835 1261 1880 jubileo
1283 1836 1423 1875 ultimo,
1449 1836 1484 1868 in
1507 1848 1578 1881 quo
1601 1836 1719 1869 dictus
1740 1836 1979 1869 cancellarius
2000 1836 2085 1869 fecit
2105 1836 2149 1869 de
2170 1837 2287 1882 primo

422 1902 584 1943 tercium,
609 1902 652 1935 de
674 1909 799 1947 quarto
822 1903 1035 1943 secundum,
1059 1909 1094 1935 et
1114 1903 1158 1935 de
1179 1903 1341 1935 secundo
1363 1903 1536 1947 primum3
1560 1910 1595 1935 et
1616 1903 1721 1935 etiam
1744 1903 1788 1935 de
1814 1903 1989 1948 magistro
2016 1904 2222 1949 Ingeranno
2243 1903 2288 1937 de

421 1969 548 2001 Sancto
567 1969 793 2010 Fuscianow,
811 1969 871 2013 qui
892 1969 1054 2001 indebite
1071 1969 1137 2001 fuit
1152 1969 1363 2002 collocatus.
1383 1971 1426 2002 Et
1446 1982 1524 2002 cum
1549 1975 1734 2014 peteretur
1749 1969 1792 2002 ab
1810 1981 1867 2011 eo,
1885 1981 1997 2014 quare
2014 1982 2087 2002 non
2107 1970 2174 2003 fuit
2194 1969 2288 2004 bene

419 2035 628 2076 collocatus,
648 2035 884 2068 cancellarius
906 2035 1095 2080 respondit
1115 2036 1212 2080 quod
1234 2036 1312 2080 ipse
1334 2048 1406 2068 non
1422 2036 1631 2069 visitaverat
1652 2048 1747 2077 eum,
1766 2042 1800 2069 et
1816 2037 1914 2081 quod
1936 2036 1967 2069 si
1989 2048 2070 2069 eum
2087 2036 2284 2078 visitasset,

419 2101 549 2133 melius
566 2101 764 2134 habuisset.
785 2103 825 2134 Et
843 2102 887 2134 de
905 2102 1077 2147 magistro
1094 2102 1256 2135 Gerardo
1274 2103 1465 2147 Pignetikl,
1483 2103 1543 2147 qui
1562 2102 1724 2136 indebite
1741 2103 1808 2135 fuit
1823 2102 2037 2144 collocatus,
2055 2103 2172 2136 dictos
2188 2103 2289 2136 deca-

420 2180 503 2200 num
522 2175 556 2200 et
574 2169 767 2213 magistros
788 2168 966 2201 facultatis
988 2169 1167 2201 medicine
1189 2169 1225 2201 in
1247 2181 1310 2202 sua
1332 2170 1569 2214 possessione
1586 2169 1643 2203 vel
1665 2170 1768 2215 quasi
1789 2169 2016 2215 approbandi
2037 2169 2285 2211 baccallarios,

419 2233 642 2275 licentiandi,
676 2235 868 2268 ordinandi
902 2242 936 2268 et
971 2235 1190 2280 disponendi
1222 2235 1265 2268 de
1294 2236 1422 2268 ordine
1453 2242 1488 2269 et
1517 2236 1607 2269 locis
1636 2236 1933 2269 baccallariorum
1962 2236 2208 2269 vocandorum
2243 2236 2287 2269 ad

422 2299 601 2333 licentiam
625 2308 658 2333 et
680 2301 980 2334 licentiandorum
1004 2302 1166 2334 indebite
1188 2302 1428 2343 molestando,
1452 2302 1700 2347 perturbando
1723 2309 1757 2335 et
1777 2302 2027 2348 inquietando.

509 2367 587 2400 58³⁸.
617 2368 702 2399 Item
733 2375 767 2400 et
795 2368 891 2412 quod
922 2369 1195 2413 prenominatus
1226 2369 1399 2414 magister
1425 2370 1554 2402 Petrus
1583 2369 1683 2402 Plaul
1714 2369 2026 2402 subcancellarius
2056 2375 2125 2402 tam
2155 2381 2220 2414 per
2248 2381 2287 2402 se

422 2444 525 2476 quam
554 2445 617 2477 per
641 2434 731 2466 alios
759 2435 904 2467 nomine
931 2435 1046 2479 ipsius
1074 2442 1109 2468 et
1139 2447 1204 2480 pro
1235 2436 1314 2480 ipso
1346 2435 1528 2468 abutendo
1560 2435 1604 2468 de
1626 2435 1743 2468 officio
1765 2447 1832 2468 suo
1854 2435 2202 2469 subcancellariatus
2223 2447 2288 2480 per

422 2497 544 2543 plures
570 2512 697 2541 annos,
720 2512 864 2533 menses
891 2507 925 2533 et
950 2501 1042 2542 (lies,
1064 2513 1128 2546 per
1149 2501 1281 2535 multos
1302 2502 1421 2535 varios
1444 2509 1478 2535 et
1504 2502 1726 2547 excogitatos
1748 2502 1890 2543 modos,
1914 2508 2077 2547 patenter
2098 2509 2133 2535 et
2153 2502 2286 2544 oculte,

422 2576 486 2608 pro
512 2564 678 2598 habendo
704 2565 836 2598 bonum
863 2566 981 2599 locum
1010 2567 1045 2599 in
1072 2567 1326 2601 audicionibus
1347 2574 1381 2601 et
1408 2569 1444 2600 in
1470 2568 1561 2601 locis
1588 2568 1819 2601 audicionum
1846 2580 1885 2600 ac
1914 2567 2112 2601 obtinendo
2134 2568 2284 2613 gradum

421 2629 572 2664 licencie
593 2632 629 2663 in
651 2632 816 2665 facultate
836 2633 962 2665 artium
985 2633 1126 2666 induxit
1147 2641 1179 2666 et
1200 2634 1309 2667 alexit
1329 2647 1368 2667 ac
1390 2634 1513 2667 induci
1535 2646 1600 2667 seu
1621 2634 1702 2667 alici
1723 2635 1809 2668 fecit
1828 2646 1893 2668 seu
1921 2635 2129 2679 procuravit
2148 2634 2287 2668 baccal-

422 2697 532 2729 larios
555 2698 795 2742 temptandos,
822 2699 1080 2733 examinandos
1108 2707 1142 2733 et
1169 2700 1416 2734 licenciandos
1440 2701 1477 2733 in
1501 2701 1594 2734 dicta
1619 2701 1786 2734 facultate
1807 2701 1936 2734 artium
1958 2701 2002 2734 ad
2023 2701 2194 2743 dandum,
2217 2706 2287 2735 tra-

423 2763 580 2796 dendum
610 2771 645 2796 et
674 2765 817 2797 realiter
838 2766 1099 2798 numerandum
1127 2779 1250 2799 aurum
1279 2774 1313 2800 et
1340 2774 1530 2813 argentum
1558 2768 1595 2800 in
1623 2768 1776 2814 pecunia
1804 2774 2003 2810 numerata,
2030 2780 2115 2801 vasa
2139 2768 2284 2813 jocalia,

422 2842 528 2862 aurea
559 2837 593 2863 et
621 2837 803 2875 argentea,
835 2844 973 2876 pannos
1003 2832 1120 2865 lineos
1151 2840 1185 2866 et
1214 2833 1352 2871 laneos,
1377 2834 1613 2875 fourraturas,
1645 2834 1808 2879 prandia,
1835 2846 1957 2876 cenas⁷
1983 2835 2126 2880 species
2151 2841 2186 2868 et
2204 2835 2286 2869 vina

423 2902 456 2928 et
476 2896 557 2929 talia
577 2896 797 2941 hujusmodi.
821 2898 1072 2943 Premissaque
1095 2899 1278 2943 predictus
1309 2900 1618 2934 subcancellarius
1646 2901 1767 2946 exegit
1791 2907 1826 2934 et
1854 2901 2017 2942 extorsit,
2038 2901 2082 2935 ab
2103 2901 2286 2946 aliquibus
