2488 3386
468 331 507 362 12
1039 339 1355 361 annTULAmUM
1391 338 1580 360 umvens.
1617 337 1745 359 PAnts.
2227 324 2324 361 [1351

465 413 634 446 advenire
662 413 834 446 habitudo
862 413 1065 457 aliqualiter
1095 412 1220 453 realis3
1251 419 1283 445 et
1312 412 1394 444 ideo
1422 411 1642 449 intellectus,
1672 411 1797 455 quem⁶
1824 409 1947 450 habui,
1971 410 2091 454 potius
2115 410 2182 442 suit
2208 411 2326 456 expri-

466 479 618 511 mendus
639 480 675 511 in
695 479 765 511 hiis
786 479 907 512 verbis
931 491 937 511 :
956 479 1086 523 Aliqua
1107 485 1267 511 creatura
1289 490 1328 510 se
1346 484 1469 522 posset
1489 476 1693 521 aliqualiter
1708 475 1842 508 habere
1862 475 1907 508 ad
1927 476 2056 517 Deum,
2079 476 2232 520 qualiter
2252 471 2325 510 non

464 557 503 578 se
529 545 646 578 habet.
677 545 887 590 Exemplum
917 545 1020 578 etiam
1047 545 1090 577 ad
1119 544 1391 577 conclusionem
1421 555 1493 576 non
1518 543 1699 583 convenit,
1729 542 1896 587 quoniam
1927 541 2043 575 adhuc
2074 542 2193 587 posito
2227 543 2325 588 quod

463 613 560 644 Deus
591 618 690 656 pater
727 618 846 656 potest
881 623 962 644 esse
998 611 1106 643 homo
1143 617 1177 643 et
1215 622 1287 643 non
1322 621 1404 642 esse
1439 609 1560 650 homo,
1588 609 1734 654 proprie
1762 608 1854 641 hoc⁷
1887 609 2065 653 sequitur,
2098 609 2195 653 quod
2226 610 2323 642 Deus

464 685 582 723 potest
598 690 678 711 esse
695 678 843 722 aliquid,
860 677 957 722 quod
974 690 1045 709 non
1063 677 1357 721 est,—arguitur
1374 688 1416 708 ex
1432 675 1616 716 decretali,
1634 680 1752 715 extra,
1769 674 1812 708 de
1827 675 2007 716 hereticis,
2020 687 2049 708 c.
2063 686 2139 709 cum
2154 676 2324 710 Christus

463 746 518 785 [ΧΤ.
537 756 613 789 cap.
640 745 705 785 7]²³,
725 764 769 768 ——
790 750 819 776 et
846 756 916 776 non
938 743 1103 788 sequitur
1123 743 1281 787 proprie,
1305 742 1402 786 quod
1423 743 1522 774 Deus
1544 748 1644 786 pater
1664 741 1781 786 possit
1799 752 1881 774 esse
1903 741 2081 786 aliqualis,
2107 741 2225 786 qualis
2250 754 2323 775 non

461 817 528 851 est,
550 817 609 843 aut
629 810 831 854 aliqualiter
848 821 886 842 se
905 809 1050 849 habere,
1069 809 1223 853 qualiter
1244 820 1316 841 non
1336 820 1375 841 se
1391 807 1510 840 habet.

549 878 599 908 Ex
620 876 854 908 conclusione
877 875 978 908 tertia
1000 875 1103 907 intuli
1122 875 1265 907 tertium
1283 874 1528 911 corollarium,
1551 874 1648 918 quod
1670 874 1834 919 quamvis
1853 873 1987 907 Jhesus
2007 874 2117 907 fuerit
2135 874 2179 907 ab
2196 881 2322 908 eterno

460 954 604 987 semper
623 942 713 987 patri
734 941 931 986 coequalis,
954 948 1072 974 tamen
1092 941 1285 985 aliquando
1306 941 1370 973 suit
1393 942 1504 979 Deus,
1528 940 1672 985 quando
1696 952 1769 973 non
1790 940 1858 973 fuit
1875 940 2022 973 Jhesus.
2046 941 2147 974 Istud
2168 941 2323 975 corolla-

460 1009 549 1041 rium
574 1023 589 1040 «
608 1008 799 1053 aliquando
819 1007 951 1041 Jhesus
973 1014 1048 1040 erat
1068 1009 1178 1048 Deus,
1197 1007 1341 1051 quando
1361 1006 1494 1040 Jhesus
1515 1019 1587 1039 non
1609 1008 1702 1040 erat⁹
1727 1021 1757 1042 »,
1780 1007 1871 1040 male
1893 1014 1927 1040 et
1948 1006 2100 1040 erronee
2121 1015 2237 1041 sonat.

548 1076 635 1107 Item
658 1087 700 1107 ex
724 1074 959 1106 conclusione
985 1080 1107 1118 quarta
1130 1073 1234 1106 intuli
1261 1080 1426 1117 quartum
1449 1073 1696 1113 corollarium,
1719 1073 1816 1118 quod
1838 1073 1935 1107 filius
1957 1074 2035 1115 Dei,
2062 1074 2206 1118 quando
2232 1074 2322 1108 inci-

458 1141 578 1186 piebat
598 1152 679 1173 esse
700 1140 796 1172 filius
816 1140 993 1184 Virginis,
1016 1152 1087 1172 non
1104 1139 1299 1184 incipiebat
1320 1151 1401 1172 esse
1423 1139 1572 1184 aliquid.
1595 1139 1697 1172 Istud
1718 1139 1964 1181 corollarium,
1982 1146 2090 1185 prout
2111 1140 2322 1175 indistincte

456 1207 612 1251 positum
638 1207 716 1247 suit,
745 1218 873 1239 revoco
902 1206 994 1238 sicut
1016 1217 1207 1238 erroneum
1234 1212 1269 1238 et
1288 1205 1501 1247 hereticum,
1534 1206 1703 1250 quoniam
1725 1206 1822 1239 filius
1849 1207 1928 1245 Dei,
1955 1208 2100 1252 quando
2125 1207 2323 1253 incipiebat

456 1285 537 1306 esse
559 1273 654 1305 filius
671 1272 847 1317 Virginis,
866 1271 1061 1317 incipiebat
1081 1284 1162 1305 esse
1184 1272 1320 1316 aliquid
1337 1272 1538 1305 secundum
1560 1272 1656 1317 quod
1673 1272 1794 1314 homo,
1811 1280 1845 1306 et
1866 1273 2061 1319 incipiebat
2081 1286 2164 1307 esse
2185 1274 2321 1320 aliquid

456 1339 552 1383 quod
574 1339 674 1383 prius
695 1351 767 1371 non
789 1345 875 1371 erat.

544 1407 595 1438 Ex
617 1405 853 1438 conclusione
884 1405 1007 1449 quinta
1037 1404 1140 1437 intuli
1177 1405 1409 1437 corollarium
1447 1405 1627 1446 ultimum,
1669 1406 1767 1450 quod
1803 1418 1987 1451 nunquam
2026 1407 2084 1440 hic
2123 1407 2231 1440 homo
2257 1407 2321 1441 illo

456 1472 701 1504 demonstrato
732 1471 792 1515 qui
818 1477 872 1503 est
899 1470 1081 1510 Christus,
1113 1470 1221 1503 fiebat
1248 1470 1429 1504 Christus.
1458 1472 1501 1504 Et
1521 1471 1671 1516 probavi
1698 1472 1768 1516 [ex]
1795 1484 1837 1505 eo
1859 1473 1956 1517 quod
1985 1485 2051 1506 nec
2078 1485 2192 1518 purus
2213 1473 2321 1507 homo

456 1538 563 1571 fiebat
591 1537 773 1579 Christus⁷
803 1549 868 1570 1166
899 1537 1006 1569 1101ηο
1037 1537 1206 1570 Christus
1235 1537 1342 1570 fiebat
1367 1537 1548 1571 Christus.
1578 1538 1821 1572 Corollarium
1849 1539 1947 1572 istud
1978 1546 2086 1584 prout
2111 1540 2321 1574 indistincte

456 1605 522 1637 fuit
542 1604 712 1649 positum,
735 1615 865 1637 revoco
888 1604 981 1636 sicut
999 1603 1128 1636 salsum
1151 1610 1185 1636 et
1206 1615 1412 1645 erroneum,
1434 1604 1602 1649 quoniam
1626 1604 1662 1637 in
1684 1616 1795 1638 sensu
1819 1617 1890 1650 quo
1917 1604 2025 1638 homo
2051 1606 2321 1640 demonstratus

457 1677 568 1704 staret
587 1682 651 1715 pro
673 1669 747 1702 filio
769 1670 847 1710 Dei,
870 1669 1143 1702 concedendum
1167 1676 1234 1711 est,
1257 1670 1354 1714 quod
1375 1669 1432 1702 hic
1454 1670 1562 1703 homo
1584 1670 1778 1716 aliquando
1800 1671 1909 1704 tiebat
1935 1671 2118 1714 Christus,
2150 1673 2320 1718 quoniam

458 1737 554 1769 filius
580 1736 659 1777 Dei,
681 1736 741 1780 qui
762 1748 856 1768 nunc
878 1742 934 1769 est
953 1735 1074 1777 homo,
1100 1735 1294 1780 aliquando
1316 1735 1423 1769 fiebat
1447 1736 1568 1777 honm,
1597 1737 1740 1770 dicente
1763 1738 1960 1783 Evangelio
1984 1750 1991 1771 :
2015 1753 2031 1769 «
2054 1738 2213 1772 Verbum
2237 1750 2320 1772 caro

458 1804 587 1836 factum
610 1802 697 1835 est¹⁰
717 1816 746 1834 ».

551 1900 620 1923 Bibl.
635 1899 776 1923 Autissiod.
796 1907 845 1922 ms.
861 1900 905 1922 243
921 1902 1005 1929 (antea
1025 1901 1088 1929 206),
1107 1900 1151 1923 fol.
1173 1900 1229 1924 85¹³.
1247 1900 1314 1923 Bibl.
1334 1901 1465 1931 Amplon.,
1485 1901 1511 1924 in
1526 1901 1591 1929 Foi„
1608 1905 1638 1924 11ο
1655 1901 1708 1929 179,
1727 1903 1743 1925 f.
1764 1902 1817 1926 115.
1833 1915 1863 1919 -
1880 1902 1917 1926 Ad
1933 1902 2031 1925 calcem
2043 1903 2102 1926 edd.
2115 1903 2237 1927 Sentent.
2252 1902 2321 1927 Petri

459 1944 608 1973 Lombardi‚
625 1953 650 1967 v.
666 1952 691 1975 g.
710 1944 751 1967 ed.
769 1944 836 1967 1516.
861 1944 1026 1975 D'Argentre,
1048 1944 1113 1968 Coll.
1130 1945 1206 1974 jud„
1223 1945 1242 1972 Ι,
1259 1946 1313 1968 370.
1334 1945 1363 1968 111
1379 1945 1450 1969 Bibl.
1468 1952 1543 1969 max.
1557 1950 1626 1975 pat„
1648 1946 1734 1974 XXVI,
1755 1947 1810 1974 486,
1827 1954 1840 1969 6
1855 1954 1916 1977 qua,
1937 1954 1982 1970 seu
2001 1946 2089 1978 potius
2105 1955 2118 1970 6
2132 1947 2202 1971 Bibl.
2222 1954 2321 1978 mayn.
2361 1975 2364 1978 s

456 1993 526 2019 pat.⁷
543 1989 584 2017 IVy
605 1989 728 2018 Bulaeus,
747 1989 787 2014 lv.
808 1989 866 2016 32&
882 1991 966 2011 textus
983 1989 1083 2011 mendis
1104 1992 1194 2012 scatet.
1212 2002 1242 2006 —
1257 1989 1385 2016 Quisnam
1405 1989 1484 2012 ruerit
1498 1989 1546 2012 iste
1567 1990 1665 2018 Simon,
1687 1990 1828 2013 nescimus.
1849 1991 1972 2014 Fortasse
1991 1990 2061 2014 idem
2076 1994 2117 2014 est
2135 1999 2165 2014 ae
2185 1991 2275 2015 Simon
2290 1991 2322 2015 de

459 2034 565 2061 Brossa,
584 2033 646 2056 Ord.
663 2033 746 2061 Clun.,
762 2032 806 2064 qui
822 2041 863 2056 an.
880 2032 939 2056 1351
959 2033 1140 2063 magisterium
1154 2033 1180 2055 in
1203 2033 1336 2064 theologia
1352 2033 1468 2064 recipere
1487 2034 1585 2062 debuit,
1602 2037 1631 2057 ut
1645 2042 1659 2057 e
1680 2034 1775 2058 litteris
1796 2035 1877 2059 Clem.
1892 2035 1935 2064 Vl,
1951 2043 1994 2059 on.
2011 2036 2080 2063 1350,
2096 2036 2160 2059 Nov.
2182 2036 2219 2064 16,
2239 2035 2322 2067 liquet

460 2077 522 2106 (vid.
539 2085 619 2108 supra
635 2081 663 2099 n0
678 2077 756 2106 1194),
779 2079 807 2099 ut
820 2077 874 2107 jam
894 2076 918 2099 in
942 2077 1081 2106 Chartul„
1100 2078 1130 2105 11,
1149 2086 1176 2108 p.
1193 2078 1247 2106 655,
1260 2080 1312 2100 not.
1329 2078 1366 2106 17,
1382 2078 1591 2107 observavimus,
1608 2078 1771 2110 proindeque
1786 2079 1835 2102 hoc
1852 2087 1920 2102 anno
1938 2088 2000 2103 suas
2018 2079 2153 2111 vesperius
2170 2079 2272 2104 habuit.

555 2161 576 2184 1.
590 2161 647 2184 0111.
667 2161 763 2184 Α111155.
781 2174 806 2178 -
822 2161 844 2184 2.
861 2161 981 2191 Ainplon.
997 2160 1039 2183 hic
1052 2164 1201 2192 corruptus.
1216 2175 1246 2178 —
1259 2162 1281 2184 3.
1294 2161 1356 2184 Μ55.
1371 2162 1432 2185 add.
1447 2170 1458 2184 (ι
1470 2170 1520 2185 11011
1535 2171 1557 2186 1).
1573 2176 1595 2180 -
1613 2164 1636 2185 4.
1651 2163 1709 2186 Aut.
1724 2163 1785 2186 odd.
1801 2172 1812 2186 (ι
1828 2171 1879 2186 11οη
1893 2172 1956 2186 11.-
1972 2165 1994 2186 5.
2012 2164 2071 2187 Aut.
2084 2163 2144 2187 add.
2162 2172 2173 2186 (ι
2189 2171 2240 2187 non
2257 2172 2280 2187 1).
2293 2177 2320 2182 —-

459 2207 482 2228 6.
496 2205 638 2228 Autissiod.
655 2213 706 2228 om.
724 2213 735 2227 t(
751 2213 826 2236 quem
843 2205 923 2227 habui
940 2213 960 2233 1),
976 2208 1001 2228 61
1017 2205 1091 2235 ponit
1106 2214 1116 2227 1(
1131 2205 1174 2236 qui
1193 2215 1215 2229 1ο.
1230 2219 1260 2223 ——
1279 2206 1300 2229 7.
1317 2206 1415 2229 Autiss.
1430 2206 1490 2229 add.
1508 2217 1520 2228 a
1536 2215 1587 2229 non
1606 2215 1628 2230 ».
1645 2220 1670 2224 —
1688 2208 1711 2231 8.
1727 2208 1807 2231 Nemo
1826 2208 1922 2231 audeat
1938 2207 2033 2237 dicere,
2050 2208 2183 2231 Christum
2199 2216 2249 2231 non
2265 2216 2322 2232 esse

458 2249 558 2280 aliquid
574 2249 716 2272 secundum
729 2249 797 2279 quod
811 2249 896 2272 homo.
910 2263 939 2266 -
953 2250 976 2272 9.
994 2249 1036 2272 Sic
1051 2252 1119 2272 recte
1135 2250 1276 2273 Autissiod.
1294 2250 1413 2281 Amplon.
1429 2253 1457 2273 ut
1469 2251 1528 2275 edd.
1546 2265 1572 2268 —
1591 2251 1629 2274 10.
1648 2252 1718 2280 Joh.,
1736 2252 1754 2282 l,
1772 2252 1809 2275 14.

464 2419 604 2456 1202.
629 2430 771 2453 Statutttm
786 2428 912 2453 nationis
927 2428 1098 2454 Picardicae
1114 2428 1149 2454 de
1164 2429 1415 2455 distributionibus
1431 2430 1574 2456 solvendis
1589 2431 1617 2456 in
1632 2430 1733 2457 diebus
1748 2431 1921 2458 solennibus.

1576 2509 1729 2539 1351-7352,
1744 2510 1849 2536 «Ianuar.
1863 2510 1909 2539 20,
1922 2510 2035 2536 Parisii&-

504 2588 692 2621 Universis
721 2594 909 2632 presentes
942 2588 1079 2620 litteras
1112 2589 1346 2633 inspecturis,
1371 2602 1498 2623 omnes
1529 2597 1564 2623 et
1589 2591 1726 2636 singuli
1756 2592 1920 2637 magistri
1948 2592 2105 2625 nationis
2135 2592 2319 2625 Picardice

458 2661 628 2699 regentes
654 2654 813 2686 Parisius
842 2654 878 2685 in
903 2654 1031 2686 artium
1057 2655 1238 2696 facultate,
1265 2656 1416 2688 salutem
1439 2657 1475 2688 in
1496 2656 1571 2690 filio
1591 2658 1756 2703 Virginis
1777 2658 1953 2703 gloriose.
1970 2658 2026 2691 Ad
2049 2659 2220 2702 majorem
2242 2659 2318 2691 Deo

458 2727 493 2753 et
512 2720 655 2765 Virgini
681 2721 759 2764 ejus
784 2720 953 2764 genitrici
975 2721 1085 2753 Marie
1108 2722 1343 2754 reverentiam
1367 2722 1403 2754 in
1425 2723 1558 2756 divinis
1580 2723 1708 2757 officiis
1730 2724 1983 2766 exhibendam,
2009 2736 2076 2757 nos
2097 2724 2141 2757 ad
2163 2731 2317 2757 statuen-

458 2787 540 2819 dum
571 2786 687 2819 vocati
717 2786 917 2818 solenniter
946 2786 1039 2830 apud
1062 2787 1228 2819 Sanctum
1255 2787 1435 2820 Julianum
1463 2790 1661 2834 Pauperem
1688 2790 1849 2823 Parisius
1875 2797 1910 2823 et
1934 2790 2068 2823 ibidem
2090 2790 2316 2835 congregati,

457 2853 646 2886 statuimus
671 2852 900 2884 concorditer
921 2852 957 2884 in
980 2851 1074 2884 hunc
1096 2853 1256 2893 modium
1283 2854 1379 2898 quod
1407 2854 1576 2888 decetero
1599 2856 1709 2889 misse
1736 2863 1768 2889 et
1793 2868 1945 2901 vespere
1972 2857 2008 2889 in
2028 2857 2132 2889 festis
2155 2856 2316 2901 predicte
