2488 3386
176 349 273 386 1373]
594 362 640 383 ΑΒ
675 362 780 383 ΑΝΝΟ
814 361 945 383 MCCCL
979 361 1110 389 USQUE
1146 361 1193 382 An
1229 361 1492 383 BENEnic'rUM
1523 362 1612 382 xus.
1971 353 2032 385 211

174 436 282 468 iidem
305 442 517 480 procurator
536 442 571 467 et
592 442 758 480 receptor
779 447 843 480 per
864 447 902 467 se
923 434 979 468 vel
1001 435 1108 467 alium
1132 446 1195 466 seu
1217 434 1307 467 alios
1329 435 1636 479 dispensationem
1665 447 1728 479 por
1749 447 1811 467 sua
1832 437 2035 479 juramenta

174 509 345 547 poterunt
376 513 582 547 procurare,
616 508 752 534 retenta
783 501 1041 534 nichilominus
1076 500 1189 533 libera
1222 500 1327 533 nobis
1364 507 1539 545 potestate
1575 513 1685 545 super
1714 501 1849 542 bursis,
1881 502 2035 535 bedellis

174 569 310 602 nostris
344 580 387 601 ex
420 568 533 613 gratia
568 568 706 612 pluries
740 568 941 609 concessis,
973 567 1003 600 si
1039 567 1175 600 nationi
1210 567 1398 612 placuerit,
1431 567 1635 599 ordinandi.
1668 568 1882 600 intentionis
1919 575 2034 601 tamen

174 642 297 668 nostre
327 647 400 668 non
429 635 550 668 existit
576 634 683 667 alicui
711 641 918 667 nostrorum
944 640 1159 667 statutorum
1190 645 1255 678 per
1280 640 1470 678 presentes
1498 634 1689 678 derogare,
1712 634 1782 666 nisi
1806 635 1842 667 in
1864 642 2033 679 quantum

174 701 334 747 presenti
354 708 486 734 statuto
508 701 697 734 videantur
717 700 876 734 obviare.
900 702 940 733 ln
962 712 1114 745 quorum
1138 701 1296 733 omnium
1320 700 1565 733 testimonium
1587 706 1622 732 et
1642 701 1826 733 munimen
1848 708 2036 745 presentes

174 768 422 801 mandavimus
446 774 481 800 et
499 768 652 800 fecimus
673 767 785 812 sigilli
807 767 921 800 nostri
948 767 1150 799 communis
1171 767 1394 811 appensione
1416 767 1643 807 communiri,
1670 767 1902 811 presentibus
1923 768 2036 800 hono-

175 834 350 867 rabilibus
376 841 411 867 et
439 834 703 879 circunspectis
730 834 818 867 viris
849 834 1033 879 magistris
1058 833 1221 866 Johanne
1252 833 1296 866 de
1327 833 1513 878 Dyodona,
1537 832 1744 866 baccalareo
1774 834 1809 865 in
1839 834 2034 879 theologia,

171 900 305 934 Jacobo
327 901 423 933 dicto
443 901 606 941 Juvenis,
624 900 787 933 Johanne
809 900 853 933 de
873 900 1042 940 Trelon³,
1066 901 1170 933 Petro
1193 900 1236 932 de
1259 900 1358 944 Ripa,
1377 899 1524 932 Nicolao
1545 899 1740 943 Jongleti'*,
1757 900 1918 933 Johanne
1941 901 2036 933 dicto

171 967 371 1008 Walkier⁵‚
393 967 556 1000 Johanne
577 967 621 1000 de
644 967 859 1012 l)unghen⁶,
881 966 1044 1000 Johanne
1066 967 1110 999 de
1130 966 1346 1011 Chyniaco⁷7
1368 966 1531 999 Johanne
1553 966 1597 998 de
1626 967 1770 1007 Ponte*7
1793 967 1970 1000 Godsrido
1993 968 2036 1000 do

174 1033 306 1075 Blesia,
328 1034 470 1069 Ostone
497 1034 542 1066 de
562 1034 669 1074 Villa,
692 1033 906 1079 regentibus
928 1041 962 1066 et
989 1046 1061 1066 non
1090 1033 1315 1078 regentibus,
1340 1032 1580 1077 pluribusque
1607 1032 1686 1065 aliis
1708 1034 1891 1078 magistris
1914 1041 2036 1067 nostre

173 1100 330 1133 nationis
352 1100 422 1133 fide
443 1100 565 1146 dignis
587 1112 698 1145 super
718 1100 921 1145 premissis,
944 1107 983 1133 ut
1004 1101 1196 1145 prefertur,
1219 1099 1425 1144 specialiter
1445 1100 1665 1132 convocatis.

266 1207 334 1230 Bibl.
346 1210 400 1230 nat.
418 1207 501 1230 Puris.
517 1215 580 1230 mss.
594 1207 638 1230 lat.
656 1207 731 1230 12847
748 1207 904 1238 (apograph.
922 1209 992 1236 νεα),
1009 1208 1052 1230 sol,
1067 1208 1127 1235 399;
1143 1208 1228 1233 12849,
1246 1208 1288 1230 sol.
1306 1207 1359 1230 30¹².
1377 1208 1403 1230 lu
1418 1216 1465 1231 ms.
1479 1208 1599 1238 sequitur
1615 1216 1619 1230 ·.
1639 1217 1648 1228 «
1668 1208 1732 1230 Huic
1748 1208 1921 1230 instrumento
1937 1216 2037 1239 appen-

173 1260 231 1274 sum
247 1255 287 1275 est
301 1260 425 1283 magnum
442 1251 510 1274 dirte
524 1251 639 1274 nationis
655 1251 774 1282 sigillum
790 1260 847 1274 cere
865 1252 951 1274 rubre.
965 1265 996 1268 —
1012 1252 1064 1274 Hoc
1080 1252 1283 1274 instrumentum
1299 1252 1423 1274 collatum
1439 1252 1487 1274 suit
1502 1255 1527 1274 et
1542 1252 1703 1282 recognitum
1721 1261 1768 1283 per
1783 1260 1823 1275 me
1840 1252 1952 1275 scribam
1973 1253 2039 1283 ejus-

173 1296 231 1320 dem
254 1296 439 1320 Universitatis
463 1296 648 1327 subsignatum
670 1295 778 1319 Parisiis
804 1304 871 1318 anno
897 1296 999 1318 Domini
1023 1296 1163 1319 millesimo
1186 1296 1371 1319 sexcentesimo
1401 1296 1620 1327 quiuquagesimo
1643 1297 1742 1327 quinto,
1766 1297 1807 1319 die
1828 1297 1914 1327 primu
1942 1297 2038 1319 mensis

174 1341 345 1372 Septembris.
362 1341 524 1368 quNTAmE.
542 1349 552 1362 n
569 1354 599 1358 --
616 1341 739 1369 Bulaeus,
754 1341 796 1369 lv,
811 1341 867 1364 439.

267 1434 289 1456 1.
306 1433 363 1457 Bul.
380 1441 521 1464 perperam
537 1442 548 1456 (ι
563 1433 637 1456 sestis
654 1442 676 1457 i).
692 1447 722 1450 ——
743 1434 765 1456 2.
785 1433 843 1457 Bul.
860 1434 936 1457 offert
949 1433 990 1456 hic
1006 1436 1105 1456 textum
1123 1433 1229 1456 omnino
1249 1441 1378 1456 mancum.
1398 1433 1483 1456 Secuti
1503 1442 1592 1456 sumus
1608 1442 1670 1456 mss.
1687 1448 1717 1450 —
1734 1435 1757 1457 3.
1775 1434 1833 1465 Ipse
1852 1442 1893 1457 un.
1911 1434 1968 1456 1371
1984 1434 2037 1465 jam

173 1478 206 1501 ab
228 1481 286 1500 octo
304 1478 380 1501 annis
400 1477 426 1500 in
449 1481 499 1501 nrt.
514 1477 580 1508 legit
597 1481 622 1501 et
636 1486 678 1501 nn.
693 1478 753 1501 1373
769 1486 862 1501 cursus
880 1478 988 1509 iusuper
1009 1478 1034 1500 in
1057 1478 1146 1505 theol„
1164 1486 1221 1500 cum
1235 1478 1289 1509 jum
1306 1478 1345 1500 bis
1363 1478 1455 1500 suisset
1475 1478 1596 1501 Univers.
1613 1482 1697 1501 rector
1716 1479 1787 1509 (lh-g.
1806 1479 1884 1501 Aven.
1902 1478 1980 1509 Grcg.
1997 1479 2037 1507 xl,

173 1522 226 1546 vol.
242 1523 283 1551 lx,
301 1523 318 1546 f.
331 1522 402 1549 4471),
422 1522 454 1545 ad
473 1530 515 1545 an.
532 1522 612 1552 1371).
628 1522 684 1545 Vid.
702 1530 783 1553 supra
805 1531 831 1553 p.
849 1524 888 1550 93,
905 1526 957 1545 not.
975 1523 1013 1546 18.
1030 1536 1059 1539 ——
1076 1523 1099 1545 li.
1118 1523 1165 1545 Ms.
1186 1530 1191 1545 ⁴.
1210 1531 1220 1545 (ι
1240 1522 1271 1545 de
1291 1522 1392 1552 Nogleti
1409 1531 1429 1545 ι).
1449 1523 1507 1546 Bul.
1520 1530 1525 1545 2
1540 1531 1550 1545 (‹
1562 1523 1685 1553 Jonghoti
1705 1531 1726 1548 n.
1748 1523 1805 1546 Yid.
1824 1531 1904 1553 supra
1923 1528 1951 1545 n⁰
1972 1523 2038 1551 1307,

173 1566 275 1590 Picard.
293 1580 323 1584 -—
338 1569 361 1590 5.
377 1567 425 1590 Με-
443 1570 468 1590 et
485 1567 543 1590 Bul.
563 1575 568 1590 :
588 1576 598 1589 i<
614 1566 721 1590 Waltier
735 1575 756 1595 »5
773 1567 819 1590 sed
835 1570 864 1590 ut
878 1575 959 1598 supra
980 1567 1004 1589 in
1021 1568 1084 1597 Reg.
1102 1568 1180 1590 Avcn.
1197 1567 1275 1597 Grrg.
1293 1567 1333 1593 XI,
1350 1567 1400 1590 vol.
1417 1567 1446 1594 V,
1465 1569 1481 1590 f.
1502 1568 1556 1592 1176.
1578 1568 1609 1589 ad
1626 1576 1667 1590 nn.
1692 1568 1757 1595 1371,
1775 1568 1833 1590 dan.
1855 1568 1892 1594 27,
1914 1576 1972 1589 cum
1985 1568 2039 1598 jum

172 1611 254 1635 theol.
274 1611 384 1639 studuit,
400 1614 425 1634 et
444 1619 485 1634 an.
503 1612 563 1634 1375
584 1611 668 1641 (ihid.‚
684 1611 736 1634 vol.
751 1612 837 1639 XXVI,
857 1613 874 1635 s.
893 1612 956 1641 372),
976 1611 1057 1635 dioec,
1077 1612 1217 1634 Mox-inens.
1241 1613 1296 1634 —6.
1310 1612 1377 1635 Ms.-.
1394 1620 1405 1633 (ι
1418 1612 1536 1642 Dumglie
1553 1621 1574 1635 υ.
1596 1613 1641 1634 An.
1660 1613 1729 1636 1308,
1751 1620 1808 1635 cun.
1825 1613 1851 1634 S.
1863 1612 1990 1634 johannis
2014 1612 2039 1634 in

174 1655 334 1679 Buscoducis
347 1656 418 1686 (Reg.
431 1657 510 1679 Aven.
527 1655 591 1679 Urb.
603 1656 633 1685 V,
649 1656 700 1679 vol.
717 1656 768 1686 XX,
786 1657 803 1679 s.
817 1657 882 1685 340).
897 1670 922 1673 -
939 1657 960 1679 7.
977 1657 1024 1679 Ms.
1040 1664 1044 1678 z
1060 1665 1069 1677 α
1089 1657 1199 1687 Symuco
1215 1664 1235 1679 ».
1252 1670 1275 1672 —
1290 1657 1312 1679 8.
1330 1656 1387 1678 Bul.
1402 1664 1407 1678 ’.
1425 1664 1436 1678 «
1456 1657 1539 1679 Pence
1561 1666 1580 1679 υ.
1601 1657 1628 1679 lu
1646 1657 1705 1685 Πομ.
1724 1658 1769 1681 Av.
1782 1657 1861 1687 Grcg.
1874 1657 1914 1683 XI,
1933 1657 1982 1680 vol.
1998 1657 2037 1684 lx,

175 1701 191 1723 f.
210 1701 254 1724 507
271 1700 314 1729 (ad
329 1708 371 1723 an.
389 1700 468 1730 1371),
483 1700 606 1723 additur:
625 1708 635 1722 «
652 1700 718 1723 alias
732 1700 763 1723 de
779 1700 911 1723 Pitrehein
929 1708 950 1728 »,
966 1700 1028 1723 cler¹
1046 1700 1123 1724 Leod.
1143 1700 1236 1729 dioec.‚
1254 1700 1382 1723 scholaris
1396 1700 1421 1723 iu
1438 1701 1516 1724 theol.

179 1893 319 1930 1385.
345 1902 495 1937 Gregorius
507 1903 550 1928 XI
560 1902 695 1937 (Iohanni
711 1902 746 1928 de
764 1902 876 1936 Calore)
891 1902 1066 1929 cancellario
1082 1903 1176 1928 Paris.
1194 1904 1324 1936 injungit,
1341 1906 1370 1928 ut
1383 1902 1507 1927 Johunni
1519 1902 1554 1927 de
1570 1903 1702 1933 Cruone'⁷
1721 1902 1785 1928 Orcl.
1803 1905 1871 1936 frat.
1890 1903 1913 1928 b.
1929 1904 2041 1928 Mariae

263 1951 298 1977 de
314 1952 410 1977 Monte
426 1951 558 1986 Carmeli,
578 1951 687 1977 baccal.
706 1951 734 1977 in
751 1951 846 1986 theol„
861 1960 915 1987 pro
931 1960 985 1987 quo
1001 1951 1182 1977 Raimundus
1198 1952 1283 1987 episc.
1303 1952 1525 1977 Praenestinus³
1536 1951 1716 1987 supplicarit,
1731 1953 1939 1987 quamprimum
1951 1952 2038 1977 alium

264 2000 464 2026 baccalareum
482 2001 510 2025 in
526 2001 626 2026 eadem
641 2000 785 2034 facultate
798 2000 838 2026 ad
851 2001 1012 2035 magisterii
1025 2000 1156 2026 honorem
1169 2000 1350 2036 promovebit,
1367 2000 1489 2026 docendi
1503 2000 1646 2025 licentiam
1661 2000 1812 2034 largiatur.
1824 2002 1887 2026 Dat.
1899 2002 2039 2027 Avinione

262 2049 300 2082 xij
317 2049 373 2075 kal.
389 2049 497 2079 Marcii,
514 2057 592 2075 anno
607 2049 705 2075 tercio.
725 2059 738 2073 κ
754 2049 811 2075 Viri
826 2057 903 2076 sacre
920 2059 944 2074 n.

1334 2095 1407 2123 1373,
1423 2094 1555 2120 Februarii
1568 2095 1605 2123 18,
1622 2094 1752 2120 Ανθηίοηε.

267 2151 330 2182 Reg.
347 2151 404 2174 vat.
417 2152 498 2174 Aven.
514 2151 634 2182 Gregorii
653 2151 695 2181 XI,
710 2151 762 2174 vol.
779 2151 843 2180 XIX,
861 2151 905 2179 fol,
922 2151 976 2173 851³.

267 2244 289 2267 1.
307 2244 491 2267 Verisimiliter
512 2244 556 2267 ille
578 2244 711 2267 Johannes
730 2243 857 2275 Philippi,
880 2244 1030 2271 Carmenta,
1052 2244 1095 2275 qui
1112 2244 1137 2266 in
1159 2244 1248 2268 Catal.
1267 2244 1358 2268 licem.
1379 2245 1452 2273 (mss.
1479 2244 1524 2267 lat.
1549 2244 1617 2267 Bibl.
1643 2248 1695 2268 nat.
1720 2246 1797 2268 5057st
1819 2248 1843 2267 et
1867 2245 1948 2273 12850)
1973 2245 2039 2267 iuter

173 2288 320 2311 licentiatos
342 2296 385 2312 an.
409 2289 543 2312 1374-1375
565 2288 683 2311 affertur.
708 2302 733 2305 —
753 2289 776 2311 2.
797 2288 959 2311 Raimundus
982 2289 1013 2311 de
1033 2288 1158 2315 Canillac,
1180 2288 1213 2311 ub
1235 2297 1276 2311 nn.
1300 2289 1369 2315 1345,
1394 2289 1519 2311 Novemb.
1542 2290 1580 2317 28,
1606 2298 1665 2312 cum
1686 2293 1755 2312 esset
1783 2289 1949 2320 praepositus
1975 2290 2038 2312 cccl.

174 2333 316 2363 Magalon„
339 2333 495 2364 archiepisc.
519 2333 608 2356 Tolos.
633 2333 706 2363 (fleg.
726 2333 782 2355 Vat.
804 2333 885 2357 Clem.
902 2333 943 2362 VI,
962 2337 990 2356 n⁰
1008 2334 1061 2361 169,
1080 2341 1122 2363 ep.
1138 2333 1185 2362 25),
1206 2341 1247 2356 an.
1264 2333 1333 2360 1350,
1351 2333 1470 2356 Decemb.
1489 2333 1527 2357 17.
1543 2334 1615 2356 card.
1636 2334 1662 2357 S.
1684 2334 1774 2356 Crucis
1791 2334 1951 2363 (Contelm-i),
1969 2334 2038 2362 1361,

172 2377 297 2400 Novemb.
314 2377 352 2405 11,
368 2377 450 2408 episc.
466 2377 660 2401 Praenestinus.

179 2525 321 2562 1386.
350 2535 501 2569 Gregorius
523 2537 565 2560 Xl
585 2535 720 2570 (Iohanni
740 2535 775 2561 de
795 2535 907 2567 Calore)
925 2534 1100 2560 cancellario
1128 2535 1233 2565 Paris„
1258 2538 1287 2559 ut
1305 2534 1452 2560 Guillelmo
1472 2534 1507 2560 dr*
1530 2537 1674 2567 Cremona,
1696 2535 1761 2561 ord,
1782 2537 1859 2567 Min„
1877 2536 2040 2571 provinciae

265 2585 371 2610 Bonon.
391 2584 528 2619 ministro,
547 2585 596 2619 qui
611 2584 678 2610 olim
694 2593 747 2620 per
769 2584 903 2610 Ordinem
918 2593 999 2609 suum
1015 2587 1162 2619 promotus
1178 2584 1234 2617 fuit
1257 2583 1297 2608 ad
1314 2583 1546 2609 baccalareanmz
1564 2585 1719 2610 Pm-isiens.
1739 2588 1766 2609 et
1784 2585 1811 2609 in
1833 2584 1927 2609 rodem
1944 2584 2039 2609 sludio

264 2632 367 2658 librum
391 2634 602 2658 Sententiarum
621 2633 743 2669 perlegit
759 2637 785 2659 et
802 2633 830 2658 in
850 2643 872 2658 s.
897 2633 980 2658 theol.
1006 2632 1149 2666 facultate
1175 2632 1249 2657 alios
1272 2636 1354 2657 actus
1376 2632 1563 2658 scholasticos
1589 2633 1628 2657 ud
1652 2634 1742 2668 ipsum
1767 2634 1941 2668 pertinentes*
1966 2633 2041 2657 circa

264 2681 410 2707 licentiam
423 2681 463 2707 ad
478 2682 674 2716 magisterium
691 2682 719 2707 in
735 2682 811 2707 dicto
827 2682 932 2715 studio,
951 2682 1137 2717 responsione
1153 2681 1240 2706 (culae
1256 2681 1411 2706 dumtaxat
1429 2685 1558 2717 ε’,ιί-εψία7
1578 2683 1707 2717 pei-serii„
1727 2682 1803 2715 infra
1820 2691 1903 2706 unum
1921 2690 2040 2706 inensem

264 2739 324 2755 cum
350 2730 469 2756 dimidio
495 2731 655 2765 magisterii
677 2731 809 2756 honorem
832 2734 859 2756 et
882 2730 1005 2756 docendi
1026 2730 1171 2755 licentiam
1193 2731 1222 2755 in
1243 2730 1343 2755 eadem
1364 2730 1518 2764 facttllato,
1543 2740 1604 2755 cuin
1623 2734 1740 2765 propter
1760 2740 1841 2755 suum
1863 2731 1982 2762 officium
2003 2730 2041 2754 sit

264 2778 419 2814 impeditus
435 2779 611 2813 continuare,
630 2779 782 2814 largiatur.
801 2780 864 2805 Dat.
883 2779 1025 2805 Avinione
1041 2787 1111 2805 non.
1129 2779 1231 2807 Martii,
1248 2787 1326 2804 anno
1343 2780 1437 2805 tertio.
1457 2790 1469 2802 «
1487 2780 1545 2804 Viri
1558 2787 1634 2805 sacre
1651 2790 1675 2804 u.

1403 2873 1476 2901 7373,
1492 2874 1578 2898 Martii
1592 2874 1612 2900 7,
1629 2873 1757 2898 Aremone.

269 2908 331 2938 Reg.
347 2908 404 2931 vae.
418 2908 498 2931 Aven.
514 2908 635 2939 Gregorii
651 2908 693 2937 xi,
711 2907 763 2931 vol.
781 2909 846 2937 XIX,
861 2908 904 2931 sol.
924 2907 978 2930 100.
