2488 3386
458 339 523 370 504
1035 348 1350 370 cimai-umanum
1387 349 1574 371 UNIVERS.
1613 348 1740 370 rmus.
2221 335 2318 372 [1387

549 423 602 454 11³
623 416 693 462 est,
720 422 816 466 quod
844 422 880 454 in
902 422 997 454 dicto
1020 433 1195 466 processu
1223 433 1341 454 coram
1365 421 1460 454 dom.
1488 422 1662 467 episcopo
1684 422 1720 454 in
1741 421 1911 454 omnibus
1940 433 2085 466 semper
2113 421 2320 456 admonitus

457 488 523 520 fuit
549 488 744 532 inquisitor
763 487 922 521 heretice
943 488 1142 533 pravitatis,
1165 494 1226 520 aut
1250 489 1330 532 ejus
1353 488 1601 533 vicesgerens,
1633 495 1670 521 ut
1695 500 1734 521 se
1761 488 1797 520 in
1821 487 1886 521 hac
1912 499 2019 521 causa
2039 489 2140 533 juxta
2170 489 2317 522 formam

451 554 546 598 juris
573 554 805 599 adjungeret,
838 555 899 599 qui
930 561 1047 587 tamen
1078 554 1216 599 pluries
1248 561 1458 587 reverenter
1477 561 1626 588 vocatus
1653 566 1862 599 comparere
1890 561 1950 587 aut
1978 554 2095 587 noluit
2123 561 2183 588 aut
2211 555 2319 588 dissi-

456 620 615 653 mulavit.
1947 608 1949 610 ³

546 687 600 719 12·Ί
621 694 686 727 est,
712 688 809 732 quod
832 694 898 720 tam
921 688 1013 720 dicta
1043 687 1192 720 facultas
1221 699 1326 732 quam
1355 688 1552 733 episcopus
1577 688 1690 721 Paris.
1720 688 1901 732 predictas
1923 688 2194 721 ordinacionem
2216 700 2316 721 suam

455 759 488 785 et
510 754 731 786 sentenciam
753 765 897 799 semper
918 754 1164 787 ordinacionis
1186 765 1215 786 s.
1239 754 1338 787 sedis
1364 754 1564 799 apostolice
1586 754 1837 787 submiserunt
1857 761 1891 787 et
1912 754 2141 787 submittunt.

545 821 600 853 13³
619 827 685 861 est,
705 820 802 865 quod
820 820 938 853 dictus
954 821 996 853 sr.
1014 820 1198 853 Johannes
1220 827 1343 853 contra
1365 821 1563 865 premissas
1579 821 1750 854 veritates
1770 821 1880 854 multa
1902 821 2043 854 notorie
2063 821 2151 854 falsa
2171 821 2259 855 alias
2280 822 2316 854 in

452 886 672 919 consistorio
695 887 931 931 proponendo
952 887 1120 928 asseruit,
1139 893 1175 919 et
1197 887 1306 920 multa
1328 887 1417 920 dixit
1437 887 1613 932 injuriosa
1634 894 1757 920 contra
1778 887 1895 920 dictos
1916 887 2127 932 episcopum
2150 894 2186 921 et
2205 888 2317 934 magi-

453 959 549 985 stros
581 952 786 998 theologice
815 953 1007 995 facultatis,
1037 960 1071 986 et
1100 953 1307 998 specialiter
1337 965 1400 986 eos
1437 953 1647 987 Manicheos
1677 960 1713 986 et
1740 953 1922 987 hereticos
1952 954 2186 995 nominando,
2218 954 2316 999 quod

452 1025 570 1051 tamen
590 1019 661 1064 ipsi
681 1019 718 1051 in
739 1020 815 1052 suis
837 1019 1135 1053 ordinacionibus
1160 1020 1217 1053 vel
1245 1020 1444 1053 sentenciis
1465 1020 1509 1053 de
1532 1032 1573 1053 eo
1596 1032 1668 1053 non
1694 1020 1870 1061 dixerant,
1898 1032 1964 1053 nec
1989 1020 2143 1065 aliquam
2169 1033 2315 1054 suarum

450 1085 745 1130 proposicionum
768 1085 961 1119 hereticam
984 1087 1268 1120 nominaverant.

540 1153 595 1184 14·Ἰ
616 1159 682 1193 est,
708 1153 805 1197 quod
826 1153 862 1185 in
883 1153 980 1186 dicto
1001 1154 1222 1186 consistorio
1243 1154 1322 1198 ipse
1348 1154 1385 1186 in
1406 1154 1513 1186 dictis
1535 1153 1613 1187 suis
1634 1153 1884 1198 multipliciter
1906 1153 2068 1195 variavit,
2091 1153 2173 1198 quia
2194 1153 2261 1187 alia
2282 1161 2318 1188 et

449 1217 558 1263 longe
575 1218 689 1259 aliter,
709 1230 813 1263 quain
835 1219 995 1252 Parisius
1012 1219 1162 1261 dixerat,
1181 1219 1316 1253 ibidem
1338 1221 1542 1265 proposuit,
1561 1226 1595 1253 et
1613 1220 1726 1253 eciam
1743 1232 1862 1253 coram
1881 1219 2039 1253 dominis
2055 1220 2315 1254 commissariis

447 1284 514 1317 alia
542 1284 715 1327 exhibuit,
744 1297 848 1330 quam
878 1286 913 1318 in
942 1286 1161 1319 consistorio
1190 1286 1346 1328 dixerat3
1378 1293 1413 1319 et
1439 1287 1591 1332 insuper
1611 1287 1647 1319 in
1678 1286 1826 1332 querela
1855 1298 1918 1319 sua
1943 1286 2001 1319 vel
2029 1286 2313 1332 supplicacione,

447 1363 558 1396 super
579 1364 645 1396 qua
667 1351 793 1385 citacio
814 1352 992 1385 dictorum
1016 1353 1180 1398 episcopi
1201 1360 1236 1386 et
1256 1354 1513 1397 Universitatis
1536 1353 1753 1399 surrepticie
1775 1354 1962 1398 impetrata
1983 1360 2051 1394 est,
2073 1353 2183 1386 multa
2203 1354 2316 1387 mani-

445 1418 537 1450 feste
559 1418 681 1463 posuit
706 1425 741 1451 et
765 1418 801 1451 in
822 1419 875 1451 eis
901 1431 940 1452 ac
968 1419 1176 1464 specialiter
1204 1420 1240 1452 in
1270 1420 1421 1465 quadam
1453 1421 1677 1462 assercione,
1708 1432 1778 1465 que
1808 1419 2088 1465 repugnanciam
2117 1419 2253 1453 claudit
2280 1427 2314 1454 et

446 1483 603 1517 heresim
625 1485 787 1518 continet
806 1485 1028 1530 implicitam,
1048 1498 1148 1519 suain
1169 1487 1333 1520 frivolam
1357 1487 1642 1532 appellacionem
1664 1487 1882 1520 sundavit....

534 1551 702 1584 Ceterum
724 1552 821 1596 quod
842 1552 920 1597 ipse
942 1552 986 1585 de
1008 1553 1234 1597 quorundam
1256 1554 1341 1587 odio
1362 1554 1611 1598 conqueritur,
1636 1554 1667 1586 si
1693 1565 1787 1598 equo
1807 1553 1927 1586 animo
1947 1553 2214 1595 consideretur,
2242 1553 2309 1586 hoc

444 1616 623 1662 allegasse
644 1618 795 1663 pudebit
813 1630 819 1651 :
843 1619 1026 1663 quomodo
1049 1620 1143 1652 enim
1166 1621 1271 1653 trium
1295 1627 1356 1653 aut
1376 1632 1587 1665 paucorum,
1607 1627 1644 1653 ut
1663 1620 1742 1665 ipse
1763 1620 1824 1661 ait,
1843 1620 1964 1653 odium
1988 1626 2040 1652 tot
2054 1617 2171 1653 varias
2192 1620 2313 1654 diver-

444 1695 569 1716 sorum
591 1684 775 1717 hominum
797 1692 937 1719 mentes
959 1698 1129 1720 excecare
1157 1687 1349 1732 potuisset,
1378 1694 1413 1720 et
1438 1700 1456 1720 a
1485 1687 1573 1720 recti
1599 1687 1740 1732 judicio
1762 1687 1995 1720 dismovere?
2021 1686 2185 1729 Qualiter
2205 1693 2258 1720 tot
2277 1692 2313 1720 et

444 1757 539 1783 tante
561 1750 757 1792 literature,
783 1752 1016 1786 discretionis
1038 1765 1077 1786 ac
1099 1753 1289 1798 probitatis
1308 1754 1407 1787 viros
1432 1754 1469 1786 in
1490 1766 1596 1787 unam
1617 1753 1849 1786 concordiam
1870 1753 2055 1786 adunare?
2075 1753 2167 1786 Sunt
2186 1759 2311 1786 contra

443 1816 552 1861 hujus
572 1818 692 1851 fratris
718 1819 947 1852 asserciones
967 1820 1079 1854 multa
1105 1820 1245 1861 mz'l[l]ia
1270 1827 1390 1854 vestre
1412 1820 1561 1854 humilis
1582 1833 1621 1854 ac
1642 1821 1772 1854 devote
1801 1820 2061 1854 Universitatis
2090 1820 2313 1854 Parisiensis

440 1884 660 1928 supposz'ta⁶,
684 1885 777 1918 inter
798 1898 867 1930 que
889 1886 1035 1930 plurimi
1057 1894 1142 1920 sunt
1161 1887 1331 1920 doctores
1353 1895 1388 1920 et
1407 1887 1616 1929 bachalarii,
1638 1887 1823 1920 exercitati
1844 1893 1879 1919 et
1899 1886 2019 1919 edocti
2049 1886 2085 1918 in
2106 1885 2312 1932 theologica

443 1949 652 1995 disciplina;
672 1959 756 1984 sunt
772 1952 922 1997 insuper
938 1952 1046 1998 hujus
1068 1954 1255 1987 sentencie
1277 1954 1395 1987 dictus
1417 1954 1636 1987 Parisiensis
1657 1954 1853 1999 episcopus
1875 1965 1955 1986 cum
1976 1952 2133 1998 capitulo
2156 1952 2312 1986 ecclesie

443 2028 520 2058 sue,
551 2024 721 2063 totusque
752 2030 815 2051 sue
844 2019 1012 2064 dyocesis
1043 2020 1163 2053 clerus
1192 2027 1227 2053 et
1256 2021 1431 2066 populus:
1459 2028 1545 2054 sunt
1573 2033 1652 2054 cum
1682 2021 1735 2053 eis
1765 2026 1967 2053 conventus
1997 2019 2104 2052 trium
2133 2019 2310 2053 Ordinum

443 2084 730 2117 mendicancium
763 2086 936 2127 Parisius,
969 2093 1004 2119 et
1032 2087 1181 2119 aliarum
1212 2087 1370 2132 plurium
1399 2088 1614 2133 dyocesum;
1639 2094 1725 2120 sunt
1746 2093 1931 2132 postremo
1952 2086 1989 2119 in
2018 2085 2084 2119 hac
2115 2085 2311 2119 concordia

442 2149 599 2194 plurium
625 2151 821 2193 civitatum,
847 2153 1136 2195 universitatum,
1161 2161 1195 2187 et
1219 2154 1459 2200 collegiorum
1482 2166 1699 2188 consensus.
1724 2155 1767 2186 Et
1790 2152 2011 2198 generaliter
2032 2153 2190 2198 idipsum
2216 2164 2309 2198 pene

442 2228 568 2249 omnes
590 2218 725 2250 sentire
742 2219 924 2260 videntur,
947 2220 990 2252 ad
1012 2232 1103 2265 quos
1124 2220 1233 2265 hujus
1254 2233 1362 2254 cause
1384 2222 1510 2254 notitia
1532 2221 1795 2266 propalatur....

536 2337 553 2358 E
572 2337 684 2359 secunda
701 2338 893 2368 Propositione
905 2342 981 2369 facta
993 2340 1023 2363 in
1042 2340 1211 2364 Consistorio
1223 2347 1275 2371 per
1289 2340 1407 2365 Petrum
1422 2342 1455 2364 de
1470 2340 1589 2371 Allyaeo
1603 2345 1704 2365 contra
1716 2341 1777 2364 Joh.
1793 2341 1827 2364 de
1842 2340 2007 2364 Montesono
2024 2339 2051 2362 in
2067 2339 2137 2362 Bibl.
2155 2343 2209 2363 nat.
2223 2340 2308 2363 Puris.

443 2387 491 2402 ms.
510 2380 555 2403 lat.
576 2381 644 2409 3122,
664 2382 708 2405 sol.
724 2382 759 2411 3¹2,
775 2382 802 2405 ω)
818 2391 857 2414 sq.
876 2397 908 2401 —
926 2384 1049 2414 Bulaeus,
1066 2385 1106 2413 1v,
1128 2386 1183 2411 627,
1199 2386 1258 2413 629;
1278 2385 1343 2415 opp.
1363 2385 1500 2413 Gersonii,
1516 2386 1556 2409 ed.
1574 2385 1670 2416 Dupiu,
1685 2385 1704 2412 1,
1723 2385 1776 2414 702,
1796 2385 1841 2407 704
1857 2392 1906 2415 sq.;
1922 2384 2087 2415 D'Argontrd,
2106 2384 2260 2414 ΟΜΖ-βιῶ,
2275 2384 2308 2412 1².

442 2431 468 2454 p.
483 2425 520 2451 69,
537 2425 572 2447 71.
595 2438 621 2442 —
642 2426 695 2448 Ista
713 2427 870 2458 propositio,
887 2436 953 2459 quae
972 2429 997 2451 in
1019 2430 1065 2451 1¹1m
1080 2433 1191 2460 occupat
1211 2429 1255 2452 sol.
1273 2429 1355 2458 3b-6b‚
1373 2430 1485 2461 incipit:
1504 2438 1515 2452 a
1531 2429 1673 2452 Veritatem
1689 2429 1861 2452 meditabitur
1878 2431 1970 2460 guttur
1990 2437 2076 2451 meum
2095 2437 2117 2451 ».
2135 2429 2227 2451 Exstat
2243 2428 2309 2451 ibid.

444 2468 512 2495 (ms.‚
534 2469 578 2491 sol.
595 2469 661 2498 1-312)
682 2470 767 2501 primu
782 2471 940 2501 Proposieio
958 2480 1054 2497 coram
1068 2480 1146 2503 papa
1162 2475 1237 2503 facta
1251 2481 1303 2504 per
1320 2481 1358 2497 m.
1374 2474 1495 2498 Petrum
1511 2475 1543 2497 de
1558 2473 1676 2504 Allyaco
1691 2477 1790 2498 contra
1807 2473 1971 2497 Montesono
1994 2473 2058 2497 Ord.
2077 2475 2115 2503 fr.
2131 2473 2226 2501 Pred„
2242 2481 2310 2504 quae

444 2511 535 2542 incipit
551 2520 556 2535 ⁴.
574 2520 585 2535 «
600 2513 674 2536 Pater
690 2518 786 2543 sancte,
799 2515 824 2537 in
841 2516 944 2539 nomine
958 2520 1002 2539 tun
1020 2526 1095 2540 serva
1111 2525 1154 2540 eos
1171 2527 1193 2540 ι).

538 2628 559 2650 1.
576 2628 634 2652 Vid.
651 2637 732 2660 supra
750 2634 778 2652 ιι0
793 2631 862 2655 1ἴ157.
881 2631 989 2655 Relatis»
1006 2632 1146 2657 historiae.
1160 2647 1188 2650 —
1209 2634 1232 2656 2.
1248 2634 1276 2656 In
1293 2633 1472 2656 Universitate
1487 2633 1572 2656 Paris.
1589 2633 1755 2664 quaestiones
1774 2632 1907 2664 litigiosae
1927 2641 2014 2663 saepe,
2030 2641 2078 2664 per
2093 2632 2232 2656 schedulas
2251 2635 2307 2656 tra·

443 2672 582 2695 ctabantur
600 2676 622 2695 et
638 2673 833 2698 deridebantur.
851 2675 949 2698 Gerson
964 2676 1039 2699 affert
1053 2685 1151 2707 casum,
1169 2677 1287 2700 eamdem
1305 2685 1446 2708 personam
1461 2685 1558 2708 ponere
1573 2680 1676 2700 centum
1693 2677 1803 2700 schedas
1822 2678 1855 2699 ad
1870 2677 2021 2708 opinionem
2041 2685 2126 2705 suam,
2143 2687 2157 2699 ιι
2172 2680 2306 2708 tamquam

443 2715 540 2738 diversi
555 2717 700 2747 posuerint,
721 2721 748 2740 ut
770 2719 911 2741 secundum
933 2720 1114 2750 pluralitatem
1134 2721 1291 2744 schedarum
1305 2721 1438 2751 judicetur
1458 2730 1469 2743 »
1492 2721 1579 2752 (Opp.,
1596 2722 1636 2745 ed.
1654 2721 1749 2752 Dupiu,
1771 2721 1803 2747 11.
1825 2722 1851 2749 8;
1869 2721 1922 2744 vid.
1940 2730 1967 2752 p.
1987 2722 2036 2750 15).
2052 2735 2084 2738 —
2098 2722 2121 2744 3.
2137 2721 2209 2749 Quae
2225 2728 2306 2752 supra

443 2764 471 2782 n⁰
487 2760 546 2783 1559
560 2761 628 2784 edita
642 2765 689 2785 est.
707 2776 738 2779 --
752 2763 775 2785 [ι.
792 2763 839 2785 Ms.
852 2766 876 2785 et
890 2764 949 2787 edd.
965 2772 970 2786 2
988 2773 999 2787 (t
1015 2769 1113 2788 certam
1128 2774 1149 2788 1).
1166 2766 1216 2789 Sed
1234 2765 1286 2788 vid.
1304 2770 1353 2788 „um
1370 2767 1437 2789 1557.
1454 2779 1485 2783 —-
1499 2768 1521 2789 5.
1539 2765 1666 2796 Superius
1685 2765 1754 2788 dicta
1770 2766 1930 2788 concordant
1944 2765 2070 2788 cumillis
2086 2770 2114 2788 n⁰
2131 2766 2189 2789 1557
2205 2765 2305 2788 relatis.

445 2818 474 2822 —
489 2806 511 2827 G.
529 2805 596 2828 Bene
614 2806 764 2835 notandum,
777 2807 881 2829 Petrum
897 2808 927 2830 de
943 2808 1051 2831 Ailliaco
1063 2809 1135 2841 loqui
1151 2810 1182 2833 dc
1197 2819 1208 2833 «
1225 2810 1314 2833 multis
1335 2810 1452 2833 millibus
1467 2810 1613 2841 suppositis
1629 2809 1750 2833 Univers.
1764 2810 1848 2833 Paris.
1864 2818 1885 2833 ».
1898 2811 1945 2833 An.
1960 2811 2028 2839 1394,
2041 2810 2128 2839 Febr„
2142 2809 2263 2839 schedae,
2278 2809 2304 2832 in

444 2849 540 2879 quibus
556 2849 693 2880 supposita
708 2858 782 2873 suam
801 2851 949 2881 opinionem
965 2853 996 2875 de
1015 2853 1131 2877 cessione
1146 2854 1301 2885 pontificum
1317 2854 1476 2883 scribebant,
1495 2863 1506 2877 «
1522 2854 1611 2877 decem
1627 2854 1699 2877 mille
1714 2862 1852 2877 numerum
1865 2854 2024 2877 excedebant
2039 2864 2051 2875 2>
2069 2855 2182 2883 (Chron.
2200 2855 2239 2878 du
2251 2853 2303 2878 rel.

445 2894 476 2916 de
488 2893 517 2917 S.
533 2894 634 2924 Denys,
649 2895 680 2921 ΙΙ,
698 2895 756 2923 10ος
771 2895 823 2918 vid.
841 2895 909 2918 infra
921 2897 959 2919 De
975 2897 1148 2927 schismate).
1161 2899 1256 2929 Utique
1271 2898 1428 2921 attendenda
1445 2902 1506 2921 sunt
1522 2898 1601 2921 verba
1617 2898 1737 2922 Gersonii
1751 2899 1776 2921 in
1793 2901 1853 2922 nota
1869 2899 1881 2921 2
1898 2899 1988 2922 allata.
2005 2899 2055 2922 Sed
2069 2906 2117 2930 pro
2128 2898 2179 2922 isto
2194 2906 2303 2921 numero
