2488 3386
457 343 521 374 508
1026 348 1345 371 CHARTULARIUM
1379 349 1570 370 umvssns.
1607 349 1737 371 rmus.
2222 336 2319 372 [1387

458 425 637 458 audientia
659 424 801 469 publica
821 423 1033 462 litterarum,
1056 422 1287 467 affigendum,
1311 434 1375 455 seu
1397 422 1500 455 etiam
1524 422 1802 467 publicandum⁸
1896 429 1931 455 et
1951 422 2048 467 quod
2070 422 2175 455 etiam
2196 430 2319 456 contra

459 492 592 524 dictum
614 492 757 523 fratrem
783 489 981 523 Johannem
1009 489 1208 534 procedere
1230 488 1412 521 valeamus
1434 501 1498 533 per
1523 500 1590 522 nos
1611 489 1667 522 vel
1689 489 1797 522 alium
1824 500 1888 522 seu
1914 488 2004 521 alios
2030 501 2048 521 a
2074 488 2180 522 nobis
2207 489 2320 534 depu-

460 558 586 591 tandos
616 558 652 589 in
682 559 838 589 Romana
868 556 966 588 curia
996 562 1031 588 et
1060 562 1157 587 extra
1190 555 1233 587 ad
1267 567 1409 587 omnem
1444 567 1634 588 censuram
1667 555 1948 602 ecclesiasticam
1979 562 2013 588 et
2048 555 2318 588 invocacionem

458 624 594 657 brachii
618 623 793 656 secularis
814 629 849 655 et
869 622 968 660 alias,
993 629 1099 667 prout
1125 622 1161 653 in
1183 621 1289 654 dietis
1310 622 1446 654 nostris
1467 622 1789 655 commissionibus
1810 629 1845 655 et
1871 622 2062 667 presertim
2089 621 2212 655 ultima
2233 633 2319 655 con-

459 691 646 723 tinetur....

547 756 820 801 Subsequenter
850 767 935 788 vero
963 753 1256 798 comparentibus
1284 766 1402 786 coram
1436 754 1541 787 nobis
1570 761 1605 787 et
1638 755 1733 788 dicto
1764 755 1937 800 magistro
1966 754 2124 788 Roberto
2154 755 2318 788 auditore

458 824 619 868 predicto
645 821 915 855 venerabilibus
943 821 1031 854 viris
1063 820 1245 865 magistris
1272 821 1434 865 Aymone
1467 821 1629 854 Henrieti
1659 822 1694 853 in
1724 828 1878 866 utroque
1908 822 1992 866 jure
2028 821 2211 855 licentiato
2239 821 2318 855 fisci

458 890 594 922 domini
615 889 729 922 nostri
751 900 840 933 pape
862 895 897 920 et
922 887 1022 920 curie
1044 889 1216 928 Romane,
1241 899 1279 919 ac
1305 887 1456 920 Alberto
1478 887 1522 919 (le
1548 887 1754 920 Mediolano
1778 889 1912 932 prefate
1938 888 2194 921 Universitatis
2223 888 2318 921 Pari-

457 957 590 989 siensis
611 954 906 1000 procuratoribus
923 954 1148 997 ‹et-instanter
1165 953 1450 998 requirentibus,
1470 942 1647 998 quatenus
1664 961 1787 987 contra
1805 954 1939 987 dictum
1957 955 2101 987 fratrem
2118 954 2317 988 Johannem

451 1025 551 1068 juxta
579 1021 871 1055 commissionem
900 1027 935 1053 et
961 1020 1239 1052 commissiones
1270 1019 1376 1052 nobis
1404 1021 1514 1053 factas
1545 1021 1743 1065 procedere
1771 1032 1994 1062 curaremus,
2023 1033 2090 1054 nos
2115 1021 2318 1054 cardinales

450 1089 594 1133 judices
616 1095 650 1121 et
670 1087 909 1120 commissarii
933 1087 1096 1131 predicti,
1122 1086 1287 1119 volentes
1309 1087 1345 1118 in
1366 1098 1473 1119 causa
1495 1093 1529 1119 et
1548 1087 1668 1120 causis
1698 1087 1907 1132 hujusmodi
1939 1094 2076 1120 mature
2105 1087 2316 1132 procedere,

455 1155 497 1187 ad
518 1155 678 1199 ipsorum
702 1160 973 1198 procuratorum
997 1153 1101 1185 etiam
1121 1153 1264 1185 divisim
1287 1153 1493 1186 instantiam
1515 1153 1558 1186 ad
1579 1153 1776 1198 hospitium
1799 1165 1864 1186 seu
1885 1153 2121 1198 albergariam
2143 1153 2318 1188 Johannis

456 1222 499 1254 de
530 1221 726 1254 Suessione
757 1220 799 1252 ad
831 1220 974 1264 signum
1009 1219 1053 1251 de
1082 1219 1228 1251 Francia
1257 1219 1293 1251 in
1326 1220 1481 1252 carreria
1509 1226 1631 1252 vocata
1664 1221 1711 1252 La
1746 1220 1894 1253 Bocaria
1922 1221 1959 1252 in
1991 1220 2134 1253 civitate
2168 1220 2318 1253 Avinio-

455 1288 557 1321 nensi
588 1299 700 1332 prope
731 1286 929 1319 cancellum
959 1298 1023 1318 seu
1054 1285 1217 1318 libratam
1247 1286 1544 1319 reverendissimi
1574 1287 1611 1319 in
1639 1286 1785 1320 Christo
1817 1287 1927 1332 patris
1956 1287 2093 1319 domini
2123 1286 2317 1320 cardinalis

458 1353 741 1393 Ebredunensis,
767 1353 802 1384 in
823 1364 894 1396 quo
915 1352 1074 1397 hospitio
1096 1364 1161 1385 scu
1182 1351 1384 1398 albergaria
1406 1353 1500 1385 idem
1523 1354 1632 1386 frater
1651 1353 1835 1386 Johannes
1856 1353 2060 1398 hospitatur
2080 1360 2114 1386 et
2135 1353 2196 1386 diu
2217 1353 2318 1386 inha-

454 1421 589 1461 bitavit,
610 1427 745 1452 certum
764 1419 928 1451 nuntium
946 1420 1103 1463 juratum
1123 1419 1361 1460 destinantes,
1380 1419 1450 1452 sibi
1470 1420 1694 1464 injunximus
1711 1420 1808 1465 quod
1825 1420 1856 1453 si
1875 1420 1993 1453 dictus
2009 1420 2119 1453 frater
2134 1419 2318 1453 Johannes

454 1488 582 1520 suisset
602 1486 735 1519 ibidem
758 1498 820 1518 seu
843 1485 929 1518 alias
950 1486 986 1517 in
1008 1486 1105 1518 curia
1127 1487 1285 1518 Romana
1306 1486 1488 1527 inventus,
1506 1487 1625 1531 ipsum
1643 1499 1684 1519 ex
1706 1493 1805 1532 parte
1826 1493 1950 1519 nostra
1970 1487 2096 1519 citaret
2115 1487 2158 1520 ad
2179 1493 2315 1520 certum

454 1553 735 1598 peremptorium
757 1553 947 1585 terminum
970 1559 1249 1597 competentem,
1272 1553 1315 1585 ad
1345 1553 1538 1586 dicendum
1568 1557 1603 1586 e't
1629 1554 1887 1599 opponendum
1915 1554 2088 1599 quicquid
2118 1553 2240 1586 dicere
2259 1552 2317 1587 vel

454 1632 638 1665 opponere
656 1619 764 1652 vellet
780 1626 902 1651 contra
924 1618 1133 1663 hujusmodi
1154 1620 1449 1652 commissionem
1468 1620 1626 1653 ultimam
1645 1620 1750 1653 nobis
1771 1621 1896 1653 factam
1915 1627 1950 1653 et
1970 1621 2006 1653 in
2022 1632 2129 1653 causa
2146 1627 2181 1653 et
2196 1620 2316 1653 causis

454 1686 661 1731 hujusmodi
682 1685 769 1718 alias
791 1685 1060 1730 procedendum
1084 1692 1190 1730 prout
1212 1685 1255 1718 de
1281 1687 1376 1730 jure.
1400 1687 1469 1729 Qui
1501 1687 1646 1731 quidem
1678 1687 1827 1720 nuntius
1852 1688 1996 1731 juratus
2022 1687 2101 1720 iens
2127 1693 2163 1719 et
2191 1693 2316 1732 postea

455 1753 599 1786 rediens
621 1752 743 1785 retulit
768 1752 940 1796 magistro
967 1751 1125 1784 Roberto
1153 1752 1197 1784 de
1226 1754 1330 1785 Freta
1358 1754 1451 1786 sacri
1481 1753 1601 1798 palatii
1631 1754 1822 1798 apostolici
1850 1760 1885 1787 et
1915 1754 2098 1799 presentis
2125 1765 2315 1786 causarum

453 1819 607 1852 auditori
628 1818 790 1863 predicto
813 1818 910 1862 quod
931 1818 967 1850 in
988 1818 1115 1851 eodem
1137 1818 1295 1863 hospitio
1316 1819 1383 1852 fuit
1404 1819 1474 1852 sibi
1495 1820 1630 1853 dictum
1651 1832 1715 1865 per
1732 1820 1965 1865 hospitissam
1987 1820 2081 1853 dicte
2097 1819 2314 1865 alhergarie,

453 1886 550 1930 quod
570 1886 679 1918 frater
698 1884 882 1918 Johannes
904 1885 1090 1929 predictus
1110 1886 1226 1918 fuerat
1246 1886 1283 1918 in
1305 1886 1398 1919 dicta
1417 1886 1618 1932 albergaria
1639 1898 1704 1932 per
1725 1893 1799 1920 tres
1821 1899 1966 1920 menses
1988 1893 2023 1920 et
2045 1886 2135 1919 ultra
2156 1885 2315 1931 hospita-

454 1960 509 1985 tus
540 1959 574 1985 et
594 1952 691 1996 quod
713 1951 756 1984 de
777 1951 934 1996 hospitio
957 1951 1120 1996 predicto
1151 1958 1186 1984 et
1214 1953 1313 1985 curia
1343 1954 1499 1986 Romana
1528 1961 1741 1995 recesserat,
1765 1961 1804 1987 ut
1822 1954 1900 1999 ipsa
1927 1953 2109 1994 credebat,
2133 1953 2190 1986 die
2211 1952 2315 1986 tertia
2345 1993 2349 1996 st

455 2019 589 2051 mensis
610 2018 766 2063 Augusti
792 2018 952 2062 proxime
978 2018 1089 2063 lapsa.
1121 2020 1163 2051 Et
1190 2018 1344 2052 ulterius
1365 2019 1530 2052 volentes
1559 2032 1625 2053 nos
1654 2020 1698 2053 de
1724 2020 1914 2065 premissis
1942 2019 2086 2065 plenius
2114 2019 2312 2058 informari,

453 2098 532 2118 cum
555 2084 740 2117 nonnullis
762 2084 930 2129 personis
951 2091 985 2117 et
1010 2085 1181 2118 fratribus
1207 2086 1312 2118 etiam
1335 2086 1378 2118 de
1401 2086 1538 2119 Ordine
1567 2087 1837 2120 Predicatorum
1859 2087 1975 2132 ipsius
1996 2086 2157 2119 notitiam
2179 2085 2314 2119 haben-

455 2152 549 2184 tibus
579 2151 835 2196 inquisivimus
866 2151 1074 2196 diligenter.
1108 2153 1150 2184 Et
1179 2152 1274 2196 quia,
1307 2159 1345 2185 ut
1375 2153 1605 2197 premittitur,
1638 2160 1673 2186 et
1701 2166 1766 2199 per
1795 2154 2085 2186 informationem
2113 2164 2216 2197 quam
2250 2164 2314 2197 per

453 2219 584 2251 dictum
607 2218 819 2262 magistrum
842 2217 1038 2250 Robertum
1061 2219 1262 2251 auditorem
1284 2226 1319 2252 et
1338 2219 1616 2265 subdelegatum
1638 2233 1656 2253 a
1678 2220 1784 2253 nobis
1805 2220 1849 2253 ad
1877 2220 1967 2253 hanc
1988 2231 2144 2260 causam,
2168 2225 2206 2251 ut
2232 2230 2314 2263 pre-

453 2286 577 2324 fertur,
605 2284 811 2328 deputatum
842 2283 920 2316 fieri
947 2284 1099 2317 fecimus
1128 2284 1337 2329 diligenter,
1364 2286 1570 2319 invenimus
1599 2286 1733 2319 dictum
1762 2287 1908 2319 fratrem
1928 2285 2128 2319 Johannem
2150 2285 2193 2317 de
2214 2284 2313 2317 curia

456 2353 609 2383 Romana
640 2350 838 2382 recessisse
867 2357 903 2383 et
931 2362 970 2383 se
997 2350 1209 2384 absentasse
1238 2351 1281 2384 ab
1312 2352 1450 2394 eadem,
1482 2353 1638 2398 ideoque
1671 2353 1827 2385 eundem
1861 2353 2005 2385 fratrem
2037 2351 2237 2385 Johannem
2268 2350 2312 2384 de

454 2418 668 2448 Montesono
690 2415 924 2460 principalem
947 2428 1010 2461 per
1027 2424 1169 2450 nostras
1186 2418 1374 2451 citacionis
1395 2419 1533 2452 litteras
1553 2419 1796 2464 peremptorie
1814 2426 1849 2452 et
1870 2430 1932 2463 per
1949 2418 2104 2451 edictum
2127 2416 2310 2462 publicum

454 2483 490 2514 in
510 2482 622 2515 valvis
649 2482 794 2526 majoris
820 2489 855 2514 et
874 2483 1020 2515 fratrum
1043 2484 1315 2517 Predicatorum
1338 2485 1575 2518 Avinionens.
1599 2485 1835 2518 ecclesiarum
1863 2484 2082 2530 affigendum
2110 2483 2312 2525 citavimus,

456 2555 492 2580 ut
511 2555 608 2580 certo
631 2549 873 2592 peremptorio
896 2549 1049 2581 termino
1073 2557 1154 2594 post
1170 2551 1371 2584 affixionem
1390 2558 1424 2584 et
1445 2551 1734 2596 publicacionem
1752 2552 1925 2584 dictarum
1944 2550 2142 2583 litterarum
2165 2550 2201 2582 in
2222 2549 2313 2582 locis

455 2614 626 2659 predictis
646 2614 755 2646 factas
777 2614 871 2646 idem
892 2615 1001 2647 frater
1020 2616 1204 2649 Johannes
1227 2617 1468 2662 personaliter
1489 2624 1524 2650 et
1554 2630 1617 2663 per
1638 2630 1676 2650 se
1706 2618 1823 2662 ipsum
1855 2625 2080 2662 compareret
2110 2617 2147 2648 in
2174 2615 2313 2660 judicio

454 2693 571 2713 coram
594 2680 689 2712 dicto
711 2680 882 2724 magistro
904 2681 1060 2714 Roberto
1082 2683 1246 2716 auditore
1268 2696 1285 2716 a
1306 2683 1425 2725 nobis,
1449 2691 1487 2717 ut
1508 2685 1699 2729 prefertur,
1723 2684 1893 2729 deputato
1915 2683 2003 2716 hora
2019 2694 2254 2728 vesperorum
2276 2682 2313 2714 in

455 2746 611 2791 hospitio
633 2745 863 2778 habitationis
888 2758 951 2779 sue
973 2748 1016 2780 ad
1034 2749 1226 2782 dicendum
1245 2757 1279 2783 et
1295 2750 1566 2795 opponendum,
1589 2750 1762 2795 quicquid
1783 2750 1905 2783 dicere
1920 2749 1978 2783 vel
1999 2760 2184 2794 opponere
2204 2747 2313 2782 vellet

453 2813 563 2846 verbo
589 2812 646 2845 vel
674 2812 710 2844 in
730 2812 874 2856 scriptis
896 2820 1018 2846 contra
1040 2816 1335 2849 commissionem
1365 2816 1472 2849 nobis
1495 2817 1620 2850 ultimo
1641 2818 1781 2858 factam,
1811 2823 1849 2849 ut
1877 2817 2069 2861 prefertur,
2097 2826 2239 2848 necnon
2266 2813 2310 2847 ad

453 2878 721 2924 procedendum
748 2885 782 2910 et
809 2880 956 2923 procedi
977 2881 1172 2914 videndum
1200 2883 1236 2914 in
1261 2895 1366 2915 causa
1389 2890 1424 2915 et
1444 2883 1563 2916 causis
1584 2882 1793 2927 hujusmodi
1815 2890 1922 2928 prout
1942 2883 1986 2915 de
2007 2883 2090 2927 jure
2111 2882 2205 2914 foret
2225 2891 2309 2925 pro—
