2488 3386
451 347 514 379 592
1028 353 1347 377 CHARTULARIUM
1382 352 1573 375 unrvnas.
1610 351 1739 374 PARIS.
2217 338 2317 374 [1385

451 430 595 454 Concilium
618 429 775 460 designavit,
794 429 898 460 quando
921 428 992 457 dicit,
1009 439 1022 451 (ε
1042 428 1068 452 in
1092 429 1196 453 recenti
1215 427 1353 452 memoria
1378 430 1417 450 est
1437 437 1459 456 n,
1477 426 1682 450 Universitatem
1706 426 1791 450 Paris.
1816 425 1922 449 nuntios
1948 425 2077 449 solemnes
2103 424 2137 448 ad
2156 424 2317 449 sedationem

452 474 606 498 Schismatis
622 474 647 497 in
664 473 814 497 Flandriam
831 473 935 497 misisse
949 475 1041 505 (supra
1055 482 1083 504 p.
1098 473 1164 504 400).

544 550 566 575 1.
586 550 606 573 Ι.
622 558 644 573 e.
660 558 709 580 pro
726 549 830 572 natione
846 549 947 573 Picard.
965 550 1052 580 Supra
1066 553 1095 572 n⁰
1109 549 1178 578 1470,
1195 557 1221 580 p.
1238 548 1293 577 311,
1307 550 1416 571 vocatur
1429 557 1443 568 vx
1457 547 1563 571 Cultelli
1579 557 1601 572 ».
1616 548 1666 571 Pro
1681 547 1786 570 natione
1801 546 1938 571 Gallicana
1954 546 2003 569 fuit
2016 545 2124 569 nuntius
2139 545 2271 570 Johannes
2286 546 2319 569 de

451 594 581 618 Roncuria
598 594 660 624 (vid.
674 602 755 625 supra
770 598 799 616 n⁰
812 594 891 624 1492).

457 704 598 741 1654.
625 713 725 739 Omnia
745 712 898 748 supposita
922 712 1120 738 Universitatis
1134 711 1231 737 Paris.
1249 711 1277 736 in
1292 711 1358 736 sinu
1370 714 1494 747 paterno
1513 710 1662 737 Clementis
1684 711 1737 737 VII
1746 710 1911 745 firmissime
1927 708 2054 736 resident
2069 712 2096 735 et
2111 709 2139 735 in
2155 708 2319 735 obedientia

542 762 620 788 illius
634 765 826 797 perseverant,
842 770 860 787 a
878 770 934 796 qua
957 760 1172 787 Universitatem
1187 759 1283 786 nullus
1300 768 1426 795 unquam
1442 768 1521 786 error
1534 759 1652 786 seducet
1664 759 1802 795 nullaque
1818 759 1856 785 vis
1873 758 1999 796 diripiet.
2206 757 2208 760 ’

1756 831 1797 857 Aa.
1806 824 1808 826 '
1816 831 1891 857 1385.

547 903 590 927 Sic
606 903 649 927 ille
665 904 756 927 Petrus
773 903 804 926 de
820 902 937 932 Amineo,
950 910 1031 933 supra
1047 910 1075 933 p.
1091 902 1145 925 399.
1163 902 1214 925 Sed
1231 904 1293 933 post
1305 909 1404 933 paucos
1419 910 1502 925 annos
1519 901 1685 925 Universitas
1701 901 1795 930 Paris„
1809 901 1873 924 velit
1887 901 1961 931 nolit,
1980 900 2060 924 aliam
2076 900 2146 924 viam
2161 899 2319 931 ingreditur.

453 948 550 972 Eodem
571 956 612 973 an.
629 948 689 971 1385
708 948 826 971 Clemens
847 948 902 975 VII,
921 955 971 969 non
989 949 1124 970 contentus
1140 954 1187 977 per
1205 946 1353 969 octennium
1369 946 1485 969 decimas
1503 946 1652 978 collegisse,
1670 946 1793 969 abbatem
1813 946 1839 969 S.
1860 945 1957 969 Nicasii
1972 946 2091 969 Remens.
2108 945 2135 968 in
2155 944 2320 968 Britanniam

454 995 479 1016 et
493 992 680 1015 Normanniam
692 992 772 1020 misit,
789 995 817 1014 ut
829 991 877 1014 suh
889 991 965 1014 titulo
980 991 1085 1022 inopiae
1098 990 1202 1022 papulis
1220 998 1339 1014 camerae
1354 991 1480 1022 pecunias
1497 999 1512 1014 a
1528 991 1592 1014 viris
1604 990 1789 1014 ecclesiasticis
1803 993 1977 1021 extorqueret.
1994 989 2118 1013 Precibus
2134 988 2320 1024 Universitatis

454 1037 537 1060 Paris.
554 1045 599 1060 rex
617 1038 674 1067 pias
691 1045 767 1059 aures
779 1036 979 1059 accommodans
992 1035 1054 1058 huic
1067 1035 1171 1058 conatui
1187 1034 1293 1059 restitit.
1308 1035 1411 1060 Chron.
1425 1036 1465 1060 du
1478 1035 1529 1060 rel.
1545 1037 1578 1060 de
1593 1036 1798 1065 Saint-Denys,
1814 1035 1834 1063 Ι,
1853 1035 1906 1063 398,
1923 1023 1978 1058 406.

459 1188 598 1226 1655.
622 1197 787 1223 Declaratio
801 1206 871 1223 nova
890 1198 1090 1223 Universitatis
1106 1198 1282 1224 Parisierzsis
1293 1206 1347 1234 pro
1366 1197 1506 1224 Clemente
1528 1199 1584 1225 VII.

1647 1267 1722 1297 1387,
1737 1265 1870 1292 Februarii
1882 1266 1906 1296 9,
1922 1264 2037 1291 Ρανίείίε.

545 1337 735 1370 Universis
749 1336 886 1370 Christi
903 1336 1073 1370 fidelibus
1089 1344 1319 1371 sacrosancte
1336 1338 1461 1371 matris
1475 1338 1631 1371 ecclesie
1647 1344 1772 1370 nostre
1787 1337 1872 1370 filiis
1885 1335 2112 1370 Universitas
2127 1333 2323 1368 Parisiens.

457 1403 712 1449 magistrorum
740 1403 784 1436 ad
815 1415 907 1448 quos
937 1410 1128 1449 presentes
1158 1404 1410 1449 pervenerint,
1437 1404 1614 1438 honorem
1642 1411 1675 1438 et
1703 1404 1855 1437 salutem
1883 1403 1920 1436 in
1948 1413 2158 1447 suppremo,
2186 1400 2224 1434 in
2253 1412 2325 1446 quo

457 1470 617 1503 omnium
645 1470 815 1503 consistit
838 1482 921 1503 vera
950 1470 1061 1504 salus.
1091 1472 1221 1504 Notum
1249 1471 1401 1504 facimus
1429 1471 1587 1517 singulis
1617 1470 1851 1517 presentibus
1878 1470 2014 1515 pariter
2040 1475 2076 1502 et
2103 1467 2235 1501 futuris
2261 1466 2326 1500 has

458 1544 601 1569 nostras
623 1537 745 1570 literas
767 1537 1000 1582 inspecturis,
1024 1537 1121 1582 quod
1149 1550 1229 1570 cum
1258 1545 1378 1583 patres
1399 1538 1515 1571 nostri
1537 1538 1737 1571 orthodoxe
1758 1537 1843 1570 fidei
1869 1535 2043 1570 catholice
2063 1533 2328 1568 'consueverint

458 1603 553 1636 bona
582 1604 726 1645 docere,
749 1604 840 1636 mala
868 1604 1077 1649 reprobare,
1105 1604 1357 1638 nescientibus
1382 1605 1470 1650 quid
1498 1612 1618 1650 agant,
1641 1605 1729 1650 quid
1756 1610 1946 1649 expectare
1967 1602 2124 1635 debeant
2143 1601 2325 1641 intimare,

459 1669 584 1703 dantes
614 1670 688 1703 illis
717 1682 834 1703 escam
872 1670 1029 1704 salubris
1057 1671 1222 1704 doctrine
1259 1671 1297 1704 in
1319 1678 1482 1717 tempore
1513 1678 1720 1717 opportuno
1749 1683 1756 1704 ε
1784 1682 1851 1703 nos
1879 1681 2004 1703 eorum
2031 1667 2186 1713 vestigia
2221 1673 2329 1712 prout

458 1736 565 1769 nohis
590 1737 698 1770 fuerit
723 1737 901 1782 possibile
927 1738 1124 1780 imitantes,
1147 1738 1231 1771 tacti
1253 1738 1380 1772 dolore
1397 1739 1519 1772 cordis
1539 1739 1774 1780 intrinsecus,
1797 1737 1928 1771 scisma
1945 1735 2100 1769 ecclesie
2116 1736 2245 1768 'sancte
2262 1733 2328 1767 Dei

458 1802 662 1845 audientes,
680 1803 792 1848 proch
809 1803 926 1845 dolor,
946 1811 1014 1837 tam
1033 1805 1204 1838 diuturne
1227 1806 1392 1851 viguisse
1414 1812 1449 1839 et
1465 1805 1608 1838 diucius
1631 1804 1809 1850 paratum¹
1832 1804 1870 1836 in
1891 1802 2134 1848 dispositione
2154 1797 2327 1846 longiori,

460 1870 531 1903 nisi
552 1870 729 1903 Dominus
746 1877 872 1903 noster
887 1872 994 1904 Jesus
1011 1871 1181 1905 Christus
1199 1884 1308 1905 verus
1327 1872 1443 1917 ipsius
1463 1872 1618 1906 ecclesie
1640 1883 1799 1917 sponsus
1817 1869 2029 1916 apposuerit
2044 1867 2330 1909 misericorditer

460 1937 558 1970 vires
580 1948 676 1978 suas,
700 1936 767 1970 sub
792 1949 875 1970 cura
895 1938 998 1983 vigili
1021 1950 1093 1971 non
1120 1938 1228 1972 unius
1251 1939 1324 1972 diei
1345 1946 1496 1981 tantum,
1526 1939 1591 1972 sed
1611 1939 1648 1971 in
1669 1938 1863 1971 multorum
1895 1935 2077 1970 curriculo
2107 1936 2330 1983 temporum,

462 2010 633 2048 quantum
656 2004 840 2048 potuimus
862 2005 1012 2046 melius,
1034 2005 1078 2038 ad
1099 2005 1355 2039 elucidandum
1377 2006 1583 2047 veritatem,
1607 2018 1712 2051 quam
1734 1989 1859 2038 tenere
1885 2005 1937 2037 et²
1962 2003 2043 2036 aliis
2067 2002 2199 2035 docere
2220 2000 2331 2034 debe·
2357 1990 2361 1993 ’

462 2082 597 2112 remus,
616 2070 867 2104 insudavimus
887 2083 893 2104 :
914 2072 1057 2105 tandem
1075 2073 1239 2118 partibus
1261 2085 1325 2118 per
1341 2085 1406 2107 sua
1427 2074 1560 2119 scripta
1581 2073 1714 2106 auditis
1735 2084 1774 2105 ac
1790 2071 1901 2104 eciam
1922 2069 2177 2111 consideratis,
2192 2067 2332 2110 findili-

462 2137 608 2182 gentius
630 2137 752 2170 multis
774 2138 973 2182 prehabitis
995 2139 1336 2182 deliberationibus,
1360 2140 1631 2186 comperuimus
1653 2146 1688 2173 et
1708 2139 1745 2172 in
1765 2150 1850 2172 vera
1870 2134 1956 2170 fidei
1976 2136 2112 2170 unitate
2133 2135 2330 2176 tenuimus,

463 2209 642 2245 tenemus,
669 2211 704 2236 et
732 2204 883 2237 firmiter
910 2205 1138 2247 confitemur,
1169 2219 1296 2240 omnes
1332 2207 1440 2240 simul
1478 2207 1696 2240 unanimiter
1729 2205 1958 2246 confitenteS,
1991 2202 2260 2237 sanctissimum
2295 2201 2332 2234 in

464 2269 609 2302 Christo
637 2277 773 2315 patrem
801 2278 835 2303 et
862 2271 1047 2305 dominum
1076 2280 1240 2306 nostrum
1269 2273 1456 2306 dominum
1485 2273 1709 2308 Clementem
1734 2273 1801 2306 Vll
1828 2271 1974 2304 unicum
2004 2281 2130 2303 verum
2152 2279 2331 2302 summum

466 2336 670 2380 pontificem
693 2337 910 2371 universalis
932 2346 1054 2372 sancte
1077 2341 1235 2373 Romane
1261 2340 1416 2374 ecclesie
1438 2352 1613 2386 sponsum
1636 2347 1671 2373 et
1691 2338 1826 2373 Christi
1848 2350 1886 2371 ac
1907 2337 2003 2370 beati
2024 2335 2120 2370 Petri
2144 2323 2336 2375 vic-arium,

467 2409 573 2446 prout
592 2402 629 2434 in
645 2403 725 2436 aliis
743 2404 879 2437 nostris
900 2405 1016 2438 literis
1037 2406 1125 2439 alias
1147 2418 1257 2452 super
1277 2406 1346 2440 hoc
1362 2407 1538 2440 consectis
1559 2407 1692 2440 clarius
1709 2404 2006 2444 declaravimus³,
2025 2409 2060 2436 et
2080 2402 2184 2435 etiam
2206 2408 2332 2434 tenore

467 2469 688 2512 presentium
711 2470 951 2505 declaramus.
975 2473 1102 2504 Datum
1125 2473 1285 2506 Parisius
1312 2474 1348 2506 in
1375 2474 1661 2519 congregatione
1682 2479 1805 2505 nostra
1826 2457 1988 2517 generali
2009 2469 2046 2502 in
2068 2469 2197 2502 Sancto
2218 2469 2334 2500 Matu-

468 2534 547 2566 rino
577 2542 724 2579 propter
753 2535 819 2568 hoc
851 2538 1058 2582 specialiter
1083 2539 1263 2573 celebrata
1296 2540 1354 2573 die
1384 2541 1419 2573 ix
1446 2541 1584 2573 mensis
1618 2539 1817 2579 Februarii,
1839 2549 1933 2571 anno
1965 2535 2109 2578 Domini
2138 2534 2333 2568 millesimo

467 2600 556 2633 CCC
570 2602 762 2635 LXXXVI.

560 2689 628 2713 Bibl.
652 2693 706 2713 nat.
732 2690 815 2714 Paris.
835 2700 883 2716 ms,
905 2693 950 2716 lat.
968 2694 1038 2723 1470,
1055 2695 1099 2717 sol.
1119 2695 1188 2723 128b;
1215 2696 1300 2725 12849,
1317 2696 1361 2719 sol.
1381 2697 1419 2719 29.
1441 2710 1471 2714 —
1493 2696 1598 2725 Baluze,
1616 2695 1668 2720 Vit.
1687 2685 1753 2729 pap,
1772 2695 1870 2721 Aven.,
1890 2694 1920 2722 ΙΙ,
1943 2694 2001 2721 945;
2019 2678 2144 2720 Mai-tene,
2164 2676 2244 2715 Thes}
2259 2696 2335 2722 ‘nov-2

467 2733 500 2763 11,
517 2733 586 2756 1723.
603 2746 631 2751 ——
647 2734 683 2757 De
699 2734 830 2758 desiderio
846 2736 969 2760 inefficaci
985 2738 1124 2762 Clementis
1145 2740 1191 2762 VII
1215 2740 1264 2763 hoc
1287 2749 1354 2763 anno
1380 2744 1504 2772 concepto
1529 2740 1676 2764 Concilium
1700 2739 1822 2771 generale
1844 2736 2033 2769 congregandi,
2059 2736 2113 2760 vid.
2134 2734 2280 2768 Jarry,'La
2294 2734 2341 2759 υἷεΑ

463 2777 598 2808 potitique
613 2779 645 2802 de
659 2779 745 2816 Louis
761 2781 793 2803 de
807 2780 922 2809 France,
937 2783 991 2805 (luc
1004 2783 1157 2811 d'Orle'ans,
1174 2793 1200 2815 p.
1215 2786 1253 2808 62.
1270 2785 1368 2808 Eodem
1379 2794 1447 2808 anno
1462 2785 1628 2809 Universitus
1640 2783 1755 2808 rotulum
1773 2791 1939 2806 communem
1954 2782 1987 2805 ad
2004 2781 2163 2805 Clementem
2179 2779 2259 2803 misit.
2276 2778 2334 2803 Vid.

467 2830 549 2853 supra
563 2826 601 2844 n0‘³
615 2823 757 2847 1537-1541.
2105 2827 2109 2832 ⁵

562 2898 584 2921 1.
601 2898 649 2923 Ms.
666 2906 672 2921 ι
690 2908 702 2919 r‹
718 2902 838 2929 paratam
854 2909 876 2924 ».
892 2913 923 2918 -
938 2901 960 2924 2.
974 2902 1024 2925 Ms-
1041 2910 1046 2925 ·.
1063 2912 1076 2923 ιι
1094 2902 1119 2925 in
1133 2913 1155 2925 υ.
1171 2917 1201 2921 -
1221 2905 1243 2928 3.
1263 2904 1349 2935 Supra
1365 2905 1397 2928 11¹⁸
1413 2905 1473 2928 1624
1486 2909 1513 2928 et
1528 2903 1597 2930 1651.
