2488 3386
171 331 266 368 1351]
592 342 638 363 ΑΒ
674 341 779 363 imno
814 340 945 362 MCCCL
980 340 1111 368 usone
1147 341 1194 362 AD
1229 341 1493 362 BENEDlCTUM
1519 341 1609 363 xui.
2015 334 2034 365 5

174 479 196 515 1
208 478 314 515 196.
338 488 531 512 Instrumenta
546 484 606 510 litis
627 485 787 520 episcopum
804 484 878 509 inter
893 487 919 509 et
940 483 1156 509 Universitaeem
1171 484 1373 517 Parisiensem,
1392 483 1426 509 de
1449 485 1532 509 Petro
1548 484 1689 517 Ber-corio,
1710 484 1846 514 scholari,
1864 493 1877 510 e
1892 486 2035 510 sententia

256 534 397 570 officialis
413 535 441 560 in
457 542 598 560 carcerem
611 532 744 559 demisso.

1286 581 1355 610 1351,
1370 581 1458 606 Martii
1471 581 1507 610 18,
1523 582 1566 610 27,
1582 582 1620 610 31,
1636 581 1749 607 Parisiis.

258 682 297 713 In
329 679 476 712 nomine
510 678 666 719 Domini,
700 689 818 710 amen.
851 677 1026 710 Noverint
1058 677 1219 710 universi
1254 677 1322 710 hoc
1355 689 1507 722 presens
1539 677 1723 722 publicum
1755 678 2033 710 instrumentum

174 746 385 792 inspecturi,
409 745 535 790 eisque
566 751 683 789 pateat
703 744 902 783 evidenter.¹
926 743 1023 788 quod
1050 756 1144 776 anno
1166 743 1328 788 ejusdem
1352 744 1495 776 Domini
1518 743 1710 776 millesimo
1732 744 1837 777 CCC⁰
1858 744 2035 788 quinqua-

169 813 323 859 gesimo,
345 811 545 845 secundum
567 822 703 843 morem
726 810 965 850 Gallicanum,
990 810 1048 842 die
1070 810 1154 854 xviij
1180 810 1316 842 mensis
1341 810 1471 848 Martii,
1496 810 1695 842 indictione
1725 816 1862 854 quarta,
1892 810 2036 854 pontifi-

169 887 268 914 catus
288 878 507 912 sanctissimi
531 878 568 910 in
589 877 735 911 Christo
762 877 873 922 patris
901 883 936 909 et
962 876 1099 909 domini
1131 876 1246 909 nostri
1275 876 1411 909 domini
1433 876 1632 909 Clementis
1663 876 1782 909 divina
1812 876 2035 920 providentia

169 958 257 992 pape
278 945 370 978 sexti
390 956 484 977 anno
506 955 616 985 nono,
639 943 799 976 Parisius
820 943 914 987 apud
934 943 1064 975 fratres
1087 943 1262 983 Minores,
1285 942 1321 974 in
1344 942 1412 974 mei
1434 942 1563 975 notarii
1585 942 1721 987 publici
1748 942 1979 987 infrascripti,
2003 949 2037 975 et

169 1013 312 1046 testium
335 1011 624 1056 subscriptorum
647 1010 843 1055 presentia,
866 1022 945 1042 cum
967 1010 1099 1042 fuisset
1127 1016 1204 1042 orta
1234 1009 1412 1042 dissentio
1440 1009 1533 1041 inter
1555 1009 1832 1042 Universitatem
1856 1009 2035 1041 Parisien-

169 1091 243 1113 sem
265 1091 308 1111 ex
328 1090 397 1111 una
418 1084 531 1122 parte,
554 1083 589 1109 et
609 1077 797 1109 dominum
819 1076 1029 1121 episcopum
1062 1076 1304 1108 Parisiensem
1333 1082 1368 1108 et
1397 1075 1583 1108 officialem
1610 1087 1713 1108 suum
1744 1082 1778 1108 et
1808 1081 2036 1120 promotores

169 1157 255 1179 suos
277 1157 320 1178 ex
340 1144 462 1184 altera,
486 1155 597 1188 super
622 1143 787 1188 captione
816 1149 850 1175 et
879 1143 1089 1175 detentione
1118 1142 1307 1187 cujusdam
1337 1141 1488 1175 scolaris
1519 1142 1697 1186 religiosi,
1719 1141 1889 1174 videlieet
1916 1142 2036 1174 fratris

168 1212 263 1245 Petri
284 1210 484 1251 Berchorii,
507 1210 695 1242 camerarii
721 1209 765 1242 de
787 1209 990 1249 Columbis,
1014 1209 1252 1243 Carnotensis
1281 1208 1452 1249 diocesis,
1477 1221 1519 1240 ex
1549 1220 1590 1241 eo
1619 1208 1716 1252 quod
1747 1208 1910 1240 officialis
1940 1208 2035 1240 Pari-

168 1277 302 1311 siensis
324 1276 479 1317 dicebat,
507 1276 625 1321 ipsum
656 1276 800 1308 fratrem
832 1277 976 1308 Petrum
1005 1276 1081 1307 sore
1103 1282 1243 1320 captum
1267 1281 1414 1319 propter
1441 1274 1735 1319 presumptiones
1757 1281 1880 1306 contra
1902 1274 2033 1318 ipsum,

168 1344 251 1389 quia
272 1343 439 1376 utebatur
467 1342 631 1375 scientiis
662 1341 856 1387 prohibitis
885 1348 920 1374 et
947 1341 1050 1374 malis
1079 1348 1114 1374 et
1143 1341 1368 1386 sapientibus
1396 1340 1567 1381 heresim,
1590 1347 1625 1373 et
1652 1340 1697 1372 ob
1719 1340 1786 1373 hoc
1809 1353 1879 1373 non
1902 1340 2036 1372 debere

168 1411 270 1444 reddi
300 1409 534 1443 Universitati
564 1409 726 1454 predicte
755 1409 887 1441 virtute
920 1408 1102 1453 privilegii
1131 1408 1399 1447 Universitatis,
1432 1408 1524 1440 dicta
1556 1407 1799 1440 Universitate
1829 1407 2034 1451 oppositum

168 1483 371 1518 asserente,
393 1483 427 1509 et
448 1476 500 1509 sic
522 1482 669 1520 propter
689 1475 757 1508 hoc
777 1487 794 1508 a
815 1474 1034 1507 lectionibus
1056 1474 1251 1507 ordinariis
1272 1473 1481 1507 cessabatur
1503 1480 1537 1506 et
1564 1485 1707 1506 cessare
1729 1473 1939 1506 intendebat
1959 1474 2036 1517 ipsa

171 1543 408 1584 Universitas,
427 1554 618 1587 quousque
640 1542 758 1575 dictus
780 1541 932 1574 scolaris
954 1548 1052 1574 esset
1074 1541 1275 1581 restitutus,
1295 1547 1329 1573 et
1350 1547 1447 1573 esset
1468 1540 1537 1584 ipsi
1563 1540 1794 1573 Universitati
1817 1539 2037 1572 sufficienter

168 1610 396 1643 emendatum
416 1621 422 1641 :
445 1609 589 1642 tandem
610 1608 859 1641 illustrissimo
882 1608 1045 1652 principe
1086 1607 1232 1640 domino
1253 1606 1430 1647 Johanne,
1454 1618 1539 1651 rege
1562 1607 1723 1647 Francie,
1747 1606 1891 1639 volente
1913 1605 2037 1650 hujus-

168 1676 265 1709 modi
297 1675 566 1709 dissencionem
595 1674 795 1719 pacificare,
818 1674 933 1707 voluit
960 1674 1057 1719 quod
1086 1674 1130 1706 de
1160 1674 1229 1706 isto
1258 1685 1366 1717 supra
1395 1684 1434 1705 se
1464 1673 1547 1705 hinc
1578 1673 1663 1705 inde
1692 1679 1899 1717 poneretur.
1934 1673 2037 1704 Post—

168 1742 312 1776 modum
344 1741 605 1774 deliberatione
641 1742 676 1773 in
710 1741 952 1774 Universitate
986 1740 1105 1773 habita
1139 1740 1233 1773 inter
1264 1746 1417 1784 quatuor
1452 1739 1652 1780 facultates,
1689 1739 1741 1771 sic
1776 1751 1884 1783 supra
1919 1739 2036 1783 ipsum

168 1809 352 1842 dominum
374 1820 497 1853 regem
519 1808 597 1853 ipsa
619 1808 846 1841 Universitas
869 1819 908 1840 se
930 1807 1126 1852 supposuit
1146 1819 1257 1851 super
1277 1807 1346 1839 isto
1367 1807 1403 1838 in
1426 1806 1520 1838 hunc
1542 1806 1688 1838 modum
1710 1818 1716 1838 :

257 1890 272 1906 «
301 1875 507 1908 Dimittatur
531 1875 683 1907 scolaris
713 1874 914 1907 secundum
942 1881 1104 1907 tenorem
1134 1873 1330 1918 privilegii.
1364 1874 1464 1913 Item,
1495 1873 1539 1905 de
1569 1873 1742 1917 episcopo
1770 1879 1805 1905 et
1832 1872 1974 1905 officiali
2005 1878 2039 1904 et

169 1941 337 1975 omnibus
364 1941 458 1983 aliis,
484 1941 617 1974 auditis
648 1940 850 1974 rationibus
880 1940 964 1973 hinc
993 1947 1027 1973 et
1059 1940 1157 1980 inde,
1189 1940 1226 1972 in
1256 1952 1410 1984 persona
1441 1951 1503 1972 sua
1535 1939 1677 1972 ordinet
1706 1939 1875 1971 dominus
1904 1950 1965 1970 rex
1994 1938 2036 1970 de

169 2008 319 2041 emenda
346 2008 527 2053 condigna
547 2008 782 2041 Universitati
802 2007 978 2048 facienda,
1008 2007 1161 2039 taxando
1191 2018 1267 2039 eam
1297 2013 1330 2038 et
1360 2006 1524 2038 faciendo
1553 2006 1670 2038 eidem
1700 2006 1848 2050 justicie
1879 2005 2036 2049 comple-

169 2082 341 2108 mentum.
373 2076 476 2115 Item,
502 2086 575 2107 non
601 2086 797 2119 possumus
823 2086 1010 2106 resumere
1040 2073 1231 2114 lectiones,
1261 2072 1370 2106 salvis
1393 2072 1625 2117 juramentis,
1656 2072 1771 2104 donec
1805 2072 1871 2104 ista
1904 2071 2037 2104 fuerint

168 2141 372 2186 adimpleta.
396 2141 622 2174 Universitas
642 2140 780 2173 tenebit
801 2141 898 2185 quod
919 2152 1029 2185 super
1048 2140 1119 2173 hiis
1141 2140 1311 2172 dominus
1334 2151 1395 2171 rex
1416 2138 1609 2171 ordinabit.
1632 2152 1646 2168 »

258 2209 299 2241 Et
331 2208 398 2241 ista
426 2208 494 2240 fuit
520 2207 735 2240 deliberatio
762 2208 878 2252 ipsius
905 2207 1175 2247 Universitatis,
1206 2218 1275 2250 que
1308 2218 1372 2250 per
1402 2218 1457 2237 me
1488 2205 1665 2238 notarium
1698 2205 1937 2237 incontinenti
1971 2205 2038 2237 suit

170 2275 314 2319 scripta,
337 2281 372 2307 et
392 2274 549 2307 dominis
571 2274 615 2306 de
638 2274 788 2306 Renello
810 2280 845 2306 et
866 2274 909 2306 de
932 2273 1110 2313 Erminac,
1135 2273 1196 2317 qui
1218 2285 1260 2305 ex
1282 2279 1380 2317 parte
1402 2272 1539 2304 domini
1568 2272 1666 2316 regis
1687 2278 1861 2304 venerant
1883 2271 1926 2303 ad
1949 2271 2035 2303 Uni-

169 2341 387 2382 versitatem,
411 2341 551 2382 tradita,
570 2341 733 2373 dicentes
754 2347 789 2373 et
808 2347 1015 2373 asserentes
1036 2339 1133 2384 quod
1155 2338 1351 2371 credebant
1367 2338 1552 2370 dominum
1576 2349 1697 2382 regem
1721 2338 1896 2382 premissa
1917 2338 2035 2369 facere

170 2406 261 2448 fieri,
283 2419 322 2440 ae
343 2407 446 2440 etiam
470 2419 534 2452 per
555 2407 766 2452 episcopum
789 2413 823 2439 et
848 2406 1035 2439 officialem
1065 2418 1129 2438 seu
1158 2411 1386 2450 promotores
1415 2404 1616 2448 adimpleri.
1641 2404 1719 2446 Quo
1748 2404 1852 2444 sacto,
1882 2403 2035 2435 inconti-

171 2473 281 2514 nenti,
305 2485 374 2506 una
393 2485 473 2506 cum
495 2473 601 2506 dictis
623 2473 780 2505 dominis
803 2473 963 2517 deputati
985 2471 1240 2505 Universitatis
1267 2471 1442 2503 adeuntes
1472 2470 1647 2515 palacium
1677 2469 1738 2502 ubi
1765 2476 1838 2502 erat
1865 2469 2034 2501 dominus

171 2550 232 2571 rex
259 2539 301 2571 ad
331 2551 506 2572 cameram
537 2540 668 2572 secreti
700 2540 768 2580 sui,
802 2538 871 2571 sibi
902 2539 994 2571 dicta
1026 2537 1288 2570 deliberatione
1319 2549 1382 2581 per
1411 2537 1527 2569 dictos
1559 2536 1727 2568 dominos
1758 2535 1941 2580 explicata,
1969 2535 2035 2567 suit

172 2605 374 2638 mandatum
396 2617 460 2650 per
480 2606 597 2650 ipsum
621 2606 806 2638 dominum
829 2617 950 2649 regem
974 2616 1038 2649 pro
1060 2604 1232 2648 episcopo
1259 2603 1455 2635 Parisiensi
1483 2609 1515 2635 et
1544 2602 1686 2634 officiali
1714 2613 1792 2642 suo,
1816 2601 1948 2646 quibus
1969 2601 2034 2632 suit

172 2670 305 2704 dictum
326 2684 368 2704 ex
389 2679 488 2717 parte
510 2672 646 2705 domini
668 2672 766 2716 regis
789 2683 852 2716 per
873 2671 1058 2703 dominum
1081 2670 1125 2702 de
1153 2670 1318 2702 Erminac
1340 2669 1435 2714 quod
1463 2680 1524 2701 rex
1544 2668 1698 2708 volebat,
1722 2668 1818 2712 quod
1839 2668 2032 2712 episcopus

173 2738 387 2770 Parisiensis
409 2745 444 2771 et
469 2738 631 2771 officialis
652 2750 742 2771 suus
763 2745 798 2770 et
824 2744 1052 2782 promotores
1076 2736 1168 2769 dicta
1190 2735 1386 2768 deliberata
1409 2741 1574 2767 tenerent
1594 2741 1628 2767 et
1649 2735 1807 2766 facerent
1829 2745 1835 2765 :
1859 2733 1955 2777 quod
1981 2733 2032 2764 sic

172 2803 238 2835 fuit
264 2792 482 2848 promissum
507 2811 572 2837 tam
596 2816 638 2837 ex
659 2811 758 2849 parte
780 2803 1035 2837 Universitatis
1057 2815 1161 2847 quam
1185 2814 1227 2834 ex
1248 2808 1346 2846 parte
1368 2801 1505 2833 domini
1526 2800 1687 2845 episcopi
1717 2806 1746 2832 ct
1778 2799 1939 2832 officialis
1962 2798 2028 2830 sui.

173 2869 251 2912 Quo
279 2870 384 2910 facto,
407 2871 524 2903 statim
556 2877 590 2903 et
619 2871 858 2903 incontinenti
880 2870 947 2902 suit
967 2869 1084 2901 (lictus
1112 2868 1263 2901 scolaris
1286 2867 1519 2900 Universitati
1541 2866 1742 2906 restitutus,
1764 2878 1843 2897 cum
1866 2864 2030 2896 cautione
