2488 3386
423 346 488 378 406
1002 349 1317 373 CHARTULARtUM
1353 347 1540 369 UNivssas.
1578 346 1704 368 Pilais.
2188 331 2288 368 [1385

424 429 539 461 dictos
567 428 679 460 libera
708 434 743 459 et
770 433 967 471 spontanea
992 424 1176 457 voluntate
1206 423 1343 466 absque
1370 422 1621 465 cujuscunque
1650 419 1742 464 pacti
1771 430 1882 464 super
1909 418 2059 451 licencia
2087 417 2203 450 danda
2229 417 2287 450 vel

424 496 503 527 loco
534 493 754 538 assignando
781 499 840 525 aut
869 503 979 536 super
1002 491 1118 535 aliqua
1147 489 1212 522 alia
1244 501 1282 521 re
1312 500 1376 532 per
1403 486 1657 520 cancellarium
1687 486 1739 518 eis
1769 485 1932 519 facienda
1960 484 2204 529 prevencione
2230 484 2287 517 vel

423 560 695 593 intervencione
717 570 945 603 quacunque,
969 557 1033 590 sed
1066 556 1205 601 precise
1231 555 1266 587 in
1295 554 1440 598 signum
1462 553 1625 585 virtuose
1645 551 1978 597 congratulacionis
2000 550 2166 595 periculi,
2190 550 2287 595 quod

424 633 629 666 evaserunt,
647 633 682 658 et
701 625 852 658 honoris
874 636 978 669 quem
999 628 1226 667 receperunt,
1245 632 1387 653 necnon
1409 620 1445 652 in
1467 620 1612 664 signum
1634 618 1785 652 honoris
1803 625 1838 651 et
1857 617 2082 658 reverencie,
2099 617 2234 650 favoris
2254 623 2290 650 et

425 693 688 732 benivolencie,
722 691 854 736 quibus
888 691 958 735 ipsi
989 690 1135 722 domino
1168 687 1383 720 cancellario
1405 686 1564 718 filialiter
1584 686 1802 723 afficiuntur,
1831 692 1865 717 et
1897 685 2008 717 eciam
2038 696 2102 729 pro
2133 683 2288 728 gratuita

426 759 682 803 recognicione
703 758 880 798 laborum,
903 768 994 801 quos
1016 755 1253 788 cancellarius
1275 765 1340 798 pro
1363 753 1416 785 eis
1438 752 1650 793 substinuit,
1676 753 1885 799 priusquam
1908 751 2060 796 gradum
2087 750 2288 795 magisterii

426 826 578 859 habeant
599 831 898 858 consommatum.

513 894 614 934 xviij.
640 893 726 923 Item
749 890 847 935 quod
867 902 885 922 a
907 896 1002 922 tanto
1025 895 1200 933 tempore,
1219 887 1316 932 quod
1339 887 1382 920 de
1404 886 1504 919 illius
1525 886 1635 919 inicio
1657 886 1831 918 memoria
1851 885 2037 917 hominum
2059 896 2132 917 non
2153 883 2287 925 existit,

427 958 571 991 solitum
595 964 648 990 est
673 956 903 989 laudabiliter
924 962 959 988 et
986 961 1213 995 consuetum,
1237 961 1276 986 ut
1304 954 1429 999 plures
1459 953 1623 999 magistri
1653 952 1846 993 licenciati,
1878 951 2001 996 plures
2031 950 2226 983 bachalarii
2256 955 2292 982 et

427 1025 586 1058 scolares
607 1023 836 1062 licenciandi,
859 1022 970 1055 eciam
993 1028 1027 1054 et
1049 1033 1122 1053 non
1142 1021 1373 1061 licenciandi,
1400 1027 1435 1053 et
1455 1019 1600 1065 quidam
1623 1019 1682 1052 alii
1704 1019 1850 1051 litterati
1872 1025 1904 1051 et
1931 1030 2003 1050 non
2027 1017 2187 1055 litterati,
2210 1015 2291 1049 laici

427 1098 461 1124 et
480 1091 616 1131 clerici,
639 1089 782 1134 quando
804 1089 857 1121 eis
879 1088 1025 1133 placuit,
1044 1088 1191 1120 domino
1212 1087 1428 1120 cancellario
1452 1086 1509 1120 vel
1531 1087 1610 1131 ejus
1631 1085 1765 1118 familie
1786 1085 1927 1118 mittere
1950 1084 2008 1117 vel
2029 1084 2114 1116 dare
2138 1095 2291 1116 consue-

425 1164 554 1190 verunt
575 1156 755 1189 interdum
777 1155 1004 1188 esculentum
1025 1161 1084 1187 aut
1109 1154 1351 1199 potulentum,
1373 1154 1554 1186 interdum
1577 1152 1644 1185 alia
1669 1152 1762 1185 dona
1782 1151 1840 1184 vel
1866 1150 2081 1184 munuscula
2102 1162 2145 1183 ex
2166 1161 2289 1183 eorum

426 1230 622 1268 spontanea
650 1229 683 1255 et
704 1222 818 1254 libera
840 1221 1038 1261 voluntate,
1060 1222 1151 1254 sicut
1181 1221 1278 1253 filius
1300 1221 1403 1266 patri,
1431 1220 1583 1253 inferior
1607 1219 1802 1264 superiori,
1825 1219 1948 1251 socius
1974 1218 2074 1250 socio
2098 1223 2133 1250 et
2155 1217 2292 1249 amicus

388 1315 390 1317 v
426 1290 552 1329 amico,
576 1289 632 1322 hic
654 1295 687 1321 et
708 1288 805 1328 alibi,
829 1289 872 1321 de
895 1288 1066 1321 laudabili
1090 1299 1190 1320 more
1213 1300 1256 1321 ex
1279 1287 1399 1320 radice
1423 1287 1584 1320 amicicie
1605 1287 1737 1327 facere,
1763 1285 1847 1318 dare
1869 1291 1904 1317 et
1924 1284 2066 1317 mittere
2088 1283 2290 1317 consuevit.

513 1359 588 1389 xix.
616 1357 702 1388 Item
725 1355 821 1400 quod
843 1361 1012 1387 contenta
1028 1367 1045 1387 a
1067 1355 1113 1399 xij
1137 1354 1287 1387 articulo
1306 1366 1421 1398 usque
1443 1354 1486 1386 ad
1509 1352 1884 1397 decimumseptimum
1908 1351 2086 1383 inclusive
2103 1350 2293 1383 observata

426 1430 510 1456 sunt
531 1423 566 1454 in
589 1422 709 1455 studio
726 1429 760 1454 et
776 1422 919 1454 civitate
941 1422 1053 1454 Paris.
1072 1433 1110 1454 ac
1132 1422 1260 1454 usitata
1282 1421 1438 1460 notorie,
1462 1420 1606 1465 publice
1628 1426 1663 1452 et
1684 1419 1886 1459 manifeste,
1904 1424 1939 1451 et
1959 1418 2064 1450 etiam
2086 1416 2292 1450 substancia

426 1490 508 1534 xviij
531 1489 672 1522 articuli
698 1495 765 1521 tam
794 1489 830 1521 in
851 1489 994 1521 civitate
1016 1495 1050 1521 et
1073 1488 1194 1521 studio
1217 1488 1330 1521 Paris.
1353 1499 1457 1532 quam
1485 1488 1521 1519 in
1544 1489 1700 1520 Romana
1726 1486 1825 1519 curia
1851 1492 1886 1518 et
1910 1485 1995 1518 alibi
2020 1484 2175 1517 ubilibet
2199 1484 2295 1516 inter

426 1557 524 1590 viros
541 1556 666 1588 civiles
683 1562 718 1588 et
738 1555 919 1600 politicos,
938 1555 1091 1588 honeste
1109 1562 1144 1587 et
1158 1555 1320 1588 virtuose
1342 1555 1436 1587 inter
1453 1566 1491 1587 se
1512 1554 1763 1594 conviventes,
1782 1559 1816 1585 et
1835 1552 1946 1585 eciam
1964 1551 2097 1584 cotidie
2114 1551 2294 1584 usitantur

427 1622 656 1655 laudabiliter
676 1629 710 1655 et
730 1622 984 1662 observantur,
1007 1622 1086 1654 sine
1109 1622 1245 1655 abusus
1269 1628 1329 1654 aut
1353 1622 1502 1654 alterius
1526 1621 1663 1654 viciose
1684 1619 1984 1665 reprehensionis
2005 1625 2100 1651 nota.

514 1701 577 1722 xx.
604 1690 690 1721 Item
713 1689 809 1733 quod
832 1689 875 1721 de
896 1689 1086 1733 premissis
1104 1689 1273 1721 omnibus
1291 1695 1346 1721 est
1367 1688 1511 1733 publica-
1528 1700 1595 1721 vox
1612 1694 1647 1720 et
1666 1688 1757 1720 fama
1773 1687 1810 1719 in
1827 1686 1969 1719 civitate
1986 1692 2021 1718 et
2041 1684 2162 1718 studio
2179 1683 2292 1717 Paris.

515 1758 592 1798 xxj.
619 1757 704 1788 Item
727 1755 823 1800 quod
845 1756 922 1798 ipse
945 1755 1114 1788 dominus
1136 1767 1238 1788 meus
1260 1755 1499 1788 cancellarius
1520 1756 1556 1787 in
1579 1755 1721 1787 civitate
1743 1760 1778 1787 et
1801 1753 1921 1786 studio
1943 1752 2056 1785 Paris.
2078 1752 2115 1784 in
2137 1752 2294 1784 Romana

429 1822 539 1861 curia,
562 1822 597 1854 in
620 1821 781 1866 partibus
807 1822 884 1854 suis
910 1828 945 1854 et
969 1821 1067 1863 alibi,
1090 1821 1152 1854 ubi
1178 1834 1311 1854 moram
1340 1822 1437 1862 fecit,
1466 1828 1501 1854 et
1526 1822 1588 1854 ubi
1616 1820 1825 1854 conversari
1853 1819 2054 1859 consuevit,
2086 1818 2153 1850 fuit
2180 1824 2215 1850 et
2240 1823 2296 1850 est

430 1889 524 1921 bone
546 1889 649 1927 fame,
672 1888 864 1921 laudabilis
885 1889 956 1921 vite
978 1895 1013 1921 et
1033 1889 1327 1921 conversacionis
1348 1888 1513 1921 honeste.

517 1957 607 1997 xxij.
634 1957 720 1987 Item
743 1955 840 1999 quod
862 1955 942 1987 talis
963 1955 1030 1987 suit
1050 1962 1084 1987 et
1105 1962 1160 1988 est
1179 1956 1274 2000 apud
1295 1955 1412 1988 bonos
1430 1963 1465 1988 et
1484 1967 1627 2001 graves,
1645 1955 1812 1988 noticiam
1835 1954 1951 1999 ipsius
1972 1952 2161 1993 habentes,
2179 1950 2293 1996 palam

431 2028 465 2054 et
485 2021 628 2066 publice
652 2028 838 2066 reputatus
860 2022 897 2053 in
919 2022 1039 2054 studio
1063 2029 1096 2054 et
1117 2022 1258 2055 civitate
1283 2023 1409 2062 Paris,
1433 2023 1469 2054 in
1492 2024 1649 2055 Romana
1671 2022 1781 2063 curia,
1804 2022 1841 2054 in
1862 2020 2025 2066 partibus
2047 2019 2123 2052 suis
2141 2024 2175 2051 et
2195 2017 2295 2058 alibi,

430 2088 492 2121 ubi
513 2100 647 2120 moram
670 2088 811 2120 trahere
833 2095 868 2120 et
888 2089 1097 2121 conversari
1118 2090 1320 2122 consuevit.

517 2156 621 2196 xxiij.
648 2156 735 2187 Item
758 2154 855 2199 quod
883 2167 1009 2188 omnes
1036 2156 1176 2188 articuli
1207 2168 1272 2200 pro
1299 2164 1398 2201 parte
1426 2168 1490 2189 sua
1517 2156 1667 2189 adversa
1691 2156 1728 2188 in
1753 2155 1818 2188 hac
1839 2166 1959 2195 causa,
1989 2151 2296 2187 reverendissime

430 2227 540 2265 pater,
565 2233 682 2253 coram
704 2221 808 2254 vobis
830 2221 901 2254 dati
928 2228 1051 2254 contra
1077 2223 1253 2267 sepedicti
1281 2223 1417 2255 domini
1443 2224 1513 2256 mei
1535 2223 1741 2256 cancellarii
1763 2222 1892 2255 bonam
1914 2222 2055 2262 famam,
2078 2218 2295 2252 laudabilem

432 2287 538 2319 vitam
562 2294 596 2319 et
616 2287 933 2320 conversacionem
957 2287 1144 2321 honestam
1167 2290 1371 2330 tendentes,
1391 2296 1448 2323 aut
1470 2290 1606 2334 aliquid
1628 2301 1692 2334 per
1713 2290 1889 2334 prefatum
1912 2287 2097 2320 dominum
2119 2297 2237 2318 meum
2259 2285 2297 2317 in

432 2353 649 2385 contrarium
678 2365 795 2394 usum,
825 2353 991 2395 abusum,
1020 2361 1135 2387 actum
1157 2355 1214 2388 vel
1243 2363 1486 2401 perpetratum
1517 2357 1788 2401 pretendentes,
1815 2353 2101 2387 inadmissibiles
2122 2358 2207 2385 sunt
2230 2363 2297 2384 nec

434 2419 477 2451 de
494 2420 576 2463 jure
598 2419 731 2452 debent
751 2420 902 2461 admitti,
928 2421 985 2453 vel
1005 2422 1087 2466 quia
1109 2429 1194 2455 sunt
1221 2423 1264 2455 de
1286 2424 1433 2455 materia
1461 2423 1709 2468 impertinenti
1734 2424 1833 2467 juxta
1855 2422 2003 2454 sormam
2026 2418 2297 2452 commissionis

433 2485 643 2529 apostolice,
666 2486 796 2518 virtute
817 2488 921 2530 cujus
943 2488 1141 2531 proceditis
1162 2489 1198 2520 in
1219 2489 1283 2521 hac
1305 2496 1416 2534 parte,
1443 2490 1499 2522 vel
1522 2491 1603 2534 quia
1633 2490 1740 2522 nimis
1762 2488 1952 2534 generales
1974 2493 2008 2519 et
2034 2486 2155 2518 minus
2175 2485 2297 2518 debite

434 2551 645 2595 specificati3
669 2564 707 2584 ac
729 2552 757 2584 si
783 2559 815 2584 ct
839 2553 874 2584 in
897 2561 1067 2597 quantum
1090 2562 1212 2587 contra
1238 2556 1354 2600 ipsius
1379 2557 1516 2588 domini
1542 2557 1611 2589 mei
1638 2556 1767 2589 bonam
1788 2556 1928 2595 famam,
1951 2552 2167 2586 laudabilem
2189 2552 2295 2585 vitam

433 2624 467 2649 et
487 2618 805 2650 conversacionem
828 2618 1013 2652 honestam
1036 2627 1095 2652 aut
1118 2621 1154 2653 in
1177 2633 1416 2666 quancunque
1439 2634 1586 2655 suorum
1610 2629 1724 2655 status
1746 2629 1781 2655 et
1801 2622 1977 2654 bonorum
2001 2618 2296 2664 denigracionem

432 2683 518 2716 alias
540 2684 657 2716 facere
678 2684 901 2725 viderentur,
925 2693 1009 2718 sunt
1032 2687 1203 2719 mendose
1224 2688 1367 2721 conficti
1389 2701 1431 2721 ex
1456 2690 1615 2734 appetitu
1636 2689 1794 2722 vindicte
1816 2688 2007 2721 occasione
2028 2685 2298 2731 indignacionis

434 2761 498 2794 per
514 2750 655 2794 aliquos
677 2757 850 2794 concepte
868 2758 991 2784 contra
1013 2764 1094 2784 eum
1117 2765 1159 2785 ex
1179 2766 1285 2786 causa
1306 2756 1504 2799 prioritatis
1527 2756 1638 2796 sedis,
1659 2756 1702 2788 de
1724 2767 1792 2800 qua
1813 2755 1903 2787 infra
1925 2753 2076 2786 articulo
2097 2753 2193 2796 xxxj
2210 2751 2298 2784 satis

435 2815 538 2859 plane
557 2816 726 2860 tangitur,
747 2823 805 2848 aut
826 2828 869 2848 ex
890 2818 1024 2850 invidia
1044 2818 1245 2863 aliquorum
1269 2827 1303 2852 et
1324 2822 1483 2865 appetitu
1504 2834 1593 2854 vane
1615 2822 1779 2866 glorie,
1804 2833 1872 2854 una
1893 2832 1973 2853 cum
1991 2820 2119 2853 affectu
2136 2818 2298 2863 proprio-

435 2894 510 2914 rum
534 2882 714 2914 commodi
735 2889 770 2914 et
790 2882 954 2924 honoris,
972 2884 1028 2916 vel
1054 2885 1123 2918 alio
1146 2887 1274 2930 quovis
1297 2887 1445 2920 sinistro
1468 2889 1600 2920 motivo
1623 2889 1756 2933 potius,
1780 2900 1884 2932 quam
1911 2899 1953 2920 ex
1979 2886 2055 2919 zelo
2072 2885 2220 2930 justicie
2240 2884 2298 2917 vel
