2488 3386
469 364 533 396 652
1294 372 1511 393 APPENDIX.

556 448 593 481 ([ι)
608 449 681 474 Item
696 448 806 481 antique
821 447 904 476 scole,
920 447 1050 473 videlicet
1065 454 1162 481 mayne
1175 448 1203 473 et
1215 447 1269 473 alie
1282 455 1340 480 que
1352 448 1421 472 sunt
1437 447 1558 472 honeste
1573 448 1601 472 et
1616 454 1675 480 que
1689 446 1784 473 solum
1795 448 1864 473 sunt
1877 447 2016 480 deputate
2030 449 2059 473 et
2071 447 2205 474 ordinate
2217 447 2253 473 ad
2269 456 2338 474 usus

468 497 621 525 scolarum,
639 496 775 530 primitus
793 496 961 528 repleantur
975 496 1142 522 doctoribus
1157 498 1185 522 et
1198 495 1370 525 baccalariis‚
1392 503 1483 528 quam
1499 495 1553 521 alie
1569 503 1626 529 que
1642 495 1763 522 fuerunt
1782 498 1810 522 et
1825 496 1895 522 sunt
1914 496 2021 522 domus
2040 496 2150 529 private
2174 498 2202 522 et
2216 497 2253 522 ad
2268 497 2345 523 alios*

470 553 537 571 usus
550 553 640 578 quam
654 545 796 570 scolarum
811 546 934 577 possunt
948 545 1052 570 cotidie
1064 545 1212 578 applicari.
1761 567 1763 569 .

557 594 595 628 (5)
613 595 683 620 Item
699 594 779 627 quod
792 593 934 619 terminus
950 593 1094 619 scolarum
1107 593 1204 626 quoad
1220 593 1372 626 pensiones
1386 593 1535 618 solvendas
1550 592 1669 626 incipiet
1683 593 1714 619 in
1728 593 1799 619 sesto
1814 593 1904 620 sancti
1920 593 2053 627 Remigii,
2069 595 2098 620 et
2112 593 2230 620 durabit
2245 601 2338 628 usque

469 643 504 668 ad
518 643 623 669 festum
639 642 714 668 beati
729 642 852 675 Remigii
867 642 999 675 sequenti
1014 650 1092 667 anno
1108 642 1248 668 revoluto.

558 691 596 725 (6)
611 692 684 717 Item
704 691 852 717 baccalarii
874 691 1000 724 legentes
1021 691 1051 716 in
1068 691 1152 716 nonis
1177 690 1273 716 Sancti
1288 690 1386 716 Jacobi
1402 690 1445 716 vel
1470 690 1554 716 Beate
1570 690 1656 717 Marie
1670 690 1701 716 in
1716 691 1796 717 scolis
1812 691 1899 717 bassis
1921 691 2009 717 etiam
2031 691 2211 721 melloribus‚
2227 687 2339 718 solvent

470 740 659 773 proprietario
678 739 850 766 earumdem
872 740 1026 765 dumtaxat
1047 739 1192 771 sexaginta
1215 739 1319 764 solidos
1339 739 1499 772 parisiens,
1517 739 1571 765 nisi
1586 739 1691 765 melius
1706 740 1804 766 forum
1819 740 1970 774 potuerint
1985 740 2099 766 habere.
2119 740 2257 773 Legentes
2271 747 2339 767 vero

470 790 499 814 in
513 789 619 814 eisdem
635 788 713 814 horis
727 789 758 814 in
770 788 831 813 aliis
846 788 926 814 scolis
941 788 1051 813 solvent
1066 787 1259 821 quadraginta
1274 787 1379 813 solidos
1394 788 1541 821 parisiens.

557 836 597 872 (7)
610 838 683 863 Item
698 837 771 863 scole
791 838 851 862 tam
875 837 932 862 alte
947 844 1037 870 quam
1054 837 1131 862 basse
1150 836 1272 869 singulis
1286 836 1370 862 annis
1385 844 1436 870 per
1453 836 1599 862 decanum
1613 845 1682 863 cum
1697 837 1843 871 deputatis
1857 837 2064 867 visitabuntur,
2080 839 2114 863 ut
2132 837 2265 863 videatur
2280 844 2338 871 que

470 887 588 912 honeste
603 888 630 912 et
642 886 774 911 decentes
789 887 839 910 aut
852 885 1016 911 indecentes
1030 885 1066 910 ad
1079 885 1238 918 legendum
1254 884 1464 918 reperientur2.
1481 886 1510 911 et
1525 885 1581 911 hoc
1594 887 1662 911 ante
1677 886 1784 912 festum
1800 886 1876 912 beati
1890 886 2022 912 Dionisii.

558 934 595 969 (8)
609 935 681 960 Item
697 942 749 967 pro
763 934 876 966 magnis
891 934 972 959 scolis
986 934 1093 959 debent
1109 934 1183 959 tradi
1198 942 1251 967 pro
1266 934 1405 967 pensione
1417 934 1449 959 in
1465 934 1550 960 nonis
1563 934 1647 960 Beate
1662 934 1748 961 Marie
1763 936 1893 968 quatuor
1907 934 1979 961 libre
1991 935 2152 969 parisiens„
2168 937 2197 962 et
2209 935 2240 961 in
2253 935 2339 962 nonis

471 984 566 1009 Sancti
580 983 677 1009 Jacobi
688 983 832 1016 sexaginta
848 982 930 1008 solidi
945 982 1104 1015 pai-lsiens.,
1122 982 1176 1008 nisi
1190 982 1295 1008 melius
1307 983 1406 1008 forum
1421 983 1572 1016 potuerint
1587 982 1719 1009 habere³.

563 1066 630 1089 Bibl.
647 1068 736 1089 Arsen.
753 1065 835 1089 Paris.
852 1073 900 1090 ms
919 1066 987 1091 1121,
1004 1069 1078 1097 parte
1094 1066 1138 1093 III,
1153 1075 1179 1097 p.
1195 1066 1232 1093 81,
1250 1074 1263 1089 e
1279 1066 1340 1088 msto
1356 1066 1538 1089 Cheltenhnm.
1555 1067 1624 1095 2863,
1639 1066 1686 1095 ib„
1704 1066 1749 1090 sol.
1763 1066 1850 1090 XXIX.

563 1151 584 1174 1.
599 1151 701 1182 Ubique
716 1154 776 1174 tunc
786 1151 827 1174 hic
839 1160 901 1174 usus
911 1151 1003 1182 viguit.
1017 1151 1091 1178 Quod
1110 1150 1279 1173 manifestum
1295 1153 1406 1181 apparet
1422 1151 1508 1182 quoad
1524 1150 1657 1174 nationem
1669 1151 1779 1182 Angliae
1792 1159 1839 1174 seu
1851 1150 2029 1179 Alemanniae,
2042 1150 2068 1174 in
2077 1153 2197 1175 Auctar.
2208 1151 2338 1176 Chartul.

470 1195 494 1218 in
509 1195 620 1218 diversis
634 1195 707 1219 locis.
727 1209 755 1212 —-
771 1197 793 1219 2.
810 1196 856 1219 Ms.
873 1204 877 1218 :
896 1205 907 1218 «
922 1195 1114 1226 recipientur».
1130 1209 1160 1212 -
1175 1196 1198 1218 3.
1212 1195 1306 1218 Postea
1321 1195 1347 1217 in
1364 1195 1434 1223 msssff.
1450 1203 1477 1226 p.
1494 1196 1532 1223 85,
1550 1195 1670 1227 sequitur
1685 1195 1832 1219 Concordia
1847 1204 1930 1227 supra
1945 1199 1974 1218 n⁰
1989 1195 2050 1218 1523
2062 1195 2142 1219 edita.

475 1348 614 1385 1708.
640 1367 654 1381 «
669 1358 835 1382 duramenta
847 1356 1008 1392 prestanda
1020 1365 1073 1392 per
1089 1356 1154 1382 illos
1170 1357 1219 1392 qui
1234 1356 1275 1382 ad
1289 1357 1468 1383 doctor-atum
1485 1358 1672 1393 recipiuntur.
1690 1367 1704 1382 »

556 1453 591 1487 (1)
609 1454 705 1479 Primo
718 1453 748 1478 in
763 1453 809 1479 die
826 1453 1044 1486 presentationis
1059 1455 1227 1486 presentans
1243 1461 1272 1479 se
1288 1455 1356 1480 ante
1370 1461 1506 1479 occasum
1519 1454 1584 1479 solis
1599 1455 1727 1487 prestare
1745 1453 1831 1480 debet
1851 1454 1933 1480 solita
1945 1453 2125 1487 juramenta,
2142 1453 2212 1480 alias
2223 1461 2337 1488 presen-

469 1503 539 1528 tatio
554 1504 595 1528 est
609 1502 670 1536 ipso
686 1503 759 1528 facto
775 1502 866 1527 nulla.

556 1551 594 1585 (a)
611 1551 637 1577 Si
651 1553 750 1576 tamen
764 1551 868 1584 aliquis
883 1558 910 1577 se
926 1551 1131 1584 presentaverit
1146 1551 1175 1576 in
1193 1551 1239 1577 die
1255 1551 1369 1577 licentie
1388 1551 1419 1577 in
1436 1551 1514 1577 bassa
1531 1551 1639 1585 capella
1654 1551 1781 1585 episcopi
1799 1551 1897 1581 Paris„
1911 1551 1977 1577 ilico
1992 1552 2021 1577 et
2037 1548 2233 1578 incontinenti
2252 1549 2340 1578 debet

469 1602 594 1634 prestare
602 1600 769 1633 juramenta
782 1600 873 1628 solita.
890 1600 998 1633 quibus
1012 1600 1137 1633 prestitis
1151 1600 1290 1626 omnibus
1305 1600 1366 1626 aliis
1378 1600 1540 1629 IIcentiatis,
1557 1608 1609 1634 per
1624 1600 1824 1634 quodcunque
1836 1601 1955 1634 tempus
1969 1600 2079 1626 fuerint
2093 1600 2174 1634 prius
2188 1600 2338 1630 licentiati.

469 1650 623 1683 prefertur.

557 1698 595 1732 (3)
610 1699 682 1724 Item
705 1698 725 1723 si
750 1698 826 1723 inter
847 1697 1092 1731 presentationem
1112 1699 1140 1724 et
1160 1698 1323 1731 juramenti
1343 1698 1544 1732 prestitionem
1565 1698 1670 1732 aliquis
1688 1698 1839 1731 antiquior
1856 1697 2021 1724 licentiatus
2040 1705 2068 1724 se
2083 1697 2291 1732 presentaverit
2310 1698 2340 1724 et

465 1748 633 1780 juramenta
647 1747 813 1779 prestiterit,
831 1747 976 1779 prefertur
991 1748 1156 1780 presentato
1169 1754 1229 1773 non
1241 1747 1351 1780 jurato.

557 1796 596 1830 (4)
610 1797 683 1821 Item
699 1795 822 1829 quilibet
841 1803 868 1821 se
883 1795 967 1821 debet
983 1797 1147 1829 presentare
1164 1796 1334 1829 simpliciter
1348 1797 1376 1822 et
1391 1796 1523 1822 absolute
1542 1798 1668 1822 cessante
1685 1803 1876 1830 quacumque
1895 1795 2072 1825 conditione,
2088 1795 2157 1822 alias
2171 1803 2205 1822 ex
2218 1802 2339 1829 presen-

469 1845 577 1870 tatione
592 1852 652 1870 non
667 1845 829 1878 acquiritur
841 1845 893 1870 sibi
903 1845 951 1878 jus
965 1852 1017 1870 nec
1032 1845 1063 1870 in
1075 1853 1106 1871 re
1121 1852 1174 1871 nec
1186 1845 1222 1870 ad
1237 1853 1310 1871 rem.

557 1893 597 1928 (5)
612 1894 685 1919 Item
700 1893 830 1919 decetero
845 1893 950 1927 aliquis
964 1901 1024 1919 non
1040 1895 1134 1926 potest
1149 1894 1275 1927 incipere
1289 1894 1320 1920 in
1334 1894 1461 1920 Decretis
1476 1894 1531 1920 nisi
1546 1894 1632 1924 solus,
1648 1894 1703 1920 nisi
1718 1902 1769 1928 per
1783 1893 1941 1927 collegium
1953 1893 2042 1919 fuerit
2056 1893 2267 1927 dispensatum.

557 1942 595 1977 (6)
610 1943 683 1968 Item
699 1942 799 1968 nullus
814 1942 969 1975 recipiatur
983 1942 1019 1968 ad
1034 1942 1229 1972 doctoratum.
1245 1943 1298 1968 nisi
1312 1943 1409 1976 primo
1420 1944 1500 1977 juret
1514 1951 1615 1977 pacem
1633 1944 1661 1969 et
1678 1942 1914 1976 tranquilitatem
1929 1942 2082 1969 servarein
2097 1942 2218 1975 collegio
2233 1941 2339 1969 Decre-

470 1993 569 2018 torum
584 1993 612 2017 et
626 1992 702 2017 inter
717 1991 846 2024 singulos
858 1991 987 2017 doctores
1000 1993 1144 2025 presentes
1158 1993 1186 2018 et
1201 1992 1325 2018 futuros.

558 2040 598 2075 (7)
613 2041 685 2066 Item
699 2048 759 2066 non
774 2040 899 2066 revelare
912 2042 1016 2066 secreta
1029 2041 1141 2074 collegii
1157 2041 1347 2067 Decretorum
1362 2049 1415 2067 nec
1427 2041 1648 2067 deliberationes
1663 2048 1716 2067 nec
1730 2040 1887 2067 deliberata
1901 2040 2067 2066 doctorum.

559 2089 598 2123 (8)
615 2090 687 2115 Item
705 2089 784 2122 quod
800 2089 892 2122 pridie
907 2089 950 2115 sui
968 2089 1103 2122 principii
1124 2090 1250 2116 visitabit
1270 2090 1400 2123 singulos
1421 2090 1553 2116 doctores
1574 2090 1605 2115 in
1620 2089 1758 2116 domibus
1771 2090 1914 2123 ipsorum,
1930 2088 2039 2115 eisdem
2054 2088 2245 2123 supplicando
2260 2089 2296 2115 ut
2308 2087 2341 2114 in

470 2138 608 2165 omnibus
622 2138 680 2164 suis
692 2138 803 2164 actibus
816 2138 966 2164 scolasticis
981 2140 1009 2164 et
1021 2139 1052 2164 in
1065 2139 1189 2172 prandio
1204 2139 1247 2165 sui
1262 2139 1430 2165 doctoratus
1446 2139 1536 2165 velint
1548 2139 1694 2165 interesse.

558 2186 598 2221 (9)
611 2188 684 2213 Item
694 2187 804 2220 jurabit
819 2188 936 2217 statuta,
950 2187 1027 2220 jura,
1044 2187 1201 2217 libertates,
1218 2188 1412 2221 privilegia....
1427 2188 1506 2214 illesa
1520 2189 1549 2214 et
1560 2188 1653 2214 illesas
1667 2195 1777 2214 servare
1780 2205 1835 2217 .....
1851 2186 2044 2214 deffendere&

559 2236 615 2270 (10)
628 2237 701 2262 Item
716 2236 796 2269 quod
810 2236 846 2262 de
860 2236 959 2268 positis
972 2236 1001 2261 in
1015 2236 1222 2262 deliberatione
1235 2245 1286 2270 per
1298 2237 1444 2263 decanum
1457 2237 1570 2270 collegii
1584 2236 1729 2262 facultatis
1741 2236 1932 2262 Decretorum
1946 2236 2070 2262 fideliter
2082 2234 2246 2262 secundum
2256 2241 2340 2260 suam

471 2284 686 2313 conscientiam,
709 2293 769 2310 non
788 2285 894 2310 ductus
913 2285 1019 2311 timore
1038 2285 1082 2311 vel
1105 2285 1172 2311 odio
1192 2293 1244 2312 nec
1263 2286 1369 2315 favore,
1387 2286 1435 2312 sed
1455 2285 1536 2319 quod
1555 2285 1718 2312 secundum
1738 2285 1834 2311 Deum
1853 2286 1882 2311 et
1900 2285 2046 2318 justitiam
2067 2284 2162 2311 eidem
2183 2282 2339 2313 videbitur,

471 2334 666 2366 respondebit.

560 2381 615 2416 (11)
631 2383 703 2407 Item
719 2382 798 2415 quod
813 2382 901 2408 solvet
915 2382 1027 2408 doctori
1046 2390 1108 2412 suo,
1129 2383 1183 2408 sub
1201 2391 1261 2416 quo
1275 2383 1403 2416 incipiet.
1420 2384 1510 2410 bonas
1524 2385 1553 2410 et
1567 2383 1702 2409 honestas
1717 2383 1800 2409 robas
1817 2390 1867 2409 seu
1884 2384 1973 2409 vestes
1987 2382 2022 2408 de
2037 2388 2136 2415 panno
2150 2380 2187 2407 de
2203 2379 2341 2406 Brucellis

472 2438 522 2456 seu
536 2431 571 2456 de
584 2431 726 2456 consimili
746 2431 811 2456 villa
831 2431 951 2456 notabili
968 2432 1003 2457 ad
1024 2439 1163 2465 magnam
1185 2440 1365 2458 mensuram.
1383 2433 1418 2458 Et
1436 2433 1525 2459 etiam
1541 2433 1700 2458 forraturas
1716 2432 1752 2458 de
1767 2432 1850 2457 honis
1868 2431 1982 2465 pennis,
1999 2431 2036 2457 de
2049 2430 2152 2463 grossis
2166 2431 2195 2455 et
2216 2428 2341 2455 mInutis

472 2479 555 2505 variis
569 2487 638 2505 cum
653 2487 721 2512 capa
736 2479 771 2504 de
783 2480 902 2505 scarleto
917 2488 985 2506 cum
1000 2481 1103 2513 pennis
1118 2482 1207 2514 prout
1217 2483 1258 2507 est
1273 2481 1336 2507 fieri
1350 2483 1536 2507 consuetum*
1553 2480 1700 2514 Religiosis
1713 2488 1780 2507 vero
1796 2480 1963 2506 doctoribus
1976 2480 2027 2506 fiet
2039 2478 2192 2505 satisfactio
2206 2478 2238 2504 in
2253 2477 2339 2511 equi·-

473 2528 588 2554 valenti.

562 2575 619 2611 (12)
641 2577 714 2602 Item
734 2577 851 2602 cuilibet
874 2577 986 2603 bedello
1009 2577 1164 2604 doctorum
1185 2586 1249 2605 vere
1267 2579 1435 2612 regentium
1455 2580 1584 2613 quatuor
1603 2578 1708 2605 solidos
1726 2577 1886 2611 parisiens„
1903 2579 1932 2604 et
1947 2577 2066 2604 cuilibet
2084 2575 2252 2602 subbedello
2266 2574 2341 2602 duos

471 2625 586 2651 solidos.

558 2673 615 2708 (13)
630 2674 703 2700 Item
722 2674 803 2707 quod
821 2674 896 2699 infra
916 2675 1085 2707 quindecim
1100 2676 1159 2702 dies
1180 2677 1266 2703 utiles
1283 2677 1403 2711 incipiet
1418 2677 1448 2703 in
1463 2677 1599 2706 Decretis,
1623 2676 1676 2710 qui
1690 2676 1750 2703 dies
1772 2676 1858 2702 utiles
1879 2675 2099 2709 intelliguntur,
2115 2675 2150 2700 ut
2164 2673 2279 2700 dictum
2297 2675 2340 2701 eet

471 2730 567 2757 supra,
581 2723 612 2748 in
625 2722 741 2748 rubrica
755 2722 787 2747 de
799 2722 924 2748 admissis
939 2723 975 2748 ad
990 2724 1119 2750 lecturam
1134 2725 1344 2751 Decretalium2.

557 2771 614 2805 (1ίι)
629 2771 702 2797 Item
715 2772 881 2804 presentans
895 2771 981 2797 debet
995 2773 1152 2800 satisfacere
1164 2774 1276 2800 doctori
1289 2782 1341 2801 suo
1398 2774 1460 2810 (sic)
1473 2775 1518 2801 vel
1529 2774 1705 2801 concordare
1721 2782 1792 2801 cum
1806 2774 1874 2808 ipsis
1888 2773 1964 2799 infra
1978 2772 2057 2799 diem
2073 2771 2239 2798 naturalem
2254 2779 2339 2798 com—

470 2820 640 2853 putandum
654 2826 670 2845 a
685 2819 744 2845 fine
758 2819 814 2845 diei
830 2820 1060 2852 presentationis.
1301 2844 1303 2846 ,

557 2867 614 2902 (15)
627 2868 700 2894 Item
715 2868 737 2893 si
752 2868 827 2893 ultra
844 2868 1012 2900 quindecim
1026 2869 1085 2895 dies
1100 2870 1184 2896 utiles
1197 2871 1342 2898 distulerit
1356 2872 1447 2899 facere
1459 2872 1600 2906 vesperias
1614 2873 1643 2899 et
1657 2872 1775 2902 festum.
1793 2879 1854 2897 non
1867 2872 1963 2905 potest
1978 2870 2104 2904 incipere
2117 2869 2172 2896 nisi
2186 2868 2339 2903 prehabita

468 2917 689 2951 dispensatione.
706 2924 764 2950 que
778 2916 818 2942 ita
832 2917 954 2949 gratiosa
969 2919 1020 2947 est,
1037 2919 1118 2951 quod
1132 2927 1210 2945 unus
1224 2921 1301 2947 solus
1315 2921 1417 2947 doctor
1430 2922 1570 2947 omnibus
1583 2921 1646 2947 aliis
1660 2920 1909 2948 consentientibus
1922 2921 2019 2954 potest
2030 2916 2209 2946 interimere.
