2508 3372
177 735 199 771 1
212 734 316 771 193.
344 744 493 771 Ordinatio
512 745 639 781 Capituli
652 745 797 780 generalis
816 746 931 772 Ordinis
950 747 1145 773 Cisterciensis
1161 748 1196 774 de
1211 748 1316 774 studiis
1331 750 1454 781 fratr-um
1472 749 1499 773 in
1515 749 1596 774 domo
1614 751 1640 775 S.
1659 750 1800 775 Bernardi
1813 751 1906 776 Paris.

1309 831 1384 859 7350,
1401 830 1558 863 Septembris
1574 832 1609 861 12,
1626 831 1747 858 cistercii.

262 915 302 946 In
337 914 479 947 civitate
512 916 685 960 Pragensi
715 916 907 961 metropoli
932 917 1036 961 regni
1070 917 1242 950 Bohemie
1273 918 1460 951 ordinatur
1489 919 1660 951 constitui
1695 920 1854 952 studium
1885 920 2033 953 Ordinis

174 980 358 1024 generale,
387 980 431 1013 ad
457 981 553 1025 quod
584 982 724 1015 mittant
751 983 959 1027 quicunque
983 983 1179 1025 voluerint,
1206 984 1289 1016 dum
1317 991 1434 1016 tamen
1460 983 1675 1018 observetur
1700 992 1869 1018 statutum
1896 986 2032 1018 domini

174 1058 264 1091 pape
291 1047 478 1079 Benedicti
504 1048 548 1080 de
574 1048 694 1081 studio
723 1049 953 1089 Parisiensi',
976 1050 1033 1082 cui
1061 1062 1134 1082 non
1160 1050 1359 1083 intenditur
1384 1050 1565 1083 ullatenus
1586 1051 1766 1096 derogari,
1795 1058 1829 1084 et
1854 1059 2035 1085 remaneat

176 1112 309 1145 dictum
332 1113 490 1146 studium
517 1114 585 1147 sub
607 1115 784 1159 regimine
806 1115 945 1148 abbatis
966 1116 1010 1148 de
1031 1116 1122 1148 Aula
1144 1117 1254 1161 Regia
1275 1117 1311 1148 in
1333 1117 1557 1161 plenitudine
1579 1118 1760 1150 ordinarie
1781 1118 1981 1162 potestatis.

264 1179 459 1212 Ordinacio
486 1180 596 1213 studii
627 1181 746 1214 Sancti
774 1181 974 1214 Bernhardi
1004 1182 1220 1215 Parisicnsis
1247 1190 1407 1215 remanet
1429 1195 1541 1227 penes
1567 1184 1770 1228 Capitulum
1795 1184 1977 1229 generale,
2001 1191 2035 1217 et

176 1257 240 1290 per
261 1246 446 1278 dominum
469 1247 750 1280 Cisterciensem
779 1255 813 1280 et
838 1248 917 1292 iiij0‘
937 1248 1093 1293 prim0s²
1116 1249 1151 1281 in
1177 1249 1314 1281 Ordine
1335 1249 1424 1282 vicis
1446 1261 1510 1282 sue
1535 1256 1594 1282 aut
1615 1262 1739 1282 eorum
1765 1251 2033 1283 commissarios

175 1311 380 1344 visitabitur
410 1313 629 1345 successive.
659 1313 736 1355 Que
761 1314 924 1346 visitacio
951 1313 1011 1346 fiat
1040 1314 1137 1346 omni
1163 1326 1256 1346 anno
1277 1315 1370 1347 circa
1390 1315 1520 1347 festum
1547 1315 1641 1347 beati
1666 1315 1839 1348 Johannis
1861 1316 2031 1361 Baptiste.

177 1379 220 1411 Et
249 1377 460 1411 cellerarius
491 1378 601 1411 studii
633 1378 727 1411 beati
759 1379 959 1412 Bernhardi
989 1392 1054 1424 per
1083 1380 1298 1413 diffinitores
1331 1381 1497 1425 eligetur.
1531 1381 1656 1413 Eidem
1691 1388 1806 1414 autem
1846 1381 2033 1414 cellerario

176 1443 372 1485 inhibetur,
395 1456 439 1477 ne
460 1451 620 1477 mutuum
644 1445 856 1478 contrahere
878 1446 969 1478 ultra
990 1445 1120 1478 bursas
1141 1446 1332 1479 scolarium
1350 1447 1478 1479 audeat
1493 1447 1563 1479 nisi
1580 1447 1624 1479 de
1642 1447 1874 1480 diffinitorum
1892 1448 2034 1480 lleentia

176 1510 337 1556 speciali.

266 1578 439 1611 Statuitur
467 1578 570 1611 etiam
603 1578 699 1623 quod
730 1590 856 1611 omnes
890 1585 1033 1623 recepte
1059 1578 1144 1611 dicti
1171 1579 1279 1611 studii
1312 1585 1379 1611 tam
1407 1579 1450 1611 de
1478 1579 1599 1612 bursis
1630 1591 1732 1624 quam
1765 1580 1808 1612 de
1835 1580 2036 1612 redditibus

177 1656 281 1689 quam
309 1644 414 1677 etiam
436 1644 481 1677 de
507 1644 718 1677 elemosinis
740 1651 775 1677 et
799 1644 954 1690 leg[at]is
975 1657 1013 1677 ac
1040 1645 1143 1677 etiam
1169 1644 1458 1678 obvencionibus
1483 1645 1760 1690 quibuscunque
1782 1646 1974 1678 deveniant
1993 1647 2034 1678 ad

177 1722 320 1743 manum
345 1710 523 1743 cellerarii
548 1711 634 1743 dicti
657 1711 741 1751 loci,
765 1717 799 1743 et
822 1723 886 1756 per
909 1711 1027 1755 ipsum
1061 1711 1281 1755 recipiantur
1305 1717 1339 1743 et
1369 1711 1618 1755 expendantur
1640 1718 1748 1756 prout
1776 1712 1819 1744 ad
1850 1712 2035 1744 utilitatem

179 1777 289 1810 studii
309 1776 492 1810 videbitur
509 1777 692 1822 expedire,
711 1789 750 1810 ac
770 1777 814 1809 de
836 1777 926 1822 ipsis
943 1777 1144 1810 secundum
1166 1777 1437 1810 ordinacionem
1459 1778 1596 1810 domini
1613 1778 1800 1810 Benedicti
1822 1790 1911 1822 pape
1928 1790 2038 1823 super

178 1843 245 1876 hoc
267 1843 397 1876 editam
419 1843 563 1876 fidelem
581 1850 745 1876 teneatur
762 1844 916 1876 reddere
933 1844 1120 1876 rationem.

267 1911 416 1942 Bursam
439 1909 615 1954 integram
634 1916 803 1943 tenentur
824 1910 967 1943 solvere
989 1910 1148 1943 scolares
1170 1910 1260 1942 infra
1278 1922 1437 1943 mensem
1460 1922 1478 1942 a
1498 1911 1591 1943 festo
1612 1910 1705 1943 beati
1727 1911 1893 1955 Remigii,
1918 1911 1975 1944 vel
1995 1911 2038 1943 al)

177 1976 354 2010 adventus
375 1976 431 2009 sui
452 1982 613 2020 tempore
635 1977 878 2021 computandi.

267 2042 337 2085 Qui
360 2054 447 2076 vero
477 2043 514 2074 in
540 2043 718 2088 principio
746 2043 884 2088 Aprilis
913 2043 1092 2084 venerint,
1120 2043 1262 2076 solvant
1291 2043 1474 2075 dimidiam
1505 2043 1664 2081 bursam‚
1695 2043 1855 2088 alioquin
1883 2055 1925 2075 ex
1956 2050 2038 2076 tunc

180 2109 322 2142 solvere
344 2108 607 2153 compellantur
627 2121 692 2154 pro
716 2116 789 2142 rata
811 2109 985 2154 temporis
1010 2121 1080 2154 quo
1103 2109 1139 2141 in
1165 2109 1285 2142 studio
1309 2116 1574 2150 remanserunt⁷
1598 2116 1632 2141 et
1653 2121 1695 2141 ex
1715 2116 1799 2141 tunc
1826 2109 1963 2141 eisdem
1989 2109 2039 2141 nil

180 2175 224 2208 de
245 2175 352 2208 bonis
372 2175 627 2208 communibus
649 2176 887 2208 ministretur.
910 2177 983 2208 Nec
1004 2176 1110 2208 alicui
1133 2176 1316 2208 recedenti
1338 2176 1381 2207 de
1403 2176 1524 2208 studio
1545 2182 1625 2208 aute
1651 2188 1781 2208 annum
1809 2175 2037 2220 completum⁷

180 2241 240 2274 fiat
259 2241 377 2286 aliqua
399 2242 580 2274 restitutio
603 2241 713 2275 burse
740 2254 805 2275 sue
830 2242 902 2274 nisi
928 2242 972 2274 de
1000 2242 1056 2274 sui
1083 2254 1252 2274 recessus
1282 2254 1388 2275 causa
1418 2242 1593 2286 legittima
1623 2254 1661 2274 ac
1688 2242 1892 2274 necessaria
1916 2242 2042 2274 fecerit

180 2307 322 2352 plenam
354 2307 474 2340 fidem.
507 2308 550 2340 Et
579 2308 609 2340 si
637 2307 769 2352 aliquis
799 2307 934 2340 ibidem
966 2308 1166 2340 decesserit
1193 2314 1251 2340 aut
1282 2314 1470 2340 revocatus
1493 2308 1601 2339 suerit
1629 2307 1686 2340 vel
1716 2307 1904 2348 remissus,
1931 2307 2041 2340 abbas

180 2373 279 2406 illius
301 2374 331 2406 si
352 2373 509 2407 voluerit
528 2374 637 2406 alium
664 2375 779 2407 mittat
799 2375 842 2407 ad
868 2374 1042 2415 studium,
1066 2374 1124 2406 cui
1146 2374 1372 2406 ministretur
1397 2374 1441 2406 de
1467 2373 1573 2406 bonis
1594 2373 1860 2406 communitatis
1881 2380 1988 2418 prout
2008 2380 2042 2406 ct

181 2439 261 2473 aliis
281 2452 346 2484 pro
364 2440 511 2473 residuo
529 2440 623 2473 dicte
644 2440 766 2473 burse.
785 2442 858 2473 Nec
879 2441 985 2473 alicui
1007 2440 1106 2473 tarde
1123 2440 1284 2473 venienti
1300 2439 1436 2484 aliquid
1453 2440 1496 2472 de
1519 2439 1611 2472 dicta
1627 2439 1735 2472 bursa
1752 2440 1959 2472 desalcetur.

270 2506 339 2549 Qui
364 2518 450 2539 vero
475 2507 594 2539 minus
618 2519 722 2551 quam
745 2507 875 2539 dictam
905 2506 1052 2539 bursam
1081 2512 1228 2539 taxatam
1254 2505 1534 2545 inbursaverint,
1567 2505 1678 2537 nichil
1705 2505 1841 2537 eisdem
1866 2505 1909 2537 de
1936 2505 2040 2537 bonis

182 2571 435 2605 communibus
457 2573 693 2606 ministretur.

271 2638 377 2681 Quod
413 2639 444 2671 si
481 2639 640 2672 scolares
681 2639 759 2672 sine
792 2639 1047 2671 inbursacione
1078 2645 1160 2683 post
1188 2639 1317 2671 festum
1349 2637 1518 2670 Omnium
1550 2637 1759 2670 Sanctorum
1791 2637 2041 2677 remanserint,

184 2704 397 2737 sententiam
420 2705 802 2738 excommunicationis
824 2717 863 2738 se
884 2705 1053 2738 noverint
1072 2705 1284 2745 incurrisse,
1308 2711 1342 2736 et
1362 2703 1619 2736 nichilominus
1637 2703 1704 2736 sub
1725 2703 1847 2735 eadem
1870 2715 1959 2747 pena
1981 2714 2044 2747 per

185 2770 396 2815 magistrum
426 2772 651 2816 provisorem
683 2779 718 2804 et
745 2771 949 2804 bacularios
977 2771 1020 2804 de
1053 2771 1174 2803 studio
1205 2770 1442 2815 expellantur.
1476 2770 1632 2801 Eandem
1666 2768 2044 2801 excommunicationis

186 2837 399 2869 sententiam
425 2838 468 2870 ad
495 2838 699 2871 residentes
727 2838 887 2870 Parisius
916 2838 1106 2870 occasione
1135 2836 1294 2881 predicta
1321 2836 1412 2868 ultra
1440 2835 1534 2867 diem
1563 2835 1907 2879 quintumdecimum
1940 2834 2043 2877 Capi-

310 2898 355 2914 *ss
379 2894 473 2919 Chart.
496 2894 574 2919 Univ.
594 2896 687 2920 Paris.
705 2896 749 2918 111.
1909 2891 1919 2913 ¹
