2488 3386
424 353 486 385 166
1000 360 1316 382 CHARTULAmUM
1351 358 1540 381 Uvacns.
1578 357 1706 379 PARis.
2119 366 2122 368 -
2184 344 2281 380 [1367

427 463 566 500 1338.
589 472 697 498 Electio
714 476 830 498 rectorzs
847 472 975 498 Marsilii
989 472 1024 497 de
1039 472 1154 507 Inghen.

1605 513 1680 541 1367,
1699 511 1815 538 Octobris
1831 512 1864 541 11,
1881 512 1992 538 Parisiis.

510 598 615 630 Anno
638 598 781 630 Domini
808 599 903 639 1367,
934 598 1069 630 mensis
1098 597 1267 630 Octobris
1289 597 1346 629 die
1367 597 1414 640 xj,
1437 596 1574 628 electus
1595 596 1661 628 suit
1681 595 1912 628 concorditer
1933 596 1969 628 in
1995 602 2171 628 rectorem
2195 597 2279 629 Uni-

423 664 603 697 versitatis
620 665 731 697 Paris.
750 665 922 709 magister
942 664 1127 697 Marcilius
1148 664 1192 696 de
1216 663 1356 708 Inghen
1378 662 1478 695 nullo
1500 662 1714 694 intrancium
1739 661 1966 703 reclamante,
1985 662 2022 694 in
2039 675 2107 707 qua
2128 663 2279 695 rectoria

424 730 598 774 plurimos
619 730 742 764 habuit
763 730 906 764 labores
928 737 962 763 et
977 742 1167 775 expensas.

516 829 581 851 Mus.
596 828 714 851 Britann.
731 836 779 851 mS.
796 828 855 851 add.
874 828 957 855 17304,
977 828 1021 851 sol.
1039 827 1108 851 142b.

427 1007 566 1044 1339.
590 1018 665 1051 Mag.
682 1016 825 1042 lohannes
843 1015 994 1050 Quadrati,
1017 1015 1062 1041 lic.
1085 1015 1113 1040 in
1134 1014 1229 1047 theol.‚
1252 1023 1346 1040 coram
1362 1014 1479 1048 officiali
1499 1016 1593 1041 Paris.
1612 1016 1796 1050 recognoscit,
1813 1024 1844 1042 se
1866 1016 2003 1043 habuisse
2018 1025 2037 1042 a
2058 1018 2205 1052 magistris
2222 1022 2282 1045 nat.

514 1065 623 1099 Gallie„
639 1066 738 1090 matris
753 1075 765 1090 .‹,
778 1074 834 1095 lae,
850 1066 882 1091 90
897 1067 1015 1098 francos
1029 1064 1103 1099 auri,
1120 1072 1189 1099 quos
1206 1064 1283 1098 infra
1300 1072 1405 1090 annum
1419 1064 1570 1090 restituere
1582 1065 1733 1100 promittit.
1750 1065 1834 1091 Anno
1849 1065 1969 1092 Domini
1986 1066 2062 1101 1367.
2074 1067 2120 1093 die
2129 1067 2203 1100 jovis
2218 1069 2284 1101 post

510 1115 617 1140 festum
632 1114 834 1147 Conceptionis
849 1114 876 1139 b.
894 1114 980 1140 Mario
995 1114 1072 1146 Virg.
1084 1112 1102 1138 ⁴.

1595 1150 1666 1178 1387.
1682 1149 1828 1176 Decembris
1842 1151 1867 1180 9,
1883 1151 1996 1177 ParisiIs.

515 1202 638 1234 Bulaeus,
653 1203 693 1231 lv,
709 1203 763 1230 968,
780 1211 793 1225 e
808 1202 866 1226 Lib.
881 1208 958 1232 proc.
974 1205 1034 1225 nat.
1047 1201 1148 1225 Gallie.

515 1287 536 1309 1.
554 1286 606 1309 lioc
623 1287 719 1309 fuctum
734 1290 774 1309 est.
789 1286 838 1309 sul)
855 1294 924 1316 mag.
940 1286 999 1309 Joh.
1016 1286 1131 1311 Roberti.
1148 1289 1318 1317 procuratore
1332 1290 1386 1309 nat..
1402 1286 1496 1310 Gallie.

428 1464 567 1501 1340.
594 1474 748 1499 Occasione
773 1474 835 1499 ludi
856 1474 1029 1510 episcopalis
1054 1478 1134 1500 nocte
1157 1476 1183 1501 S.
1209 1474 1323 1500 Nicolai
1343 1476 1491 1510 conflictus
1511 1479 1644 1501 cruentus
1665 1476 1739 1501 inter
1762 1475 1909 1502 scholares
1931 1477 2027 1503 Paris.
2050 1481 2077 1503 et
2091 1477 2244 1503 servientes
2260 1481 2288 1504 et

512 1522 616 1548 milites
626 1523 707 1556 yueti
721 1522 853 1548 subortus
869 1527 919 1548 cst.
941 1525 1034 1548 Causa
1050 1532 1145 1549 coram
1161 1523 1346 1550 Parlamento
1362 1524 1462 1550 delata
1476 1525 1629 1550 servientes
1641 1525 1808 1560 puniuntur.

1573 1610 1648 1639 1387,
1663 1610 1810 1636 Decembris
1824 1611 1870 1640 29,
1887 1611 2002 1637 Parisiis.

515 1691 602 1723 Cum
626 1703 741 1735 nuper
762 1703 825 1736 pro
857 1699 954 1736 parte
976 1693 1162 1725 carissime
1190 1692 1262 1725 filie
1293 1699 1416 1726 nostre
1444 1693 1699 1727 Universitatis
1726 1694 1942 1727 Parisiensis
1969 1701 2004 1728 et
2029 1695 2287 1728 nonnullorum

427 1757 680 1801 magistrorum
711 1764 744 1790 et
774 1758 965 1790 scolarium
996 1759 1158 1802 ejusdem
1187 1759 1458 1799 Universitatis,
1481 1760 1518 1792 in
1546 1760 1684 1793 nostris
1714 1761 1947 1805 proteccione
1974 1768 2010 1794 et
2038 1761 2134 1795 salva
2164 1762 2289 1807 gardia

428 1823 573 1867 speciali
604 1836 753 1856 unacum
791 1824 1040 1866 familiaribus,
1073 1825 1181 1858 rebus
1209 1833 1242 1858 et
1276 1826 1382 1859 bonis
1413 1827 1490 1859 suis
1516 1827 1699 1860 universis
1732 1828 1874 1860 notorie
1907 1828 2151 1870 existentium,
2183 1828 2290 1862 nobis

428 1889 557 1923 suisset
577 1891 778 1935 expositum
800 1892 1012 1936 gravissima
1034 1893 1259 1936 querimonia
1282 1893 1513 1937 precedente,
1537 1894 1634 1938 quod
1655 1906 1735 1926 cum
1757 1907 1775 1927 a
1797 1895 1904 1927 tantis
1928 1895 2154 1940 temporibus
2177 1902 2291 1929 retro-

428 1956 527 1996 actis,
547 1957 643 2001 quod
665 1957 708 1990 de
730 1958 909 1990 contrario
931 1958 1115 1991 hominum
1138 1960 1309 1992 memoria
1330 1972 1401 1992 non
1419 1960 1559 1993 extabat
1580 1973 1646 1993 nec
1667 1961 1799 2002 existit,
1819 1961 1948 1994 suisset
1968 1969 2001 1994 et
2023 1968 2120 1994 esset
2140 1962 2176 1994 in
2198 1962 2290 1995 dicta

431 2023 671 2056 Universitate
693 2025 833 2056 notorie
851 2031 885 2057 et
902 2025 1048 2069 pacifice
1065 2033 1278 2058 consuetum
1301 2033 1333 2059 ot
1356 2027 1540 2068 usitatum,
1563 2027 1661 2072 quod
1677 2027 1841 2071 magistri
1858 2035 1894 2061 et
1913 2028 2073 2061 scolares
2090 2028 2156 2061 hoc
2173 2029 2291 2062 facere

429 2089 593 2122 volentes
623 2097 728 2123 nocte
755 2091 837 2123 sesti
873 2092 1009 2124 Nicolai
1039 2091 1222 2125 hiemalis¹
1253 2105 1359 2125 causa
1389 2093 1514 2126 solacii
1549 2094 1707 2139 singulis
1742 2095 1847 2127 annis
1876 2101 1996 2127 certos
2024 2095 2218 2140 episcopos
2246 2095 2290 2128 de

431 2156 636 2200 semetipsis
658 2157 828 2197 fecerant,
852 2170 890 2190 ac
920 2170 998 2190 cum
1029 2158 1177 2191 torchiis
1200 2166 1232 2191 et
1259 2159 1395 2192 lumine
1423 2167 1481 2192 aut
1510 2160 1597 2193 alias
1629 2172 1692 2205 per
1718 2160 1837 2194 villam
1868 2168 2025 2194 nostram
2049 2162 2289 2194 Parisiensem

430 2221 539 2253 iidem
562 2223 723 2267 magistri
745 2230 778 2255 et
802 2224 961 2256 scolares
984 2225 1147 2258 vestibus
1168 2226 1439 2270 episcopalibus
1461 2227 1578 2259 induti
1600 2234 1633 2259 et
1655 2239 1734 2260 cum
1757 2227 1810 2260 eis
1832 2228 2029 2260 existentes
2051 2228 2197 2273 pacifice
2219 2240 2290 2273 quo

430 2287 619 2320 voluerant
644 2289 899 2331 incesserantfl,
927 2291 1191 2336 accidissetque
1213 2292 1310 2337 quod
1332 2299 1437 2326 nocte
1464 2293 1549 2326 dicti
1575 2294 1657 2326 festi
1684 2294 1778 2327 beati
1806 2294 1943 2327 Nicolai
1969 2294 2143 2339 hyemalis
2165 2294 2291 2327 ultimo

431 2355 591 2398 preteriti
609 2356 780 2400 magister
796 2358 922 2389 Petrus
940 2357 983 2390 de
1001 2358 1142 2402 Zippa³,
1162 2359 1334 2403 magister
1351 2359 1387 2391 in
1403 2359 1554 2401 artibus,
1571 2360 1752 2405 quondam
1771 2361 2001 2394 rector-dicte
2019 2361 2290 2402 Universitatis,

432 2420 486 2452 vir
507 2419 703 2454 honoratus
732 2429 764 2454 et
794 2422 969 2456 honestus
997 2436 1036 2456 ae
1059 2424 1153 2457 bone
1175 2426 1483 2467 conversacionis,
1507 2426 1579 2459 vite
1606 2433 1640 2459 et
1666 2427 1771 2467 same,
1794 2434 1829 2460 et
1849 2427 2015 2460 nonnulli
2037 2427 2197 2460 scolares
2219 2428 2288 2468 sui,

433 2486 617 2531 simplices
639 2494 673 2520 ct
694 2487 779 2520 boni
801 2490 972 2530 nominis,
996 2502 1117 2523 secum
1140 2492 1176 2523 in
1205 2498 1301 2524 certa
1323 2492 1431 2525 domo
1457 2493 1491 2524 in
1522 2493 1602 2526 vico
1633 2493 1812 2526 Bucherie
1840 2493 1931 2526 ultra
1962 2495 2113 2527 Parvum
2141 2495 2291 2527 Pontem

434 2553 592 2585 Parisius
614 2554 741 2586 situata
763 2563 1040 2598 commorantes,
1058 2558 1158 2601 juxta
1185 2570 1320 2590 morem
1352 2565 1386 2591 et
1410 2559 1714 2592 consuetudinem
1740 2559 1963 2604 hujusmodi,
1991 2572 2100 2593 unum
2128 2561 2289 2605 ipsorum

434 2619 625 2651 scolarium
657 2621 820 2653 vestibus
854 2622 1123 2667 episcopalibus
1154 2624 1362 2657 induissent
1389 2632 1424 2658 et
1453 2633 1658 2665 ornassent,
1701 2626 1845 2671 ipsique
1883 2627 2054 2671 magister
2090 2628 2217 2660 Petrus
2248 2627 2294 2660 de

436 2685 544 2729 Zippa
566 2692 600 2718 et
621 2686 780 2718 scolares
801 2700 880 2720 cum
900 2700 941 2720 eo
964 2689 1173 2729 existentes,
1197 2691 1291 2723 inter
1312 2703 1403 2735 quos
1424 2692 1541 2724 suerat
1560 2692 1704 2737 quidam
1722 2693 1870 2737 juvenis
1892 2693 2043 2726 scolaris
2064 2700 2293 2738 nuncupatus

436 2751 710 2785 Bartholomeus
738 2754 865 2786 Divitis
893 2754 936 2786 de
964 2755 1047 2787 villa
1072 2757 1226 2800 Yprensi
1250 2764 1367 2798 natus,
1397 2757 1657 2792 subdiaconus.
1686 2758 1887 2792 bacalarius
1908 2760 1944 2792 in
1965 2759 2116 2801 artibus,
2139 2760 2294 2793 eundem

437 2817 488 2850 sic
510 2818 777 2863 episcopalibus
809 2820 1030 2853 indumentis
1059 2830 1237 2863 ornatum,
1267 2836 1344 2855 cum
1375 2824 1511 2857 lumine
1544 2825 1729 2869 cujusdam
1760 2825 1898 2858 torchie
1924 2838 1964 2858 ac
1996 2826 2075 2859 sine
2105 2827 2296 2860 artnaturis

437 2884 728 2929 quibuscumque
757 2893 790 2918 et
830 2886 966 2930 absque
998 2888 1180 2921 voluntate
1212 2890 1391 2933 injuriam,
1424 2891 1553 2923 malum
1585 2891 1641 2924 vel
1672 2903 1865 2936 gravamen
1895 2893 2062 2932 faciendi,
2096 2900 2201 2937 prout
2231 2905 2296 2926 nec
