2488 3386
430 345 493 377 486
1005 351 1324 373 CHARTULARIUM
1359 351 1549 374 salvans.
1587 351 1714 372 ranis.
2187 338 2285 374 [1387

429 427 546 460 oblate
568 426 751 471 petitionis
778 426 994 465 instantiam,
1023 424 1086 457 sed
1114 424 1158 456 de
1185 431 1307 457 nostra
1329 437 1425 458 mera
1446 424 1661 457 liberalitate
1688 424 1921 469 dispositioni
1949 423 2147 468 apostolice
2169 436 2287 457 reser-

429 505 566 534 vamus,
584 492 783 525 districtius
803 492 1066 524 inhibentes...
1090 492 1217 523 Datum
1239 491 1417 524 Avinione
1438 503 1459 523 v
1480 491 1528 523 id.
1552 490 1781 531 Novembris,
1800 503 1894 523 anno
1916 490 2145 532 duodecimo.

522 590 583 620 Reg.
596 590 651 612 Vat.
663 590 710 612 ΑΥ.
722 588 862 612 Clementis
878 589 930 615 Vll,
948 588 1000 611 vol.
1017 588 1091 615 LVII,
1110 588 1150 611 De
1162 587 1276 617 induli„
1292 591 1365 620 quat.
1378 588 1401 611 2.
1416 588 1587 611 Exsecutores
1603 588 1744 619 episcopus
1759 587 1899 611 Meldensis
1908 589 1927 615 ¹,
1940 587 2023 610 abhas
2036 587 2188 611 monasterii
2200 587 2287 611 Sancti

429 633 557 657 Victoris2
580 641 662 664 prope
685 641 773 655 muros
794 632 946 661 parisiens„
965 640 994 654 ac
1014 632 1128 654 decanus
1144 632 1208 655 eccl.
1223 631 1311 655 Sancti
1327 631 1464 662 Agricolae
1479 631 1652 655 Avenionens.
1671 632 1751 655 Missa
1767 635 1807 655 est
1822 632 1935 663 epistola
1953 640 1995 655 an.
2012 632 2081 660 1390,
2098 631 2234 655 Februarii
2250 632 2287 655 12.

427 692 459 695 —
475 679 521 701 An.
537 678 605 706 1392,
624 677 714 702 Octob.
731 678 767 707 29,
786 677 914 700 Clemens.
928 677 972 699 vn
989 676 1072 699 eidem
1091 676 1166 699 Petro
1181 683 1192 698 α
1211 676 1298 699 (1ἈίΠί
1315 684 1336 703 υ,
1353 675 1536 699 elemosinario
1550 676 1629 705 regis,
1645 676 1764 699 concedit
1778 679 1807 699 ut
1822 676 2065 699 archidiaconatum
2077 676 2102 699 in
2118 677 2180 699 eccl.
2195 676 2288 700 Came-

428 731 539 751 racens.,
556 721 749 750 cancellariam,
765 721 956 744 thesaurariam
972 720 1087 751 capellae
1106 720 1213 751 regalis,
1230 728 1296 752 quae
1314 720 1429 750 dignitas
1448 720 1604 751 principalis
1618 720 1643 743 in
1659 721 1750 743 eadem
1765 721 1867 751 capella
1882 724 1930 749 est,
1946 729 1976 743 ac
1991 721 2077 743 omnia
2096 720 2148 743 alia
2159 720 2289 743 'beneficia

427 767 605 790 ecclesiastica
622 766 729 789 insimul
745 766 856 788 retinere
871 765 958 787 vulcat
969 765 1040 794 (Reg.
1057 765 1135 787 Aven.
1148 764 1228 788 Clem.
1245 765 1301 794 VII,
1317 764 1368 788 vot.
1385 764 1457 793 LXV,
1475 764 1518 788 sol.
1539 764 1622 794 59611).
1639 765 1698 788 Vid.
1715 765 1748 788 ad
1763 765 1812 788 hoc
1826 773 1906 796 supra
1922 773 1948 796 p.
1967 766 2020 790 3140,

522 851 544 873 1.
561 850 715 873 Guillelmus
732 850 868 872 Dormans.
884 863 914 867 ·——
931 850 952 871 2.
972 849 1063 872 Petrus
1079 848 1166 871 Ducis.

844 1057 953 1089 Aemo
980 1057 1253 1088 Umvsasma'rls
1279 1056 1397 1087 Panis.
1425 1066 1560 1088 CONTRA
1585 1057 1872 1088 PaAsoicATonEs

962 1137 1093 1163 PROPTER
1126 1144 1291 1163 DOCTRINAM
1325 1136 1463 1162 JonANle
1496 1144 1532 1162 Dr:
1565 1137 1750 1162 ΜοΝτΕεοΝο.

969 1210 1100 1238 (Continet
1114 1215 1152 1233 n⁰⁸
1165 1211 1306 1239 1557-1583,
1324 1219 1366 1234 an.
1383 1211 1452 1240 1387,
1469 1211 1611 1240 Maii-1391,
1626 1211 1680 1235 Jul.
1698 1211 1747 1241 12.)

521 1298 596 1320 Aetas
623 1305 660 1324 ea,
683 1297 715 1319 ad
731 1304 808 1327 quam
829 1295 1006 1326 pervenimus,
1028 1294 1120 1318 Ordini
1143 1294 1357 1318 Praedicatorum
1380 1294 1490 1318 Parisiis
1512 1295 1660 1318 docentium
1684 1295 1864 1318 funestissima
1888 1295 1944 1320 suit.
1963 1295 2089 1319 funestior
2110 1295 2189 1318 etiam
2207 1299 2290 1319 aetate

427 1342 561 1366 Guillelmi
575 1342 605 1364 de
622 1341 647 1364 S.
664 1342 764 1368 Amore,
783 1340 887 1363 saeculo
903 1340 971 1363 XIII.
987 1340 1075 1363 Novus
1092 1339 1218 1370 magister
1234 1339 1340 1370 quidum
1359 1348 1388 1362 ex
1403 1340 1535 1370 Aragonia
1550 1340 1613 1363 Ord.
1631 1340 1758 1368 Praedic.‚
1775 1340 1878 1363 nomine
1893 1340 2025 1363 Johannes
2040 1340 2071 1363 de
2086 1341 2237 1363 Montesono
2249 1340 2290 1370 (de

430 1395 479 1418 quo
500 1387 553 1417 jam
575 1394 655 1417 supra
671 1390 699 1408 n0
717 1386 796 1414 1408),
812 1385 838 1407 in
854 1384 908 1407 suis
927 1384 1054 1415 vesperiis
1075 1384 1213 1415 primaque
1235 1384 1346 1406 lectione
1369 1384 1518 1415 magistrali
1540 1393 1582 1408 an.
1600 1385 1659 1407 1387
1679 1385 1898 1416 pronuntiaverat
1919 1385 2116 1416 quatuordecim
2138 1385 2290 1414 sententias,

429 1439 495 1462 quae
513 1430 683 1454 Universitati
700 1430 782 1453 Paris.
800 1429 858 1460 jure
874 1428 1075 1460 displicuerunt.
1094 1429 1163 1451 Inter
1178 1436 1243 1459 quas
1262 1431 1383 1459 quatuor.
1399 1428 1425 1451 in
1445 1428 1531 1459 prima
1548 1429 1658 1452 lectione
1683 1429 1831 1460 magistrali
1854 1429 2049 1460 pronuntiatae,
2072 1429 2240 1460 pertinebant
2257 1429 2290 1452 ad

428 1475 628 1506 Conceptionem
645 1474 735 1497 beatae
746 1474 843 1496 Mariae
856 1473 981 1504 Virginis.
994 1473 1075 1496 Immo
1089 1473 1119 1495 de
1135 1472 1180 1495 illa
1196 1472 1364 1503 conceptione
1376 1473 1435 1496 Joh.
1451 1473 1481 1495 de
1493 1474 1644 1496 Montesono
1655 1482 1757 1496 errores
1770 1473 1869 1497 similes
1885 1474 2065 1505 promulgavit
2075 1473 2210 1496 erroribus
2225 1481 2290 1505 quos

429 1520 581 1548 emiserant,
599 1522 657 1541 ante
671 1519 700 1541 25
716 1526 807 1547 annos,
821 1518 872 1541 duo
890 1519 984 1540 fratres
1000 1518 1118 1548 ejusdem
1136 1517 1198 1540 Ord.
1216 1517 1278 1546 (vid.
1295 1521 1345 1539 num
1361 1518 1440 1547 1272).
1454 1518 1630 1549 Prosequente
1647 1518 1700 1546 lite,
1716 1518 1747 1541 de
1763 1521 1875 1549 quatuor
1890 1518 2116 1549 propositionibus
2133 1518 2290 1549 praesertim

430 1564 568 1595 agebatur.

524 1608 551 1631 Si
567 1608 698 1631 Johannos
721 1607 752 1630 de
776 1607 923 1630 Montesono
944 1606 1051 1637 ejusque
1075 1608 1188 1629 fautores
1211 1606 1236 1628 in
1259 1606 1356 1629 Ordine
1380 1609 1480 1629 tantum
1506 1607 1619 1637 professi
1642 1610 1730 1630 essent
1753 1607 1857 1630 beatam
1873 1607 2007 1638 Virginem
2022 1611 2174 1638 conceptam
2192 1615 2249 1631 csse
2264 1607 2290 1630 in

431 1656 536 1684 peccato
550 1652 683 1683 originali,
698 1655 759 1674 tunc
774 1651 919 1682 propositio
935 1651 1064 1673 indemnis
1081 1650 1190 1673 abiisset
1208 1650 1270 1679 (vid.
1290 1655 1318 1673 n⁰
1334 1651 1403 1678 1557,
1420 1650 1530 1675 Relatio
1544 1651 1697 1681 historiae),
1714 1660 1773 1674 cum
1789 1652 1834 1674 alii
1847 1652 1970 1683 aequales
1986 1654 2011 1675 et
2026 1655 2204 1675 antecessores
2221 1651 2290 1675 idem

430 1697 610 1727 sustinuerint,
630 1700 654 1719 et
671 1700 732 1719 tunc
749 1696 875 1726 temporis
895 1704 946 1718 non
968 1695 1045 1718 suerit
1066 1695 1132 1718 illud
1152 1695 1183 1718 de
1199 1695 1318 1718 articulis
1336 1695 1406 1723 fidei,
1427 1698 1455 1718 ut
1472 1695 1606 1719 induceret
1621 1704 1778 1727 quemquam
1794 1696 1827 1719 ad
1843 1704 1922 1719 unam
1941 1699 2043 1727 partem
2057 1696 2142 1727 magis
2162 1704 2241 1728 quam
2257 1696 2292 1720 ad

429 1742 507 1764 aliam
525 1741 663 1764 declinare.
678 1742 709 1763 At
722 1740 854 1763 Johannes
871 1743 895 1763 et
913 1739 1019 1771 quidam
1035 1740 1151 1762 asseclae
1167 1743 1338 1762 asseruerunt
1354 1739 1560 1763 enuntiationem
1578 1750 1591 1762 ι(
1605 1740 1709 1763 beatam
1725 1740 1860 1772 Virginem
1876 1749 1933 1764 esse
1946 1744 2098 1772 conceptam
2112 1740 2168 1764 sine
2184 1743 2291 1772 peccato

429 1786 552 1817 originali
566 1795 579 1806 »
592 1793 648 1808 esse
663 1793 785 1817 expresse
800 1787 890 1807 contra
906 1785 991 1812 fidem,
1009 1784 1078 1815 quod
1092 1784 1161 1807 idem
1177 1788 1216 1807 est
1231 1792 1261 1806 ac
1279 1784 1365 1807 dicere
1382 1792 1387 1807 ·.
1406 1794 1419 1806 ιι
1437 1784 1481 1815 qui
1496 1785 1588 1813 credit,
1605 1785 1707 1808 beatam
1724 1785 1859 1816 Virginem
1872 1793 1929 1808 esse
1945 1788 2098 1816 conceptam
2114 1785 2169 1808 sine
2183 1788 2292 1816 peccato

429 1830 562 1861 originali,
585 1833 655 1852 errat
674 1830 700 1852 in
718 1829 776 1857 fide,
794 1832 818 1852 et
834 1832 925 1860 peccat
938 1828 1091 1851 mortaliter.
1110 1837 1120 1850 »
1138 1829 1173 1851 Ea
1190 1828 1331 1851 temeraria
1351 1829 1480 1852 sententia
1497 1829 1646 1852 offendebat
1665 1829 1791 1860 majorem
1806 1833 1910 1860 partem
1925 1829 2111 1853 Universitatis
2129 1829 2155 1852 in
2173 1838 2224 1861 qua
2236 1829 2291 1861 jam

430 1876 524 1898 festum
540 1873 721 1905 Conceptionis
737 1873 920 1896 celebrabatur
935 1873 996 1901 (vid.
1014 1877 1063 1895 η11111
1080 1873 1139 1895 1456
1152 1876 1177 1895 et
1192 1875 1307 1897 Auctar.
1326 1874 1464 1902 Chartul.,
1479 1874 1497 1903 I,
1512 1882 1538 1904 p.
1556 1874 1610 1902 481,
1628 1874 1666 1903 21)
1682 1877 1708 1897 et
1725 1874 1874 1905 opinionem
1890 1874 2032 1897 multorum
2050 1874 2148 1897 Christi
2163 1874 2290 1898 fidelium.

431 1920 519 1950 ltaque
534 1918 698 1942 Universitas
712 1921 737 1941 et
750 1918 889 1949 episcopus
905 1917 988 1940 Paris.
1004 1917 1029 1940 in
1045 1925 1102 1940 eam
1119 1917 1206 1940 invehi
1220 1917 1376 1941 debuerunt.

522 1963 596 1990 Quod
612 1962 634 1986 si
649 1962 780 1985 Johannes
797 1962 827 1984 de
845 1962 995 1984 Montesono
1010 1961 1205 1992 propositiones
1222 1970 1283 1984 suas
1304 1961 1446 1985 monitione
1466 1962 1614 1993 praemissa
1629 1965 1787 1991 revocasset,
1807 1962 1925 1994 quaestio
1942 1962 2034 1986 suisset
2049 1962 2132 1986 finita.
2151 1965 2183 1986 At
2201 1965 2292 1986 contra

428 2016 457 2031 se
474 2008 607 2039 purgabat
624 2010 787 2036 arroganter,
802 2009 946 2037 posteaque
961 2005 1064 2036 aufugit
1081 2006 1231 2036 provocatis
1250 2006 1282 2028 ad
1298 2014 1325 2029 se
1339 2006 1518 2037 adjuvandum
1536 2006 1643 2030 Ordinis
1659 2006 1851 2038 superioribus.
1869 2007 1897 2030 In
1911 2007 2008 2030 Ordine
2024 2007 2080 2038 jam
2097 2007 2187 2038 plures
2201 2009 2292 2031 contra

429 2052 584 2075 sententiam
601 2051 716 2082 episcopi
734 2050 970 2081 Universitatisque
988 2058 1046 2073 eum
1060 2050 1240 2078 defenderunt,
1258 2054 1384 2081 negantes
1402 2051 1510 2082 insuper
1528 2051 1711 2074 auctoritatem
1725 2051 1843 2082 episcopi
1859 2051 1942 2075 Paris.
1958 2055 1983 2075 et
1999 2051 2184 2075 Universitatis
2197 2051 2291 2081 Paris„

430 2105 474 2120 seu
490 2096 577 2127 potius
594 2095 725 2119 facultatis
740 2094 888 2125 theologiae
905 2096 980 2125 (quae
1000 2097 1062 2117 tunc
1081 2094 1208 2125 temporis
1224 2095 1309 2126 magis
1325 2103 1404 2126 quam
1420 2098 1496 2118 antea
1514 2103 1540 2118 se
1556 2096 1680 2119 credebat
1696 2104 1849 2127 supremum
1864 2096 1981 2119 tribunal
2001 2095 2126 2119 eccle÷iae
2141 2096 2167 2119 in
2182 2095 2292 2119 materia

429 2141 490 2164 fidei
507 2144 532 2164 et
551 2149 661 2168 morum,
679 2154 706 2157 —
723 2139 776 2164 vid.
792 2143 830 2161 ῐιοε
845 2139 915 2168 1557,
932 2139 1001 2168 1572)
1021 2139 1086 2161 duce
1100 2139 1219 2162 Johanne
1235 2139 1266 2162 de
1281 2140 1442 2168 Montesono,
1461 2140 1514 2171 qui,
1530 2140 1605 2163 Petro
1619 2140 1650 2163 dc
1665 2140 1775 2163 Aitlinco
1791 2141 1940 2163 affirmante
1954 2140 1989 2170 (in
2009 2140 2146 2164 Tractatu
2168 2140 2291 2165 Univers-

430 2186 500 2216 apud
521 2185 681 2216 d'Argentre,
700 2184 768 2208 Coll.
781 2184 856 2213 jud„
875 2183 904 2212 1²,
925 2192 951 2214 p.
966 2184 1014 2213 82),
1031 2183 1057 2206 in
1076 2191 1123 2206 sua
1140 2183 1318 2214 appellatione
1333 2184 1367 2207 ad
1387 2192 1519 2207 summum
1538 2184 1688 2216 pontificem
1705 2185 1828 2213 asseruit,
1845 2193 1856 2207 «
1876 2185 1946 2216 quod
1962 2184 2044 2208 solius
2061 2185 2131 2208 sedis
2148 2184 2292 2216 apostolico

430 2233 469 2253 est
484 2230 626 2258 declarare,
642 2229 766 2251 damnare
784 2231 808 2251 et
823 2227 975 2258 reprobare,
990 2231 1015 2251 et
1028 2228 1097 2258 quod
1114 2227 1254 2259 episcopus
1270 2228 1354 2252 Paris.
1372 2236 1508 2260 apponens
1528 2229 1620 2252 falcem
1636 2229 1662 2251 in
1678 2237 1791 2252 messem
1808 2229 1903 2252 summi
1919 2229 2052 2260 pontificis
2069 2229 2153 2252 dictas
2167 2229 2215 2259 (14)
2230 2237 2293 2252 con-

430 2274 559 2297 clusiones
580 2272 761 2304 pronuntiavit
777 2275 802 2295 et
819 2272 935 2295 decrevit
951 2272 1039 2300 salsaS,
1057 2272 1186 2295 hereticas
1205 2275 1230 2295 et
1245 2280 1367 2295 erroneas
1382 2281 1404 2295 ».
1422 2273 1555 2296 Johannes
1572 2273 1603 2296 de
1618 2274 1770 2296 Montesono
1785 2273 1893 2304 ejusque
1909 2273 2026 2296 asseclae
2040 2276 2177 2304 praeterea
2192 2272 2292 2304 opinati

432 2321 492 2341 sunt
507 2318 573 2340 inter
589 2318 641 2340 alia
655 2317 874 2340 Nominalismum
891 2320 953 2339 tunc
967 2316 992 2338 in
1009 2316 1187 2339 Universitate
1200 2317 1377 2340 dominantem
1394 2325 1453 2340 cum
1470 2318 1495 2341 S.
1510 2318 1611 2341 Tboma
1626 2326 1640 2340 a
1656 2326 1683 2341 se
1701 2318 1909 2349 oppugnandum
1927 2317 1988 2343 (vid.
2006 2318 2111 2341 Petrum
2126 2318 2157 2340 de
2172 2317 2291 2347 Ailliaeo,

432 2363 449 2386 l.
464 2371 496 2390 e..
513 2371 539 2392 p.
557 2363 585 2384 82
603 2363 680 2392 sqq)
699 2361 825 2392 Abruptio
842 2369 910 2383 nunc
928 2360 1089 2383 inevitabilis
1106 2361 1173 2383 inter
1188 2361 1393 2384 Universitatcm
1409 2365 1434 2384 et
1453 2362 1516 2385 Ord.
1537 2362 1630 2385 Praed.
1649 2365 1714 2386 erut.
1734 2362 1899 2385 Universitas
1922 2362 1948 2384 in
1963 2370 2070 2384 causam
2087 2361 2190 2385 vocavit
2204 2362 2292 2385 omnia

432 2414 461 2429 ca
484 2414 548 2437 quae
571 2406 650 2436 aliqui
671 2405 832 2428 Dominirani
851 2413 864 2427 a
883 2405 972 2427 inultis
989 2405 1063 2427 annis
1080 2405 1298 2435 praedicaverant
1317 2409 1342 2428 et
1360 2414 1426 2437 quae
1445 2406 1581 2437 hucusque
1603 2406 1726 2436 ignorare
1742 2415 1769 2429 se
1789 2406 1960 2429 simulaverat
1975 2405 2104 2437 taciteque
2123 2406 2290 2431 toleraverat.

433 2451 514 2473 Immo
531 2458 576 2473 rex
588 2450 712 2472 Franciae
727 2449 765 2472 illi
783 2457 877 2472 causae
890 2456 916 2472 se
934 2449 1083 2478 admiscuit,
1098 2457 1194 2477 rogans
1210 2450 1268 2480 capi
1283 2453 1412 2480 nocentes,
1427 2458 1492 2481 quos
1507 2450 1539 2473 ad
1555 2450 1746 2473 revocationem
1762 2450 1927 2474 Universitas
1943 2450 2037 2481 coegit.
2054 2451 2144 2481 Itaque
2158 2458 2241 2482 usque
2258 2450 2291 2474 ud

433 2503 474 2518 an.
491 2495 551 2517 1390
564 2495 603 2516 vel
621 2494 675 2516 1391
694 2494 724 2516 de
740 2493 914 2516 Dominicanis
934 2493 959 2515 in
975 2494 1179 2516 Univcrsitatem
1199 2494 1356 2525 recipiendis
1375 2494 1418 2525 agi
1441 2503 1491 2517 non
1514 2498 1625 2526 poterat,
1643 2498 1671 2518 ut
1686 2498 1818 2518 taceamus
1839 2498 1995 2517 conventum
2015 2495 2078 2518 Ord.
2099 2495 2191 2518 Prued.
2208 2495 2290 2518 Paris.

433 2542 541 2570 propter
563 2538 679 2560 eamdem
703 2545 809 2560 calisam
830 2541 892 2560 tune
913 2537 1049 2560 viduatum
1070 2537 1160 2560 fuisse.
1182 2538 1246 2561 Cum
1274 2538 1456 2569 superioribus
1475 2539 1591 2568 Ordinis,
1615 2539 1640 2561 in
1661 2547 1718 2562 eam
1738 2547 1793 2562 rem
1812 2539 1966 2570 implicatis,
1985 2539 2109 2562 tractavit
2127 2539 2292 2562 Universitas

433 2592 475 2606 an.
490 2583 563 2610 1390;
581 2582 626 2604 sed
650 2585 751 2604 mortuo
770 2582 895 2612 magistro
916 2582 1032 2611 generali
1056 2582 1195 2605 eoncordia
1213 2583 1316 2605 tardata
1339 2586 1387 2606 est.
1408 2585 1479 2606 Anno
1501 2583 1558 2606 1391
1579 2583 1698 2606 Clemens
1716 2584 1761 2606 Vll
1782 2583 1839 2614 ipse
1859 2591 1967 2606 causam
1989 2583 2022 2606 ad
2042 2592 2116 2606 suam
2132 2583 2292 2607 auditionem

436 2627 546 2656 vocavit,
560 2629 586 2648 at
600 2634 650 2648 non
666 2626 698 2648 ad
714 2626 791 2648 finem
806 2626 934 2656 perduxit.
955 2626 1026 2648 Tune
1042 2626 1109 2648 enim
1128 2626 1277 2657 superiores
1290 2627 1352 2650 Ord.
1370 2627 1461 2650 Praed.
1480 2628 1543 2656 (vid.
1559 2627 1628 2650 infra
1642 2636 1668 2658 p.
1686 2629 1740 2656 45¹6,
1754 2631 1806 2650 not.
1824 2628 1846 2656 8)
1862 2627 1947 2650 adhuc
1961 2628 2105 2651 renuebant
2115 2628 2292 2659 juramentum

434 2671 532 2701 imponi
546 2670 600 2692 suis
616 2670 648 2692 ad
664 2670 761 2700 gradus
778 2669 948 2692 scholasticos
964 2670 1072 2692 Parisiis
1089 2670 1268 2699 admittendis,
1283 2671 1351 2701 quod
1369 2671 1551 2694 condemnatio
1572 2672 1601 2694 14
1618 2671 1829 2702 propositionum
1845 2672 1878 2694 ab
1894 2672 1930 2694 eis
1948 2672 2073 2695 inviolata
2089 2675 2252 2700 servaretur,
2268 2675 2296 2696 et

434 2714 612 2738 verisimiliter
625 2714 727 2736 decreto
743 2713 928 2736 Universitatis
945 2714 1064 2737 submitti
1080 2715 1245 2743 recusabant,
1261 2723 1311 2746 quo
1326 2715 1352 2737 in
1371 2715 1492 2738 omnibus
1509 2715 1573 2738 actis
1587 2716 1774 2739 Universitatis
1790 2719 1878 2739 essent
1893 2716 1979 2739 ultimi
1996 2716 2058 2745 (vid.
2075 2721 2124 2739 n¹¹¹¹¹
2137 2717 2217 2747 1568).
2233 2716 2292 2740 Cle-

435 2763 519 2782 mente
531 2759 585 2786 Vll,
600 2758 673 2788 cujus
689 2758 831 2780 auctoritas
852 2758 922 2788 apud
936 2758 1013 2781 Univ.
1029 2759 1110 2782 Paris.
1124 2759 1150 2781 in
1165 2762 1299 2790 postremo
1315 2759 1484 2790 pontificatus
1501 2763 1619 2791 tempore
1636 2760 1711 2783 valde
1727 2760 1827 2783 minuta
1845 2764 1908 2788 erat,
1929 2769 1971 2784 an.
1987 2761 2045 2784 1394
2066 2761 2197 2790 defuncto,
2213 2769 2293 2784 causa

434 2807 495 2827 tunc
510 2803 535 2825 in
552 2802 624 2825 curia
641 2802 813 2825 Avenionensi
836 2802 951 2832 pendens
972 2803 1100 2830 manebat,
1121 2811 1178 2825 cum
1201 2803 1365 2826 Universitas
1383 2812 1398 2826 a
1419 2803 1557 2826 Benedicto
1573 2804 1640 2832 XIII,
1657 2804 1699 2835 qui
1714 2804 1768 2835 jam
1784 2813 1826 2827 an.
1843 2805 1904 2828 1393
1924 2808 1952 2828 ut
1970 2805 2072 2836 legatus
2091 2805 2117 2828 in
2133 2805 2245 2828 Francia
2258 2806 2291 2828 ad

434 2848 556 2870 unionem
580 2847 647 2869 inter
666 2846 868 2869 Universitatem
889 2849 913 2868 et
933 2846 1128 2870 Praedicatores
1149 2847 1298 2875 anhelabat,
1319 2856 1378 2870 mox
1398 2848 1542 2871 cessionem
1562 2849 1734 2879 postulasset,
1758 2857 1877 2880 annoque
1898 2850 1959 2872 1398
1981 2849 2002 2872 ei
2031 2850 2206 2873 obedientiam
2227 2849 2291 2872 sub-

434 2892 566 2915 traxisset.
589 2892 620 2914 Et
642 2890 678 2913 sic
695 2898 777 2921 usque
799 2890 831 2912 ad
852 2898 894 2914 an.
914 2891 982 2919 1403,
1005 2899 1055 2921 quo
1078 2899 1144 2914 anno
1173 2892 1338 2914 Universitas
1361 2892 1444 2915 Paris.
1467 2892 1606 2915 Benedicto
1629 2893 1804 2916 obedientiam
1828 2894 1943 2917 restituit
1963 2897 1989 2917 et
2007 2895 2096 2925 plures
2119 2895 2238 2917 exclusos
2259 2894 2292 2917 ad
