2508 3372
227 1087 249 1111 N
253 1095 356 1112 umerus

189 1123 391 1155 suppositorum.

477 339 535 360 XVI
1260 334 1552 357 INTRODUCTIO.

479 409 613 445 amicus
641 410 763 444 Petrus
784 408 826 443 de
850 408 997 443 Ailliaeo
1018 400 1129 454 pluris
1145 399 1307 442 valebant
1330 416 1434 452 quam
1459 404 1605 440 caeteri.
1632 405 1697 439 Res
1718 414 1861 451 magna,
1884 414 1975 450 quae
2000 406 2051 438 tot
2078 402 2161 438 folia
2182 402 2347 439 Auctarii

479 480 614 527 implet,
647 479 711 515 t'uit
735 483 773 514 ut
796 478 953 527 magistri
984 478 1262 514 inscriberentur
1282 476 1397 513 rotulo
1426 475 1605 523 praesenti
1627 475 1680 510 vel
1704 474 1835 517 futuro,
1861 474 2044 522 dirigendo
2069 474 2274 522 adpapam,
2300 465 2344 510 ³ut

480 541 689 586 beneficium
716 551 758 586 de
783 551 894 598 gratia
917 549 1151 597 exspectativa
1175 548 1388 584 obtinerent.
1417 546 1613 582 Fastidium
1635 545 1748 589 affert,
1769 545 1887 581 videre
1911 545 2095 593 magistros
2117 544 2344 593 impatienter

477 626 628 657 mortem
643 613 820 669 pontificis
832 624 1088 668 exspectantes,
1105 623 1143 655 ut
1156 619 1272 655 rotulo
1286 619 1330 654 ad
1346 630 1475 654 novum
1490 629 1619 665 papam
1632 617 1806 652 mittendo
1821 615 2104 664 imponerentur¹
2115 645 2122 652 .
2142 618 2212 653 Nee
2230 606 2344 665 papae

476 696 626 735 tantum,
645 693 707 728 sed
730 693 799 739 regi
825 692 996 727 Franciae
1020 692 1126 726 etiam
1149 690 1407 738 supplicabant,
1427 689 1486 736 qui
1504 700 1544 724 ex
1559 700 1595 724 se
1613 691 1646 723 et
1666 699 1707 724 ex
1730 687 1990 735 dispensatione
2006 689 2200 736 apostolica
2224 700 2344 736 quan-

477 764 594 811 doque
611 763 827 811 praebendas
845 762 1005 798 conferre
1022 761 1169 809 potuit2,
1189 765 1222 797 et
1243 764 1365 808 postea
1380 759 1556 807 episcopis
1573 759 1638 795 sub
1655 758 1823 806 pontifice
1843 759 2034 796 Benedieto
2050 761 2147 795 Xlll.
2164 761 2231 796 An.
2250 761 2341 796 1387

479 834 632 881 theologi
649 838 843 881 queruntur
856 833 950 881 quod
972 833 1007 868 in
1027 833 1206 868 Facultate
1229 831 1428 879 theologiae
1449 831 1514 866 «in
1531 830 1785 866 detrimentum
1801 830 1884 866 fidei
1899 831 2075 867 catholice
2093 846 2108 864 >›
2128 832 2231 879 pauci
2248 831 2345 868 inve-

476 905 619 941 niantur
631 905 820 948 scholares,
837 905 920 951 quia
936 903 1090 951 magistri
1107 903 1304 951 theologiae
1315 902 1468 938 tenuiter
1479 901 1707 949 providentur
1717 901 1761 937 de
1777 901 1880 937 bonis
1891 889 2150 938 ecclesiastici-s.
2165 903 2233 938 An.
2251 905 2342 939 1403

474 977 653 1012 Johannes
674 978 803 1011 Gerson
820 987 937 1011 coram
954 986 1045 1022 papa
1059 975 1219 1009 eamdem
1237 974 1418 1021 querelam
1439 974 1626 1021 exponet³.

576 1048 603 1081 E
618 1046 844 1082 documentis
862 1046 984 1081 aetatis
999 1045 1093 1080 illius
1109 1044 1238 1092 conjici
1254 1048 1372 1092 potest
1388 1044 1588 1092 aliqualiter
1603 1046 1682 1092 quis
1700 1044 1806 1081 fuerit
1821 1056 1993 1080 numerus
2019 1044 2290 1092 suppositorum
2306 1044 2344 1081 in

478 1118 708 1153 Universitate
724 1117 924 1152 Parisiensi.
943 1118 1032 1151 Cum
1049 1116 1239 1163 episcopus
1256 1114 1472 1151 Faventinus
1489 1116 1525 1151 in
1538 1128 1734 1164 congressu
1748 1116 1843 1164 apud
1856 1115 2032 1151 Medinam
2049 1115 2173 1163 Campi
2188 1115 2345 1164 (Medma

477 1189 534 1224 del
548 1189 692 1235 Campo)
712 1200 768 1223 au.
792 1190 878 1223 1381
908 1187 1055 1223 dixisset
1074 1199 1081 1222 :
1104 1203 1119 1219 «
1138 1189 1350 1234 Quanquam
1372 1187 1407 1222 in
1432 1188 1583 1224 Francia
1605 1191 1687 1223 sunt
1710 1187 1774 1223 viri
1797 1187 1954 1223 valentes
1979 1190 2014 1223 et
2034 1186 2246 1235 jurisperiti,
2271 1199 2344 1224 non

483 1274 497 1292 «
523 1263 642 1295 tamen
663 1270 723 1294 eos
751 1259 859 1294 credo
883 1270 960 1294 esse
982 1258 1072 1293 tales
1103 1258 1136 1302 (i.
1162 1270 1192 1294 e.
1222 1262 1292 1293 tam
1314 1259 1483 1306 profundi
1500 1259 1536 1294 in
1554 1259 1704 1295 scientia
1728 1270 1836 1306 quarn
1854 1258 1964 1306 Itali),
1984 1259 2068 1306 quia
2097 1258 2175 1294 fons
2197 1258 2291 1306 juris
2306 1258 2342 1295 in

482 1345 496 1362 «
525 1330 623 1365 ltalia
639 1333 691 1365 est
707 1334 740 1365 et
755 1341 826 1365 non
844 1330 879 1364 in
899 1329 1063 1365 Francia⁴
1080 1345 1116 1373 »,
1135 1330 1171 1365 id
1189 1341 1404 1377 responsum
1421 1331 1559 1378 accepit
1578 1342 1586 1366 z
1613 1330 1747 1366 «Tales
1770 1330 2059 1377 comparationes
2089 1330 2172 1366 odia
2193 1330 2344 1366 incitant

482 1416 496 1434 «
520 1404 553 1437 et
569 1401 816 1436 contentiones
831 1400 1034 1444 verborum,
1053 1404 1087 1436 et
1102 1401 1332 1436 temerarium
1351 1404 1408 1436 est
1423 1401 1564 1437 notorie
1590 1401 1634 1437 de
1653 1401 1784 1437 talibus
1806 1401 2032 1449 judicare....
2063 1403 2102 1436 ln
2120 1401 2270 1437 Francia
2290 1405 2343 1438 tot

482 1487 496 1505 «
523 1477 606 1507 sunt
637 1471 754 1507 studia
779 1471 870 1507 sicut
893 1472 929 1507 in
957 1472 1070 1516 Italia,
1097 1472 1217 1519 plures
1243 1472 1427 1508 studentes
1455 1484 1608 1508 numero
1629 1476 1664 1508 et
1688 1473 1865 1517 doctoreS,
1891 1472 1950 1520 qui
1976 1484 2067 1520 eque
2090 1484 2237 1520 operam
2257 1472 2343 1509 dant

479 1558 493 1575 «
520 1543 684 1584 scientie,
705 1543 830 1578 eadem
847 1555 918 1585 ars,
938 1543 1067 1578 modus
1084 1543 1297 1587 consimilis,
1317 1543 1398 1578 linis
1416 1543 1526 1588 idem,
1551 1555 1678 1579 omnes
1695 1544 1862 1579 homines
1878 1543 2020 1591 ingenia
2036 1543 2227 1592 utrobique
2240 1556 2343 1580 exce-

481 1628 496 1646 (t
523 1614 641 1650 dentia
666 1617 698 1649 et
715 1615 893 1649 excessa-5.
915 1630 928 1646 »
965 1616 1090 1649 Petrus
1119 1614 1161 1650 de
1185 1615 1333 1650 Ailliaco
1358 1615 1518 1662 loquitur
1534 1616 1576 1651 de
1601 1630 1615 1647 «
1638 1614 1758 1650 multis
1782 1614 1971 1650 millibus»
2004 1614 2041 1650 in
2064 1614 2339 1651 Universitate⁶.

473 1685 576 1720 Anno
605 1687 697 1720 1394
724 1685 889 1729 schedae,
916 1685 953 1719 in
975 1685 1105 1732 quibus
1132 1685 1317 1733 supposita
1340 1685 1583 1722 Universitatis
1610 1698 1711 1721 suam
1733 1686 1939 1733 opinionem
1966 1686 2009 1722 de
2026 1685 2089 1722 viis
2105 1686 2150 1722 ad
2176 1686 2343 1723 Schisma

473 1755 669 1791 tollendum
701 1755 923 1791 inveniendis
962 1756 1178 1801 scribebant,
1225 1771 1238 1788 (ι
1269 1757 1393 1792 decem
1432 1757 1586 1792 millium
1626 1769 1819 1792 numerum
1855 1756 2095 1793 excedebant⁷
2109 1773 2123 1790 υ
2139 1786 2146 1793 .
2190 1758 2341 1800 Quando

471 1827 655 1862 Johannes
683 1826 781 1862 Parvi
807 1838 864 1862 an.
890 1830 980 1863 1406
1005 1827 1145 1869 asserit,
1174 1827 1271 1863 solos
1298 1828 1426 1864 artium
1444 1829 1633 1876 magistros
1661 1840 1739 1864 esse
1763 1828 1883 1864 «bene
1905 1827 2023 1864 mille⁸
2045 1844 2081 1872 »,
2109 1840 2342 1876 nequaquam

473 1897 705 1945 exaggeravit,
722 1909 803 1933 nam
822 1898 856 1932 in
872 1898 1000 1933 Rotulo
1023 1899 1104 1934 anni
1125 1901 1214 1935 1403
1231 1899 1388 1947 magistri
1408 1900 1535 1935 artium
1553 1903 1772 1947 praesentes,
1792 1899 2000 1935 absentibus
2018 1911 2090 1935 non
2106 1899 2338 1948 computatis,

472 1968 554 2015 plus
571 1980 678 2015 quam
698 1971 766 2004 790
790 1969 1002 2012 afferuntur;
1023 1972 1055 2005 et
1077 1970 1274 2005 notandum
1292 1971 1388 2018 quod
1404 1971 1508 2006 multi
1525 1982 1543 2007 e
1563 1970 1770 2006 nationibus
1793 1972 2085 2006 Normannorum
2102 1983 2142 2007 ac
2167 1971 2342 2007 Picardo-

474 2051 565 2083 rum,
583 2039 767 2075 Alemanni
786 2052 865 2075 vero
886 2052 997 2087 paene
1014 2052 1139 2076 omnes
1162 2053 1180 2077 e
1202 2042 1345 2077 natione
1370 2042 1577 2089 Anglicana,
1597 2042 1633 2077 in
1659 2042 1773 2077 rotulo
1799 2042 1939 2078 desunt.
1965 2043 2164 2090 Scriptores
2192 2054 2341 2079 coaevos

474 2122 665 2145 numerum
690 2111 801 2157 magis
828 2111 1046 2146 deminuisse
1072 2124 1180 2159 quam
1203 2113 1477 2160 amplificavisse
1502 2113 1684 2149 fatendum
1711 2116 1776 2157 est,
1802 2117 1840 2149 ut
1866 2114 2048 2149 Simonem
2069 2113 2112 2149 de
2137 2114 2341 2151 Cramaudo

475 2181 654 2216 dicentem
672 2194 678 2216 :
706 2196 720 2213 α
737 2183 777 2216 Et
800 2182 1013 2217 Universitas
1033 2183 1140 2218 Paris.
1158 2183 1264 2219 hahet
1279 2184 1368 2220 bene
1386 2185 1560 2220 ducentos
1570 2187 1642 2220 tam
1656 2183 1843 2232 magistros
1860 2185 1895 2220 in
1909 2185 2037 2229 theol.,
2052 2197 2160 2232 quam
2173 2185 2341 2221 doctores

484 2265 497 2283 α
524 2251 763 2296 decretorum,
788 2252 1018 2288 baccalareos
1039 2254 1218 2290 solemnes
1240 2255 1273 2289 in
1292 2255 1487 2304 theologia,
1506 2255 1706 2291 licentiatos
1732 2256 1766 2290 in
1789 2255 1939 2291 decretis
1961 2259 1996 2291 et
2018 2256 2055 2291 in
2076 2255 2230 2303 legibus,
2249 2258 2283 2292 et
2303 2256 2340 2291 in

571 2388 590 2413 l.
610 2388 672 2412 Ecce
685 2390 835 2420 perpetuam
850 2390 1005 2414 sententiam
1023 2399 1029 2414 ;
1047 2401 1059 2412 α
1075 2391 1096 2414 si
1112 2392 1245 2423 contingat
1255 2400 1346 2424 papam
1359 2393 1423 2416 mori
1439 2393 1465 2417 in
1478 2400 1566 2417 eorum
1581 2393 1702 2417 absentia
1717 2393 1798 2424 (cujus
1813 2392 1892 2416 vitam
1905 2394 2040 2417 conservet
2055 2392 2218 2422 Altissimus,
2233 2392 2273 2422 95,
2289 2392 2340 2422 28),

475 2431 541 2464 quod
556 2432 749 2464 imponerentur
764 2433 846 2457 rotulo
857 2443 879 2457 υ.
894 2434 953 2459 Vid.
965 2437 1094 2465 Ancum„
1108 2436 1128 2465 Ι,
1145 2435 1199 2465 323,
1217 2436 1258 2466 19;
1277 2436 1332 2467 406,
1346 2437 1389 2467 33;
1404 2437 1459 2468 446,
1475 2437 1518 2467 263
1535 2437 1590 2467 458,
1606 2437 1649 2468 42;
1663 2437 1718 2467 462,
1733 2437 1761 2467 :2;
1777 2437 1831 2467 493,
1848 2437 1871 2467 3,
1887 2437 1924 2466 12,
1941 2436 1984 2469 34;
2001 2436 2056 2466 518,
2071 2437 2111 2467 24,
2124 2437 2167 2467 383
2181 2437 2237 2466 519,
2251 2438 2275 2467 8,
2290 2442 2340 2462 etc.

568 2477 592 2500 2.
611 2477 661 2506 Sic,
679 2485 701 2500 v.
718 2485 753 2508 gu,
769 2485 811 2501 rex
827 2478 859 2502 ab
874 2478 1021 2503 Innocentio
1041 2480 1077 2503 VI
1098 2480 1213 2504 obtinuit
1227 2488 1268 2504 au.
1286 2481 1355 2509 1356,
1374 2481 1425 2506 Jul.
1443 2482 1480 2511 11,
1502 2483 1533 2506 ut
1549 2482 1576 2506 in
1596 2482 1736 2506 Parisiensi
1755 2481 1860 2506 ecclesia
1882 2481 1948 2506 duas
1967 2481 2125 2514 praebendas
2146 2489 2210 2505 sacr.
2231 2481 2342 2513 paginae

476 2521 618 2552 magistris,
643 2521 707 2544 duas
730 2521 886 2545 decretorum
901 2524 927 2546 et
945 2522 1011 2547 duas
1031 2523 1116 2555 legum
1131 2524 1279 2549 doctoribus
1301 2526 1438 2550 conterret.
1462 2527 1511 2550 Per
1533 2526 1600 2550 idem
1623 2526 1789 2558 privilegium
1809 2526 1894 2558 potuit
1914 2526 1945 2550 de
1962 2525 2048 2550 tribus
2068 2525 2219 2558 praebendis
2239 2525 2265 2550 in
2280 2525 2340 2552 ecel.

477 2565 625 2589 Carnotensi
641 2565 774 2596 disponere
791 2566 864 2597 (lteg.
886 2567 935 2590 Av.
955 2567 1095 2592 Innocentii
1112 2569 1155 2599 VI,
1175 2569 1223 2593 vol.
1246 2570 1316 2600 XIII,
1334 2570 1375 2594 l‘ol.
1391 2570 1473 2600 30012).
1494 2571 1543 2595 An.
1566 2570 1635 2600 1371,
1650 2571 1708 2594 Jan.
1728 2570 1765 2600 16,
1781 2570 1897 2594 obtinuit
1912 2570 1998 2594 decem
2015 2569 2171 2602 praebendas
2187 2570 2213 2594 in
2226 2569 2342 2595 ecclesiis

476 2609 674 2639 cathedralibus,
687 2609 773 2633 decem
790 2610 816 2633 in
829 2610 979 2641 collegiatis,
995 2619 1040 2643 pro
1055 2613 1147 2643 viginti
1162 2613 1294 2644 magistris
1307 2614 1333 2638 in
1343 2615 1432 2645 theob,
1447 2615 1504 2647 jure
1519 2623 1575 2639 can.
1589 2616 1615 2639 et:
1629 2615 1730 2646 legibus
1748 2615 1820 2646 (Reg.
1833 2616 1881 2640 Av.
1897 2614 2002 2646 Gregor.
2018 2614 2064 2644 XI,
2078 2614 2127 2638 vol.
2142 2614 2188 2644 111,
2202 2614 2245 2639 fol.
2257 2614 2340 2645 38312).

570 2653 592 2676 3.
614 2654 689 2683 Opp„
705 2653 738 2683 11,
755 2654 793 2677 52.

569 2697 593 2721 4.
611 2697 690 2721 Arch.
704 2697 775 2727 Vat.y
792 2706 856 2721 arm.
871 2698 910 2728 51,
927 2703 955 2721 12⁰
970 2699 1009 2729 48,
1024 2700 1067 2724 fol.
1084 2701 1137 2726 141⁷.

570 2742 594 2765 5.
611 2741 688 2771 Ibid.,
704 2745 732 2765 n⁰
744 2742 782 2772 49,
799 2742 840 2766 fol.
856 2742 913 2766 14¹0.

568 2786 594 2811 6.
610 2786 678 2809 Infra
694 2794 720 2818 p.
735 2786 790 2810 504.

568 2831 592 2854 7.
610 2830 680 2854 Infra
695 2835 723 2853 n⁰
740 2831 808 2856 1678.
843 2861 849 2867 .

569 2874 593 2898 8.
611 2875 695 2906 Supra
711 2883 735 2906 p.
750 2881 798 2905 xv,
814 2877 865 2901 not,
