2488 3386
249 313 344 349 1385]
666 326 711 347 AB
746 326 851 347 ANNO
887 325 1017 347 mecei„
1051 326 1180 353 esoni:
1217 326 1264 347 AD
1300 326 1562 347 nes-minorum
1599 325 1687 346 x111.
2044 315 2105 347 381

243 401 490 428 vicecancellarius
504 402 591 434 gratis
606 403 634 428 et
648 401 804 427 liberaliter
819 401 878 426 sine
894 400 1041 426 exactione
1055 400 1173 432 aliquali
1190 401 1327 425 tenentur
1340 400 1489 426 licenciare
1506 401 1682 426 bachalarios
1697 402 1870 427 sufficientes
1886 401 1915 426 in
1931 408 2108 433 quacunque

243 450 391 478 facultate:
410 452 508 476 tamen
523 450 595 476 dixit
612 450 706 476 dictus
721 450 799 475 testis
821 448 941 483 quod22,
959 450 1023 482 post
1038 449 1227 474 traditionem
1248 449 1351 481 signeti
1375 449 1608 474 bachalariorum
1633 450 1662 474 in
1686 450 1795 475 artibus
1818 449 2064 475 licenciandorum
2080 451 2108 475 et

241 500 306 532 post
320 499 532 532 depositionem
547 498 769 525 vicecancellarii
784 500 813 524 et
832 498 897 531 iiijw·
915 497 1125 530 magistrorum
1141 497 1176 523 de
1197 497 1314 523 licencia
1333 499 1361 522 et
1383 497 1451 522 loeis
1465 497 1612 523 dictorum
1629 498 1846 530 magistrorum.
1863 498 1930 523 dieti
1953 498 2107 523 bachalarii

241 556 292 582 per
308 548 432 574 modum
447 547 607 573 audicionis
621 547 652 573 in
667 547 820 573 communi
836 547 909 572 bene
925 546 999 572 soliti
1015 547 1084 571 sunt
1101 546 1169 572 dare
1185 546 1414 571 vicecancellario
1430 548 1532 579 sponte
1548 554 1598 572 sua
1621 555 1673 579 pro
1689 547 1785 572 labore
1800 547 1962 572 collacionis
1978 547 2051 572 duos
2064 547 2107 573 vel

241 598 298 622 tres
321 597 433 622 francos
456 603 509 629 pro
531 596 598 622 vino
620 604 668 622 seu
689 595 845 629 speciebus.
865 596 1063 627 Interrogatus
1078 602 1169 627 quare
1184 595 1321 627 premissa
1337 595 1397 623 scit,
1414 594 1486 619 dixit
1501 595 1580 627 quod
1603 595 1730 620 exercuit
1745 595 1875 621 officium
1891 595 2106 621 subcancellarii

240 645 356 671 duobus
369 645 453 671 annis
468 645 503 671 de
518 647 649 678 tempore
663 644 788 670 condam
802 643 932 676 magistri
948 644 1089 669 Johannis
1101 643 1136 669 de
1149 643 1258 672 Calore,
1273 645 1302 669 et
1318 643 1397 676 quod
1411 636 1499 668 niodo
1514 644 1653 676 premisso
1669 644 1723 669 fnit.
1737 644 1788 669 sibi
1801 644 1904 669 datum
1919 644 2104 676 aliquociens.

329 695 401 719 Item
419 701 505 727 super
519 699 585 719 xxv⁰
599 695 626 719 et
641 693 700 718 xlv0
715 693 787 718 dixit
803 700 830 719 se
846 692 935 718 nichil
950 692 1030 717 aliud
1046 692 1125 720 scire.
1143 692 1196 717 nisi
1213 692 1293 725 quod
1312 692 1448 724 magister
1460 692 1607 717 Johannes
1620 692 1656 718 de
1671 693 1786 725 Quercu
1802 694 1865 725 post
1887 693 2036 718 licenciam
2052 693 2106 718 fuit

239 742 398 776 impeditus
412 750 463 775 per
477 742 681 768 cancellarium
696 750 712 767 a
727 741 892 775 magisterio
906 749 958 774 pro
974 743 1049 766 certa
1065 741 1110 766 die
1124 741 1176 766 sibi
1191 741 1333 773 assignata
1348 748 1401 773 pro
1413 741 1494 770 aula;
1511 742 1539 766 et
1551 741 1742 774 postmodum
1759 741 1814 766 fuit
1829 741 1881 766 sibi
1896 741 1949 766 alia
1965 742 2024 767 dies
2036 742 2105 767 assi-

238 793 336 824 gnata,
353 799 410 824 qua
425 791 471 817 die
486 791 542 816 fuit
557 791 752 823 magistratus,
767 790 824 816 alio
838 798 891 823 pro
905 790 1074 816 cancellario
1089 791 1208 815 tenente
1222 789 1331 815 aulam.
1349 790 1546 822 Interrogatus
1562 789 1593 818 si,
1609 790 1728 822 quando
1742 790 1797 815 suit
1813 789 1988 818 licenciatus.
2005 791 2106 816 habuit

237 840 370 873 primum
386 840 494 869 locum.
508 839 581 865 dixit
593 839 674 873 quod
689 839 737 869 sic,
752 841 840 872 prout
855 839 949 865 dictus
962 839 1039 864 testis
1055 838 1171 864 vidit...

325 888 411 922 xliiij.
434 888 566 921 Magister
578 888 722 914 JouANan
738 888 876 918 Lunum-1,
890 887 1026 920 magister
1042 887 1072 912 in
1085 887 1196 913 artibus
1209 888 1237 913 ct
1252 887 1432 912 bachalarius
1446 887 1477 912 in
1490 887 1644 920 theologia,
1658 887 1778 913 studens
1794 887 1926 916 l‘arisius,
1941 887 1976 913 de
1988 888 2106 914 nacione

238 937 365 966 Francie,
382 937 464 963 etatis
485 945 540 962 xxx
559 945 707 963 annorum
723 937 766 963 vel
786 937 869 966 circa,
886 937 1068 962 examinatus
1090 944 1176 969 super
1199 936 1271 969 lviij0
1287 936 1419 965 articulo,
1443 936 1578 968 deposuit
1599 936 1679 969 quod
1701 936 1812 961 audivit
1830 936 1885 961 dici
1901 944 1915 961 a
1930 937 2064 969 pluribus
2079 939 2106 962 et

236 985 325 1011 etiam
339 994 354 1011 a
369 986 446 1012 dicto
458 986 683 1012 subcancellario
698 986 778 1019 quod
794 986 854 1018 ipse
868 987 1014 1018 receperat
1029 985 1207 1018 aliquociens
1222 985 1334 1018 aliquas
1348 985 1501 1018 peccunias
1513 993 1528 1010 a
1544 985 1677 1018 pluribus
1690 985 1892 1010 audicionibus
1907 985 1937 1010 111
1953 986 2106 1011 communi

236 1042 289 1067 pro
304 1035 460 1067 speciebus.
477 1034 526 1060 sed
545 1035 600 1060 hoc
615 1036 675 1060 erat
696 1042 749 1067 pro
770 1042 844 1067 pena
865 1036 894 1060 et
918 1034 1014 1060 labore
1036 1034 1209 1063 eollacionis,
1226 1041 1317 1066 quam
1333 1033 1452 1059 faciebat
1468 1034 1551 1059 dictis
1568 1034 1752 1059 licenciandis
1767 1035 1801 1059 ut
1815 1035 1857 1059 est
1872 1034 1971 1062 moris.
1988 1034 2035 1059 sed
2051 1035 2106 1060 hoc

236 1085 297 1109 erat
309 1083 464 1110 liberaliter
479 1085 507 1109 et
521 1084 581 1109 sine
595 1083 765 1110 inductione
779 1083 908 1117 aliquali.
926 1084 1123 1116 Interrogatus
1136 1083 1158 1108 si
1172 1083 1223 1108 scit
1237 1083 1335 1116 ipsum
1351 1083 1618 1108 vicecancellarium
1634 1083 1788 1115 impedisse
1800 1083 1922 1115 aliquos,
1937 1084 1971 1108 ut
1987 1083 2106 1109 haberet

235 1132 398 1164 peccunias,
415 1132 487 1158 dixit
502 1140 529 1158 se
544 1132 634 1158 nichil
650 1132 729 1158 scire.
746 1133 945 1165 Interrogatus
960 1132 981 1157 si
996 1132 1048 1157 seit
1063 1132 1106 1157 vel
1121 1131 1264 1157 audiverit
1283 1131 1339 1157 dici
1360 1131 1440 1164 quod
1463 1131 1557 1157 dictus
1581 1131 1823 1157 subcancellarius
1846 1132 1986 1164 receperit
2008 1132 2105 1165 aliqua

235 1188 359 1207 munera
375 1182 419 1207 vel
433 1181 510 1207 dona
524 1189 577 1214 pro
592 1181 772 1207 licenciando
787 1181 831 1207 vel
846 1181 1025 1214 expediendo
1042 1181 1181 1214 aliquem.
1198 1180 1270 1206 dixit
1285 1180 1365 1213 quod
1380 1180 1490 1206 audivit
1513 1188 1528 1205 a
1549 1180 1684 1213 pluribus
1705 1181 1786 1213 quod
1810 1180 1857 1209 sic,
1879 1181 1927 1206 sed
1948 1181 1984 1206 de
2006 1181 2105 1214 aliquo

234 1230 309 1255 facto
324 1230 464 1263 singulari
480 1238 540 1256 non
555 1230 734 1260 recordatur,
751 1232 779 1256 et
794 1230 901 1256 dicitur
915 1230 1113 1256 communiter
1134 1230 1233 1262 ipsum
1248 1237 1306 1255 esse
1327 1229 1362 1255 de
1384 1229 1518 1262 predictis
1540 1229 1679 1255 abusibus
1693 1229 1890 1254 diffamatum.
1908 1230 2105 1262 Interrogatus

234 1278 389 1311 diligenter
403 1287 490 1312 super
501 1279 563 1304 aliis
575 1279 719 1305 contentis
734 1279 764 1304 in
779 1279 857 1305 dicto
871 1279 1004 1307 articulo,
1021 1278 1093 1304 dixit
1109 1286 1136 1305 se
1152 1278 1243 1304 nichil
1257 1278 1373 1304 scire...

321 1327 379 1354 xlv.
402 1327 534 1361 Magister
549 1328 716 1353 BxLDorxcs
727 1328 810 1356 Acxl.
822 1328 923 1353 doctor
936 1328 967 1353 in
982 1327 1126 1361 theologia
1139 1327 1262 1353 Parisius
1275 1329 1342 1353 actu
1357 1335 1470 1359 regens,
1488 1327 1615 1352 nacionis
1631 1327 1767 1355 Pieardie,
1784 1327 1866 1352 etatis
1882 1327 1939 1360 xliij
1955 1335 2104 1353 annorum

234 1375 277 1401 vel
292 1375 374 1405 circa,
393 1376 575 1402 examinatus
597 1384 683 1410 super
702 1377 767 1410 liiij⁰
783 1377 916 1406 articulo,
940 1377 1012 1402 dixit
1035 1384 1138 1402 verum
1159 1384 1218 1402 esse
1241 1376 1322 1409 quod
1345 1376 1481 1409 magister
1503 1376 1650 1401 Johannes
1669 1376 1705 1401 de
1720 1375 1828 1401 Ordine
1850 1376 2026 1401 Servitarum
2050 1376 2104 1401 fuit

233 1421 420 1457 magistratus
438 1425 492 1450 sub
507 1425 584 1451 dicto
599 1425 777 1454 cancellario.
795 1426 847 1459 qui
862 1426 956 1451 dictus
972 1425 1108 1458 magister
1123 1426 1271 1451 Johannes
1290 1427 1350 1451 erat
1371 1427 1399 1450 et
1422 1425 1477 1450 suit
1498 1425 1679 1450 bachalarius
1698 1425 1767 1450 dicti
1789 1424 1867 1450 testis
1891 1427 1955 1457 post.
1977 1426 2103 1450 mortem

232 1473 350 1499 alterius
365 1474 526 1499 cancellarii
540 1474 745 1506 predecessoris
760 1474 850 1500 istius.
868 1475 1065 1507 Interrogatus
1079 1475 1100 1499 si
1115 1474 1210 1499 dictus
1229 1474 1416 1500 cancellarius
1431 1474 1547 1499 induxit
1563 1474 1676 1499 dictum
1697 1473 1835 1499 Servitam
1851 1473 1887 1498 ad
1903 1473 2102 1506 recipiendum

231 1521 345 1547 dictum
360 1523 486 1555 gradum
501 1523 555 1548 sub
574 1523 645 1556 ipso,
661 1523 734 1548 dixit
754 1531 781 1549 se
802 1523 891 1549 nichil
907 1523 977 1549 scire
999 1523 1053 1548 nisi
1073 1523 1153 1556 quod
1175 1523 1283 1556 pluries
1304 1523 1398 1548 dictus
1420 1523 1606 1548 cancellarius
1627 1523 1700 1547 dixit
1714 1522 1792 1548 dicto
1808 1522 1913 1548 Servite
1928 1524 1956 1548 et
1971 1522 2023 1547 sibi
2039 1523 2102 1548 testi

230 1570 365 1604 loquenti
377 1573 406 1597 et
418 1572 506 1597 etiam
519 1572 580 1597 aliis
596 1572 739 1605 magistris
754 1574 782 1598 et
802 1572 970 1598 bachalariis
992 1572 1136 1598 facultatis
1151 1572 1305 1605 theologie,
1322 1572 1402 1605 quod
1417 1579 1476 1597 non
1492 1572 1639 1604 expediret
1654 1571 1767 1597 dictum
1790 1571 1940 1599 Servitam,
1958 1572 2011 1597 nisi
2027 1571 2101 1597 inci-

231 1621 311 1653 peret
334 1620 388 1645 sub
407 1628 451 1649 eo,
470 1628 596 1647 asserens
615 1621 709 1646 dietus
724 1621 920 1650 cancellarius,
938 1621 1018 1654 quod
1033 1621 1068 1647 de
1083 1621 1295 1647 consuetudine
1310 1623 1338 1646 et
1358 1622 1466 1646 statuto
1482 1620 1598 1646 Ordinis
1614 1620 1791 1646 Servitarum
1808 1620 1978 1653 hujusmodi
1995 1620 2101 1646 Servite

231 1668 340 1694 habent
355 1668 480 1702 incipere
495 1670 549 1694 sub
563 1670 742 1695 cancellario.
759 1671 956 1702 Interrogatus
969 1670 991 1695 si
1004 1670 1131 1703 predicta
1147 1670 1269 1696 fuerunt
1285 1671 1358 1695 facta
1372 1670 1407 1695 (10
1423 1677 1563 1695 consensu
1577 1669 1646 1694 dicti
1663 1669 1749 1698 testiS,
1761 1669 1834 1694 dixit
1849 1668 1929 1702 quod
1945 1676 2100 1702 nunquam

230 1717 373 1743 consensit
393 1718 436 1743 vel
451 1718 632 1744 renunciavit
643 1719 703 1752 juri
726 1727 787 1748 suo,
811 1719 859 1744 sed
873 1719 1065 1744 dissimulavit
1087 1727 1123 1745 ne
1144 1719 1238 1745 dictus
1258 1719 1366 1744 Servita
1385 1719 1502 1744 licencia
1522 1717 1743 1753 f[r]ustraretur.
1761 1719 1958 1750 Interrogatus
1973 1718 1994 1743 si
2008 1718 2101 1743 dictus

231 1765 338 1792 Servita
352 1766 464 1792 dederit
479 1767 631 1800 peccunias
646 1768 826 1797 cancellario.
843 1768 917 1793 dixit
932 1775 960 1794 se
975 1768 1065 1793 nichil
1081 1768 1161 1794 scire.

317 1815 388 1849 xlvj.
410 1816 541 1848 Magister
557 1816 739 1842 GU1LLELMUS
760 1817 889 1846 Gemma,
912 1817 1048 1850 magister
1064 1817 1095 1842 in
1114 1817 1225 1843 artibus
1249 1818 1278 1843 et
1301 1816 1482 1842 bachalarius
1503 1816 1533 1841 in
1556 1816 1712 1849 theologia,
1738 1816 1773 1841 de
1798 1815 1918 1841 nacione
1935 1816 2098 1844 Normanie,

230 1863 349 1890 studens
363 1865 494 1894 Parisius,
511 1865 593 1891 etatis
608 1866 682 1899 xxxij
701 1873 849 1891 annorum
865 1866 907 1892 vel
922 1866 1005 1894 eirca.
1022 1866 1206 1892 examinatus
1225 1874 1311 1899 super
1334 1871 1362 1890 x0
1385 1866 1517 1894 articulo,
1535 1865 1607 1890 dixit
1629 1865 1663 1890 de
1685 1865 1828 1890 contentis
1851 1865 1881 1890 111
1906 1865 1966 1897 ipso
1983 1866 2099 1890 tantum

229 1912 308 1941 scire,
326 1913 456 1939 videlicet
471 1913 551 1947 quod
566 1914 660 1940 dictus
675 1915 863 1940 cancellarius
877 1915 987 1948 absque
1001 1915 1148 1941 exactione
1174 1915 1313 1948 peccunic
1326 1915 1370 1940 vel
1384 1914 1502 1940 alterius
1517 1914 1587 1940 doni
1605 1916 1720 1939 tenetur
1737 1914 1862 1946 recipere
1877 1922 1926 1939 seu
1946 1913 2100 1939 admittere

227 1961 264 1986 ad
286 1961 435 1987 licenciam
457 1962 633 1988 bachalarios
654 1963 684 1988 111
707 1963 837 1996 qualibet
856 1964 1002 1993 facultate,
1019 1965 1048 1989 et
1067 1964 1097 1989 in
1114 1964 1251 1989 facultate
1271 1964 1380 1989 artium
1395 1964 1484 1989 etiam
1506 1963 1614 1996 absque
1635 1963 1809 1995 receptione,
1827 1962 1920 1995 posito
1935 1962 2015 1995 quod
2031 1970 2097 1994 gra—

228 2010 323 2035 tanter
338 2010 491 2036 offerretur
505 2011 557 2036 sibi
572 2019 587 2037 a
603 2012 800 2040 licenciandis;
819 2012 849 2037 in
864 2012 925 2037 aliis
938 2020 1003 2038 vero
1020 2013 1205 2038 facultatibus
1220 2012 1369 2038 consuevit
1382 2012 1569 2038 cancellarius
1593 2012 1717 2044 recipere
1740 2011 1822 2038 illud,
1840 2011 1918 2043 quod
1939 2011 1991 2036 sibi
2011 2011 2099 2043 gratis

225 2060 347 2085 otl'ertur
358 2067 412 2092 pro
427 2059 558 2094 [s]igneto
572 2062 640 2086 ante
653 2061 813 2087 licenciam.
828 2062 1027 2094 Interrogatus
1039 2062 1190 2094 quomodo
1206 2062 1260 2087 hoc
1276 2062 1338 2090 scit,
1355 2061 1428 2086 dixit
1444 2061 1524 2094 quod
1540 2061 1610 2086 vidit
1623 2060 1766 2086 contineri
1781 2061 1811 2085 in
1826 2059 1974 2092 privilegio
1991 2059 2095 2084 Urbani

228 2108 335 2141 quinti.
348 2108 383 2133 Et
395 2108 450 2134 hoc
465 2111 613 2142 quantum
626 2109 663 2134 ad
677 2110 797 2135 artistas.
811 2109 964 2142 Quantum
977 2110 1012 2135 ad
1025 2110 1094 2136 alios
1108 2110 1179 2135 vidit
1190 2111 1270 2143 quod
1285 2110 1410 2135 dabatur
1419 2110 1531 2143 aliquid
1545 2110 1574 2135 in
1589 2109 1803 2143 presentatione
1818 2108 1921 2141 signeti
1936 2109 2013 2134 dicto
2026 2116 2096 2133 can-

227 2157 342 2182 cellario
357 2165 410 2190 pro
424 2157 524 2190 aliquo
538 2158 797 2187 lieenciandorum.
813 2159 849 2184 de
864 2166 994 2191 quorum
1010 2159 1180 2185 nominibus
1202 2159 1237 2184 ad
1262 2167 1377 2192 presens
1399 2167 1458 2184 non
1483 2159 1662 2184 recordatur.
1682 2159 1879 2190 Interrogatus
1897 2157 1919 2182 si
1939 2157 2000 2186 scit,
2017 2157 2097 2190 quod

227 2205 318 2239 aliqui
333 2206 431 2232 artiste
443 2206 577 2232 dederint
592 2207 703 2240 aliquid
716 2208 887 2233 cancellario
903 2208 946 2233 vel
966 2208 1201 2237 subcancellario,
1218 2208 1291 2233 dixit
1306 2208 1387 2241 quod
1405 2208 1516 2233 audivit
1531 2207 1586 2233 dici
1602 2207 1682 2240 quod
1701 2207 1742 2232 illi
1757 2207 1792 2232 de
1808 2206 1912 2239 prima,
1929 2206 2053 2231 secunda
2069 2207 2097 2231 et

227 2254 313 2280 tercia
327 2255 530 2281 audicionibus
544 2256 623 2281 tercii
637 2256 717 2285 anni,
734 2256 879 2282 dederunt
896 2257 1086 2282 familiaribus
1103 2257 1171 2282 dicti
1187 2257 1351 2282 cancellarii
1372 2264 1425 2290 pro
1439 2257 1501 2290 ipso
1514 2256 1694 2284 cancellario,
1710 2257 1744 2281 ut
1758 2255 1902 2284 dicebant,
1921 2262 2012 2280 unam
2027 2262 2095 2287 par-

227 2304 287 2329 tem
302 2304 450 2336 peccunie,
465 2306 493 2330 et
508 2304 594 2330 aliam
610 2305 845 2331 subcancellario.
863 2306 1060 2339 Interrogatus
1074 2314 1089 2331 a
1102 2306 1210 2339 quibus
1225 2306 1346 2335 audivit,
1363 2305 1435 2331 dixit
1448 2306 1528 2338 quod
1543 2305 1655 2330 audivit
1670 2313 1685 2330 a
1702 2304 1871 2330 bachalariis
1886 2304 2051 2329 sistentibus
2065 2304 2096 2329 in

225 2351 308 2377 dictis
325 2352 536 2378 audicionibus.
553 2354 750 2386 Interrogatus
766 2362 855 2387 quare
868 2354 1002 2379 dicebant
1017 2354 1126 2380 dedisse
1141 2354 1230 2380 dictas
1249 2354 1412 2387 peccunias,
1429 2354 1501 2379 dixit
1517 2354 1597 2386 quod
1614 2354 1758 2381 dicebant,
1775 2353 1855 2386 quod
1871 2352 2096 2378 subcancellario

226 2400 335 2426 dabant
349 2409 402 2434 pro
421 2402 567 2434 speciebus
582 2404 610 2427 et
629 2410 682 2435 pro
698 2410 772 2435 pena
787 2404 815 2428 et
830 2402 936 2432 labore,
952 2405 980 2428 et
1000 2403 1191 2428 familiaribus
1214 2403 1283 2428 dicti
1305 2403 1467 2428 cancellarii
1490 2403 1642 2428 tradebant
1666 2402 1793 2427 infestati
1817 2409 1867 2434 per
1889 2409 1935 2427 eos
1957 2403 1991 2426 ut
2012 2401 2096 2426 citius

226 2449 441 2482 expedirentur.
458 2451 655 2483 Interrogatus
670 2451 705 2476 (10
725 2452 889 2484 quantitate
904 2452 1051 2484 peccunie,
1068 2452 1141 2477 dixit
1156 2452 1236 2485 quod
1258 2452 1288 2477 in
1304 2459 1363 2477 una
1383 2451 1534 2477 audicione
1549 2451 1695 2477 dederunt
1717 2451 1816 2476 decem
1839 2451 1950 2475 francos
1970 2449 2094 2475 familia-

226 2498 306 2523 ribus
320 2498 388 2524 dicti
403 2499 574 2529 cancellarii,
592 2499 722 2525 videlicet
738 2499 835 2532 Sigero
849 2502 878 2526 et
894 2501 1061 2529 Guillelmo,
1076 2502 1105 2526 et
1120 2501 1189 2526 alios
1204 2501 1304 2526 decem
1319 2500 1396 2526 dicto
1412 2500 1653 2529 vleecancellario,
1672 2502 1700 2525 et
1722 2500 1752 2524 in
1772 2499 1826 2524 alia
1841 2498 1993 2524 audicione
2008 2498 2094 2523 fami-

226 2546 344 2572 liaribus
367 2548 527 2574 cancellarii
552 2548 685 2582 quinque
706 2550 734 2574 et
757 2549 982 2575 subcancellario
1004 2549 1151 2582 quinque,
1176 2550 1211 2575 de
1232 2550 1287 2575 alia
1311 2549 1464 2575 audicione
1490 2557 1549 2574 non
1573 2549 1742 2574 recordatur
1767 2549 1915 2581 quantum
1939 2547 2092 2572 dederunt.

225 2595 422 2628 Interrogatus
437 2597 459 2622 si
474 2597 524 2622 seit
539 2597 651 2630 aliquos
664 2598 770 2623 abusus
783 2598 951 2623 commissos
967 2598 1052 2624 fuisse
1065 2606 1116 2631 per
1131 2599 1244 2624 dictum
1260 2598 1477 2626 cancellarium,
1495 2598 1567 2623 dixit
1583 2598 1663 2631 quod
1676 2597 1788 2622 audivit
1801 2597 1856 2622 dici
1871 2604 1886 2621 a
1903 2596 2042 2628 quodam.
2059 2596 2093 2621 de

225 2644 308 2677 eujus
324 2645 443 2671 nomine
457 2653 517 2671 non
532 2646 709 2675 recordatur,
724 2647 804 2680 quod
819 2647 914 2672 dietus
927 2647 1112 2673 cancellarius
1129 2647 1232 2673 habuit
1247 2648 1283 2672 al)
1297 2655 1357 2672 uno
1372 2647 1550 2672 licenciando
1566 2647 1596 2671 in
1611 2646 1764 2674 medicina,
1783 2645 1913 2670 videlicet
1925 2652 1940 2669 a
1957 2644 2093 2676 magistro

225 2693 336 2718 Thema
352 2694 577 2727 BIanchechape,
594 2695 727 2728 quinque
742 2696 854 2721 francos
869 2696 912 2721 vel
929 2696 1064 2721 valorem.
1082 2697 1281 2729 Interrogatus
1294 2696 1330 2721 ad
1350 2704 1440 2729 quem
1457 2696 1548 2721 tinem
1564 2695 1660 2724 dabat,
1676 2695 1748 2720 dixit
1763 2694 1842 2727 qnod
1858 2694 1893 2718 ad
1909 2694 1999 2718 tinem
2014 2692 2092 2724 qnod

226 2749 285 2766 non
300 2742 492 2775 impediretur
506 2751 521 2768 a
537 2744 715 2773 cancellario.
731 2746 759 2769 et
775 2746 871 2777 postea
887 2752 938 2777 per
953 2745 1066 2770 dictum
1082 2745 1289 2770 cancellarium
1306 2745 1361 2770 fuit
1376 2745 1518 2769 admissus
1532 2744 1568 2769 ad
1584 2744 1691 2769 dictam
1709 2743 1869 2768 licenciam.
1889 2743 1959 2766 Item
1977 2741 2046 2765 dixit
2066 2748 2092 2765 se

224 2790 363 2816 audivisse
378 2791 443 2820 dici,
458 2792 538 2824 quod
553 2792 647 2818 dictus
661 2793 847 2818 cancellarius
862 2794 969 2826 recepit
984 2793 1084 2819 decem
1108 2794 1221 2819 francos
1242 2802 1256 2819 a
1273 2794 1403 2826 quodam
1426 2793 1614 2821 Predicatore,
1638 2792 1673 2817 ad
1697 2792 1787 2816 finem
1809 2790 1889 2823 quod
1911 2789 2093 2821 expediretur

226 2839 373 2865 honestius
387 2840 422 2865 de
437 2840 565 2873 quadam
581 2841 762 2867 revocaeione
777 2842 930 2874 cujusdam
950 2842 1154 2875 propositionis
1177 2850 1228 2875 per
1243 2851 1312 2868 eum
1329 2842 1441 2871 facte²³¹,
1458 2844 1486 2867 et
1501 2841 1589 2867 ctiam
1606 2843 1636 2866 nt
1658 2842 1751 2873 posset
1765 2839 1936 2865 continuare
1952 2838 2091 2863 lecturam

225 2896 307 2913 suam
324 2888 554 2918 Sentenciarum,
571 2889 601 2914 in
617 2898 674 2922 qua
690 2890 799 2916 lectura
815 2890 1029 2923 impediebatur
1049 2899 1100 2924 per
1115 2891 1322 2917 cancellarimn
1343 2893 1371 2916 et
1393 2891 1576 2917 facultatem:
1599 2891 1627 2915 ct
1653 2890 1717 2921 post
1738 2888 1887 2913 dat-ionem
1912 2885 2089 2911 continuavit
