2488 3386
219 303 314 339 1391]
623 318 669 339 AB
703 318 808 339 ΑΝΝο
843 318 973 340 MCCCL
1007 319 1136 347 USQUE
1172 320 1219 341 An
1246 320 1501 342 armenica-um
1537 322 1626 343 xiii.
2010 315 2071 346 501

306 390 518 423 Mandamus
539 390 650 435 igitur
670 390 839 423 omnibus
861 398 896 424 et
916 391 1072 436 singulis
1094 392 1278 437 prioribus
1299 393 1582 437 provincialibus
1600 401 1633 427 et
1654 408 1776 428 eorum
1800 396 1942 429 vicariis
1963 409 2073 442 gene-

218 456 365 497 ralibus,
385 456 724 502 deffinitoribusque
741 457 977 502 capitulorum
1002 458 1276 503 provincialium
1295 458 1338 491 de
1360 460 1521 503 proximo
1539 460 1836 494 celebrandorum
1860 463 1895 495 in
1916 463 2072 508 singulis

216 523 414 567 provinciis
441 523 478 555 in
498 523 629 556 virtute
657 530 779 556 sancte
805 523 1012 556 obedientie
1042 531 1076 557 et
1103 524 1171 557 sub
1199 537 1289 569 pena
1312 526 1704 566 excommunicationis,
1728 535 1904 572 quatenus
1925 530 1961 561 in
1982 530 2072 574 ipsis

216 589 382 634 capitulis
404 601 561 622 summas
584 601 648 634 pro
670 590 746 622 suis
769 590 966 634 provinciis
988 591 1158 635 superius
1179 591 1380 636 assignatas
1403 592 1632 633 distribuant,
1651 600 1686 625 et
1706 606 1804 626 suam
1827 602 1969 639 quotam
1991 608 2072 628 con-

215 656 419 688 venientem
450 656 639 700 assignent
665 655 814 688 cuilibet
843 656 878 688 in
907 657 1101 689 communi.
1131 664 1165 690 et
1191 657 1362 690 fratribus
1390 658 1426 690 in
1456 659 1673 703 particulari,
1697 660 1813 692 taliter
1838 661 1881 693 de
1911 668 2072 706 tempore

215 722 409 755 solutionis
431 722 673 767 disponendo,
701 722 799 766 quod
827 729 933 755 totam
963 735 1149 763 summam„
1179 724 1222 756 ad
1253 736 1356 768 quam
1380 725 1548 769 superius
1569 736 1632 758 sua
1661 726 1843 770 provincia
1865 734 1919 759 est
1945 734 2072 769 taxata,

215 789 356 821 mittere
377 788 520 833 possint
541 795 575 821 et
596 788 639 820 de
661 789 752 821 sacto
775 789 913 822 mittant
934 789 978 821 ad
1003 790 1137 822 curiam
1159 792 1351 823 Romanam
1379 791 1587 824 tradendam
1609 798 1644 824 et
1668 792 1876 825 solvendam
1903 806 2072 838 procura-

213 854 354 887 toribus
375 855 551 887 institutis
570 854 628 887 vel
649 855 885 888 instituendis
906 855 942 887 in
963 855 1025 888 lite
1045 857 1219 900 predicta,
1240 857 1297 890 vel
1325 857 1410 895 illis,
1439 869 1502 890 seu
1532 857 1599 899 illi,
1626 858 1669 891 de
1691 871 1774 903 quo,
1797 859 1853 891 vel
1874 860 1918 892 de
1940 860 2071 904 quibus

215 921 300 954 dicti
330 928 585 966 procuratores
607 921 840 962 ordinabunt.
867 922 909 954 ad
934 923 1070 955 tardius
1098 923 1188 956 infra
1215 923 1307 956 duos
1328 935 1473 956 menses
1492 925 1754 969 computandos
1785 938 1800 958 a
1827 925 1897 958 fine
1925 927 2070 971 capituli

213 1000 358 1021 suarum
380 988 702 1032 provinciarum....

305 1087 464 1117 Fragmenta
479 1086 563 1118 Cnpp.
580 1086 695 1118 general.
710 1086 774 1110 Ord.
790 1087 883 1111 Praed.
899 1089 921 1116 (e
936 1087 993 1110 cod.
1011 1087 1073 1110 olim
1089 1087 1115 1110 in
1129 1096 1203 1111 conv.
1219 1088 1356 1111 Barcinon.
1373 1092 1535 1119 conservato)
1557 1090 1589 1112 ad
1612 1090 1675 1114 Ord.
1692 1091 1784 1113 Prned.
1800 1091 1966 1122 pertinentia.
1983 1092 2073 1123 Assig-

213 1130 331 1154 nationes
349 1131 449 1154 baccnt.
465 1131 518 1154 vid.
537 1139 619 1162 supra
636 1135 665 1154 n⁰
681 1132 749 1155 1547.
771 1145 797 1149 ·—
814 1132 946 1155 Johannes
967 1132 998 1155 dc
1016 1132 1167 1155 Montesono
1186 1136 1246 1155 tunc
1266 1133 1395 1156 Avenionc
1414 1134 1575 1162 morabatur,
1593 1138 1617 1157 et
1635 1136 1648 1157 3
1667 1135 1777 1166 Augusti
1798 1135 1909 1166 aufugit.
1926 1136 1983 1160 Vid.
2002 1136 2070 1159 infra

210 1179 240 1197 n⁰
254 1175 324 1198 1567.

304 1259 326 1283 1.
346 1260 374 1282 In
395 1268 444 1283 ms.
466 1259 581 1291 spatium
598 1260 716 1291 plurium
738 1260 878 1283 linem-um.
894 1274 924 1277 —
940 1261 962 1283 2.
979 1261 1088 1291 Propter
1105 1261 1177 1283 litem
1194 1261 1379 1284 Universitutis
1398 1261 1481 1286 Paris.
1501 1265 1591 1284 contra
1606 1262 1750 1285 ,Iohannem
1771 1263 1802 1285 de
1817 1263 1976 1291 Montesono,
1996 1264 2069 1295 cujus

209 1307 299 1334 partes
321 1304 413 1327 tenuit.
430 1317 455 1321 —
471 1305 493 1327 3.
510 1304 605 1327 Notum
625 1304 743 1335 dignum,
767 1313 825 1327 cum
846 1313 876 1327 ex
894 1305 943 1327 hoc
959 1308 1095 1335 appareat,
1112 1313 1177 1336 quae
1198 1305 1349 1336 provinciae
1371 1314 1441 1336 mag.
1464 1306 1594 1336 generalis
1614 1306 1686 1329 Eliae
1706 1307 1851 1337 Raymundi
1874 1308 2005 1337 Tolosani,
2025 1316 2069 1331 seu

209 1348 298 1379 potius
315 1348 454 1371 Clementis
471 1349 516 1371 Vll
532 1351 620 1379 partes
642 1349 795 1371 tenuissent.
816 1363 847 1365 —
863 1350 884 1372 [ι.
904 1349 931 1371 In
952 1349 1101 1380 Brisgovia.
1120 1350 1224 1372 Fratres
1247 1350 1362 1381 ejusdem
1379 1353 1520 1372 conventus
1537 1360 1549 1371 u(
1568 1359 1628 1373 vcro
1648 1351 1766 1381 pontifici
1784 1351 1908 1374 Clementi
1922 1352 2069 1382 juramento

209 1392 312 1415 astricti
329 1395 404 1415 erunt
419 1400 430 1415 ))
456 1394 521 1422 (Act.
542 1392 626 1423 Capit.
649 1393 765 1424 general.
786 1401 828 1416 an.
850 1394 930 1422 1386),
950 1402 1009 1416 cum
1025 1393 1084 1424 ipsu
1106 1394 1169 1416 villa
1185 1394 1343 1425 Friburgum
1361 1394 1416 1425 jam
1436 1394 1469 1416 ab
1491 1402 1531 1418 an.
1554 1395 1613 1417 1380
1631 1395 1755 1418 Clementi
1779 1396 1823 1418 VII
1841 1396 1990 1419 adhaeserit
2006 1396 2067 1426 (vid.

209 1436 308 1465 Vulois,
324 1437 362 1460 Le
385 1436 484 1461 Grand
500 1437 622 1462 Schisme
641 1445 674 1461 en
694 1438 870 1468 Allemayne,
894 1438 962 1465 1893,
979 1446 1005 1469 p.
1021 1439 1069 1467 42).
1091 1438 1240 1461 Conventus
1261 1438 1323 1461 Ord.
1345 1438 1436 1461 Praed.
1453 1447 1482 1461 ex
1501 1443 1641 1469 praecepto
1661 1439 1775 1470 Capituli
1796 1440 1925 1471 generalis
1948 1449 1988 1464 an.
2010 1442 2070 1463 1386

210 1482 306 1504 fratres
329 1481 452 1512 expulsos
473 1482 504 1504 de
521 1485 649 1505 conventu
670 1482 823 1511 Basileensi,
843 1482 887 1504 nbi
905 1482 988 1513 major
1002 1491 1064 1513 pars
1083 1483 1219 1506 Urbanum
1236 1483 1267 1506 Vl
1285 1486 1373 1506 secuta
1388 1486 1436 1511 est,
1452 1483 1568 1514 recipere
1580 1486 1605 1506 et
1624 1483 1748 1506 benevole
1764 1488 1875 1507 tractare
1891 1485 1980 1508 debuit
1998 1486 2069 1514 (Acta

208 1525 293 1556 capit.
310 1527 390 1556 gem).

211 1669 352 1706 1563.
381 1689 395 1704 «
420 1679 540 1705 Botulus
558 1684 743 1716 presentatus
761 1690 815 1716 per
833 1682 951 1706 nuncios
977 1681 1175 1706 Universitatis
1195 1682 1289 1707 Paris.
1315 1691 1337 1713 »,
1362 1686 1459 1707 contra
1480 1682 1634 1708 Jolzannem
1659 1683 1693 1708 de
1711 1684 1874 1708 Montesono
1898 1683 1937 1708 ad
1959 1684 2068 1708 curiam

295 1727 466 1754 destinatos.

1585 1768 1661 1796 7388,
1677 1768 1740 1793 dulia*
1751 1769 1784 1793 11.

297 1847 505 1892 Supplicant
528 1849 706 1881 sanctitati
731 1856 851 1882 vestre
873 1849 1028 1882 humiles
1050 1849 1115 1882 filii
1143 1862 1181 1882 ac
1203 1850 1323 1883 devoti
1350 1857 1511 1883 oratores
1533 1851 1644 1883 vestri
1669 1851 1791 1883 nuncii
1814 1851 2065 1884 Universitatis

206 1913 424 1947 Parisiensis
446 1915 481 1948 in
503 1926 608 1948 causa
619 1915 726 1960 fidei,
745 1922 922 1960 quatenus
945 1916 1230 1961 supplicationes
1251 1917 1403 1949 inferius
1424 1924 1610 1950 contentas
1628 1917 1798 1962 dignetur
1819 1917 1940 1949 eadem
1963 1930 2067 1950 sanc-

207 1980 288 2013 titas
309 1980 470 2021 ei[s]dem
494 1981 638 2013 nunciis
660 1982 945 2015 misericorditer
966 1983 1166 2015 concedere
1188 1995 1226 2016 ac
1248 1995 1326 2015 cum
1350 1984 1477 2016 effectu
1500 1983 1658 2016 breviter
1680 1984 1862 2028 expedire.

294 2079 329 2104 Et
343 2079 439 2112 primo
454 2080 558 2106 devoto
574 2080 679 2106 vesu—0¹
699 2081 782 2107 Petro
798 2081 926 2114 Playoul.
946 2082 1010 2107 clcr.
1030 2082 1176 2107 Leodiens.
1194 2082 1280 2111 dioc,
1298 2090 1376 2115 mag.
1396 2082 1427 2107 in
1444 2084 1497 2107 art.
1515 2084 1543 2107 et
1558 2082 1620 2107 bac.
1635 2082 1665 2107 in
1680 2082 1780 2110 theol.‚
1798 2082 1903 2107 nuntio
1919 2082 2064 2108 Universi-

206 2127 271 2153 tatis
290 2128 388 2158 Paris,
410 2129 604 2162 familiarique
623 2130 764 2155 continuo
780 2130 959 2156 conmensali
975 2129 1037 2156 remi
1054 2130 1142 2164 patris
1157 2131 1269 2156 domini
1291 2130 1385 2165 P[ctri]
1405 2131 1556 2156 cardinalis
1574 2130 1796 2158 Ebreduncns.²‚
1818 2130 1935 2155 nullum
1951 2131 2063 2157 benefi-

205 2176 284 2202 cium
299 2179 439 2207 assecuto,
453 2178 577 2211 exceptis
590 2178 762 2204 canonicatu
777 2180 806 2204 et
821 2179 968 2212 prebenda
983 2179 1049 2204 eccl.
1069 2178 1094 2204 S.
1113 2179 1272 2204 Audomari
1285 2179 1320 2205 de
1336 2179 1439 2205 Sancto
1452 2179 1629 2208 Audomaro,
1647 2179 1801 2204 Morinens.
1819 2179 1892 2204 dloc.

293 2226 366 2251 Item
380 2227 464 2251 motu
480 2227 598 2260 proprio
612 2227 739 2252 Johanni
754 2227 885 2253 Arnaudi
901 2228 936 2253 de
951 2228 1100 2256 Gersonio,
1116 2228 1182 2253 cler.
1198 2228 1330 2254 Rcmens.
1347 2228 1432 2257 dioc.,
1447 2235 1523 2260 mag.
1540 2228 1571 2253 in
1584 2229 1637 2252 art.
1654 2229 1682 2252 ct
1695 2227 1754 2252 bac.
1770 2227 1799 2252 in
1817 2228 1903 2253 theol.
1920 2228 1965 2260 [de
1980 2228 2064 2254 hene>

205 2274 270 2300 ficio
284 2274 321 2300 ad
336 2275 430 2300 collat.
448 2275 533 2308 episc.
550 2275 657 2310 Paris.].

293 2324 366 2349 Item
382 2324 483 2357 Egidio
497 2324 657 2353 Sansoneti.
674 2325 740 2350 cler.
758 2325 901 2354 Treccns..
919 2333 995 2357 mag.
1014 2325 1043 2350 in
1057 2326 1109 2350 art.
1129 2327 1156 2350 et
1172 2325 1248 2350 stud.
1265 2325 1293 2350 iu
1310 2325 1398 2350 theol.

293 2372 366 2398 Item
379 2373 534 2406 Radulpho
550 2373 718 2406 Presbyteri.
734 2374 802 2399 cler.
822 2374 1015 2400 Suessionum.
1032 2374 1106 2399 dioc.

293 2421 366 2447 Item
378 2422 461 2447 Petro
477 2422 636 2450 Sansoneti,
653 2423 719 2448 cler.
737 2423 867 2448 Treccns.

292 2470 364 2496 Item
379 2471 523 2497 Ludovico
537 2471 673 2503 Maugicr,
689 2472 780 2504 presb.
797 2472 970 2504 Rotbomag.

292 2518 365 2544 Item
381 2519 504 2544 Martino
521 2520 690 2552 Lcnguclin,
707 2521 773 2546 cler.
791 2520 964 2552 Rothomug.
980 2520 1052 2546 dioc.

292 2567 366 2592 Item
381 2567 507 2593 Johanni
523 2568 615 2597 Fabri,
633 2569 726 2602 presb.
743 2569 917 2601 Rothomag.
935 2569 1009 2594 dioc.

293 2616 366 2641 Item
379 2616 505 2642 Johanni
522 2617 709 2650 Guelloquet,
727 2618 793 2643 cler.
810 2618 984 2650 Rothomag.

293 2664 365 2690 Item
382 2665 501 2698 Symoni
517 2666 743 2695 Bonisrumenti,
760 2667 826 2692 cler.
845 2666 1019 2699 Liugouens.
1037 2666 1122 2693 dioc..
1138 2666 1214 2691 stud.
1235 2666 1355 2691 l‘arisius
1370 2666 1398 2690 iu
1412 2667 1477 2698 jutre
1490 2674 1552 2691 cau.

292 2713 365 2739 Item
381 2714 500 2746 Symoni
514 2715 605 2744 Petro,
622 2715 715 2748 presb.
733 2715 908 2747 Lingonens.
925 2715 998 2741 dioc.

292 2762 365 2788 Item
380 2763 472 2788 Alano
487 2763 522 2789 de
538 2764 653 2793 Alneto,
672 2764 811 2790 Leonens.
828 2764 901 2789 dioc.

293 2811 365 2836 Item
379 2811 506 2837 Johanni
518 2812 553 2837 de
569 2813 654 2841 Mota,
671 2813 738 2838 cler.
753 2812 879 2838 Eduens.
896 2813 968 2838 dioc.

293 2859 365 2885 Item
380 2860 504 2893 Aymoni
521 2861 654 2890 Pomerii,
669 2861 761 2894 presb.
781 2861 967 2894 Lugdunens.
985 2862 1058 2886 dioc.
