2488 3386
441 303 502 335 104
1019 312 1336 335 cuAR'rULARmM
1371 313 1561 335 Uvaans.
1598 311 1727 334 rmus.
2207 299 2306 335 [1363

440 386 599 418 florenos
621 385 744 418 decem
766 386 831 431 pro
850 386 986 419 lectura
1008 393 1043 419 et
1063 386 1222 431 quinque
1244 398 1309 431 pro
1330 386 1565 426 indumentis,
1585 392 1617 418 et
1641 386 1684 418 de
1705 384 1838 418 famulo
1859 382 1967 418 fratre
1989 385 2223 430 provideatur
2244 380 2303 431 qui

439 452 509 485 sibi
529 452 714 485 inserviat.

531 538 608 561 Arm.
633 537 697 561 Ord.
718 537 796 561 Serv.
816 538 849 561 B.
867 537 978 561 Mariae
1001 537 1088 567 Virq„
1113 537 1153 560 ed.
1176 537 1253 561 Giani
1274 537 1323 567 (ed.
1347 545 1397 560 sec.
1423 545 1471 568 per
1490 537 1518 560 A.
1540 536 1645 564 Garhii;
1662 536 1756 565 Lucae,
1775 536 1854 564 1719),
1871 536 1891 564 Ι,
1907 536 1963 565 315.v
1976 549 2006 553 —
2025 535 2108 567 Magis
2124 536 2173 559 hoc
2188 539 2305 568 tempore

440 581 529 604 floruit
543 581 683 612 collegium
699 581 862 604 studentium
879 581 942 605 ord.
962 582 1036 605 Serv.
1052 582 1080 604 B.
1102 581 1182 605 Marie
1201 581 1311 605 Parisiis
1327 590 1406 612 quam
1420 581 1505 612 prius.
1528 581 1587 603 Jam
1603 589 1644 603 an.
1671 581 1739 609 1347,
1758 580 1818 603 Maii
1838 582 1861 608 9,
1882 580 2029 603 Matthaeus
2045 580 2076 603 de
2094 580 2185 604 Castro
2207 580 2304 610 Plebis,

437 625 512 656 prior
528 625 660 656 generalis
678 625 751 654 Ord.,
773 625 806 648 ad
823 625 985 649 Parisienses
1001 625 1119 657 scripsit,
1135 625 1230 648 missos
1246 625 1360 648 Parisios
1376 626 1409 648 ad
1425 625 1583 648 studendum
1598 625 1624 647 in
1645 624 1777 647 communi
1792 624 1887 647 debere
1902 623 1998 647 vivere.
2015 624 2153 647 Praeterea
2171 634 2184 646 α
2200 625 2305 656 praeci-

437 669 526 700 pimus
587 673 615 692 ut
629 669 660 692 de
675 669 786 700 pecunia
808 669 942 701 pensionis
962 673 1050 693 nostre
1075 671 1175 694 domus
1199 674 1288 700 empte
1309 670 1441 694 Parisius
1461 670 1580 692 solvatur
1603 677 1696 692 census
1716 668 1830 691 aliarum
1846 668 1983 691 domorum
2005 671 2154 693 nostrarum
2172 677 2194 694 )).
2211 669 2304 692 Nullus

437 713 557 736 discedat
579 714 610 737 de
628 713 715 737 studio
730 713 786 736 sinc
802 714 907 737 licentia
926 714 1057 745 generalis
1074 714 1156 743 (ἰδία.1
1171 722 1197 745 p.
1213 714 1277 743 291).
1295 714 1340 737 An.
1358 714 1418 736 1350
1440 714 1537 736 editum
1557 716 1596 736 est
1612 716 1739 736 statutum
1754 713 1786 735 de
1803 712 1875 735 horis
1895 712 2027 736 canonicis
2043 713 2123 736 simul
2139 713 2304 737 celebrandis

438 758 465 780 in
485 758 599 788 Capella
615 758 699 781 dictae
715 759 808 781 domus
827 758 911 787 (ihid.,
927 767 953 789 p.
972 759 1037 788 299).
1059 758 1179 781 Nondum
1193 761 1280 781 tamen
1299 758 1366 781 scire
1380 758 1514 789 potuimus
1530 766 1581 789 quo
1600 758 1656 780 loco
1672 757 1780 780 Parisiis
1801 760 1863 780 tunc
1884 757 2011 788 temporis
2031 757 2124 780 domus
2143 757 2304 782 scholarium

437 802 502 826 Ord.
519 803 659 825 Servorum
675 802 725 825 sita
739 806 817 826 esset.
830 802 888 826 Vid.
906 803 1087 832 chartul.,11,
1105 807 1133 825 n⁰
1144 803 1197 832 877,
1210 806 1263 826 not.
1278 803 1406 833 Tempore
1422 802 1572 825 schismatis
1589 801 1676 824 omnia
1694 802 1798 832 perdita
1814 801 1895 824 fuisse
1909 802 1995 833 quoad
2014 802 2108 824 Servos
2124 801 2153 825 B.
2169 802 2266 826 Mariae
2277 802 2304 826 in

438 846 557 874 Francia,
574 847 727 877 nullumque
739 846 880 878 vestigium
894 847 999 878 collegii
1010 846 1093 870 Paris.
1108 847 1143 876 (in
1156 855 1206 878 quo
1218 855 1321 877 semper
1333 846 1423 872 exteri,
1437 849 1462 869 et
1479 846 1583 877 quidem
1597 846 1666 875 Itali,
1684 845 1791 869 minime
1807 845 1993 877 Francigenue,
2008 846 2189 876 morabantur)
2199 854 2304 870 reman-

436 891 513 919 sisse,
530 891 599 914 infra
616 892 648 914 ad
664 899 706 914 an.
722 891 790 919 1387,
810 891 936 915 Novemb.
949 892 986 919 21,
1004 891 1207 914 declarabimus.

535 967 555 990 l.
572 966 662 990 Simile
678 969 804 989 statutum
823 967 878 997 jam
899 966 1011 997 legimus
1033 967 1066 989 ad
1088 975 1129 989 an.
1151 966 1211 990 1350
1230 966 1256 989 in
1275 966 1393 989 Comitiis
1410 966 1542 989 Bononiae
1562 965 1660 988 habitis
1678 973 1682 988 :
1698 965 1797 996 Viginti
1814 966 1907 989 ssoreni
1929 966 2065 989 annuatim
2084 966 2234 990 deserviant
2254 975 2303 999 pro

438 1011 508 1033 victu
522 1011 671 1042 cujuslibet,
691 1011 805 1042 quinque
819 1019 868 1041 pro
886 1011 1055 1039 indumentis,
1070 1011 1207 1034 duodecim
1222 1019 1270 1041 pro
1286 1011 1369 1033 eundo
1385 1013 1410 1033 et
1425 1010 1568 1039 redeunde,
1586 1013 1634 1032 «et
1649 1010 1718 1041 quod
1734 1013 1857 1041 superest
1872 1011 1964 1033 detur:
1977 1011 2093 1034 studenti
2106 1011 2137 1034 de
2152 1011 2240 1034 debito
2254 1019 2303 1043 pro

438 1055 537 1078 lectura
552 1063 677 1078 cursuum
695 1063 738 1078 sex
751 1055 832 1083 aurei,
850 1055 947 1086 legenti
963 1058 1049 1078 autem
1068 1055 1214 1078 Sententias
1232 1055 1326 1077 dentur
1342 1054 1432 1077 florent
1451 1055 1547 1082 dees-m,
1565 1057 1590 1077 et
1607 1054 1676 1085 quod
1692 1057 1813 1085 superest
1827 1054 1956 1077 dictorum
1970 1056 2129 1078 florenorum
2141 1055 2304 1086 expendatur

437 1107 486 1129 pro
503 1098 700 1122 conservatione
717 1100 818 1123 domus
832 1098 927 1123 Paris.
943 1107 954 1121 »
978 1099 1061 1128 (ibid.,
1078 1107 1105 1130 p.
1122 1099 1166 1121 298
1183 1100 1241 1130 sq.).
1258 1112 1289 1116 ·—-
1304 1099 1326 1122 2.
1346 1099 1394 1121 An.
1416 1099 1485 1126 1353,
1511 1098 1580 1121 circa
1603 1090 1783 1126 Pentecosten,
1802 1099 1911 1122 Parmae
1927 1099 1976 1122 suh
1991 1099 2079 1130 priore
2095 1107 2154 1130 gen.
2170 1099 2254 1123 Vitale
2271 1099 2302 1123 de

438 1142 563 1171 Bononia,
581 1143 612 1165 de
626 1142 739 1171 hiblicis,
757 1142 940 1165 Srntentiariis
957 1146 983 1166 et
996 1142 1162 1166 licentiandis
1179 1143 1286 1166 Parisiis
1303 1143 1339 1165 sic
1354 1142 1519 1165 statuebatur
1537 1150 1542 1165 2
1561 1150 1572 1164 ((
1591 1142 1764 1165 prohibemus
1781 1142 1850 1173 quod
1868 1143 1956 1166 nullus
1974 1146 2110 1174 presumat
2127 1143 2242 1167 Bibliam
2256 1151 2302 1167 neu

435 1195 543 1210 cursum
564 1187 648 1209 Biblic
666 1187 706 1210 vel
722 1187 869 1210 Sentontias
885 1187 973 1218 legere
988 1191 1033 1210 aut
1050 1188 1161 1218 gradum
1182 1187 1327 1218 magisterii
1343 1190 1478 1218 acceptare
1492 1187 1547 1209 sine
1560 1186 1658 1217 prioris
1674 1187 1805 1217 generalis
1826 1187 1932 1210 licentia
1950 1187 2068 1219 speciali,
2082 1196 2132 1219 que
2151 1188 2178 1211 in
2195 1188 2302 1220 scriptis

435 1234 565 1262 appareat
586 1231 626 1253 sui
645 1231 727 1261 sigilli
742 1231 885 1254 munimine
904 1232 1045 1255 roboratis.
1062 1232 1283 1255 Contratacientes
1297 1240 1358 1254 vero
1374 1239 1421 1262 per
1435 1239 1533 1254 annum
1551 1231 1649 1254 carceri
1666 1231 1848 1262 mancipentur
1863 1235 1889 1255 et
1909 1232 1980 1255 omni
2000 1232 2087 1255 studio
2104 1236 2232 1264 perpetuo
2250 1232 2301 1256 sint

435 1275 572 1306 privatim.
590 1283 601 1297 »
617 1275 700 1304 (ibid.,
716 1284 742 1306 p.
759 1275 813 1303 301,
830 1275 876 1298 ubi
890 1276 969 1307 plura
984 1279 1083 1299 statuta
1100 1276 1131 1299 de
1146 1276 1250 1305 studiis,
1267 1276 1334 1299 sicut
1348 1276 1426 1299 etiam
1442 1275 1468 1298 in
1484 1275 1605 1306 Capitulo
1619 1275 1736 1306 generali
1751 1284 1794 1299 an.
1811 1276 1871 1299 1377
1884 1276 1997 1300 Venetiis
2013 1276 2153 1306 celebrato,
2165 1277 2211 1300 ubi
2222 1285 2302 1309 prae-

436 1323 506 1342 terea
523 1320 697 1348 statuebatur,
711 1319 897 1343 mittendorum
913 1320 1028 1343 Parisios
1047 1323 1156 1343 aetatem
1171 1321 1199 1343 211
1215 1329 1275 1343 ann.
1288 1320 1321 1343 ad
1337 1320 1423 1343 minus
1441 1320 1535 1342 dtbero
1550 1327 1621 1347 esse;
1642 1319 1716 1349 ibid„
1729 1328 1756 1351 p.
1776 1321 1840 1350 333).

441 1485 580 1521 1279.
605 1502 619 1518 ⁴(
636 1494 690 1519 Pro
707 1493 854 1528 Hospitali
870 1494 970 1519 Sancti
984 1494 1109 1529 Spiritus
1125 1495 1309 1521 Parisiensis.
1328 1505 1342 1520 »

1742 1539 1817 1568 1363,
1833 1540 1894 1565 Mali
1907 1540 1944 1565 78.
1967 1556 1969 1559 ι

525 1619 737 1663 Significant
756 1620 933 1652 sanctitati
951 1627 1069 1653 vestre
1087 1620 1207 1653 devoti
1228 1627 1261 1653 et
1282 1620 1399 1653 seduli
1421 1628 1583 1654 oratores
1605 1622 1716 1654 vestri
1737 1629 1772 1654 et
1792 1622 1928 1655 subditi
1944 1622 2128 1656 Johannes
2145 1622 2298 1664 Culdoe,

435 1685 643 1729 prepositus
665 1692 901 1718 mercatorum
915 1686 937 1726 ¹,
961 1686 1172 1730 scabiuique
1194 1699 1232 1719 ac
1254 1687 1486 1731 quamplures
1507 1688 1606 1720 cives
1627 1688 1866 1730 parisienses,
1889 1701 2032 1735 necnon
2051 1689 2235 1722 Johannes
2254 1689 2299 1722 de

434 1751 545 1783 Pinu²
569 1752 602 1783 S.
626 1752 767 1784 Martini
791 1752 834 1784 de
856 1752 1014 1797 Campis,
1037 1752 1220 1785 Johannes
1241 1753 1284 1785 de
1306 1753 1532 1787 Camberone
1548 1754 1909 1796 Yal[l]is[s]colarium
1933 1756 2143 1797 Parisiens.,
2166 1756 2298 1801 priora-

434 1823 533 1849 tuum
565 1818 718 1861 priores,
748 1818 899 1862 Egidius
930 1819 973 1850 de
1007 1820 1169 1859 Manna³,
1193 1819 1411 1852 Guillelmus
1437 1820 1481 1853 de
1510 1821 1684 1854 Frevilla⁴
1711 1833 1844 1866 regens
1875 1822 1911 1854 in
1941 1829 2120 1855 conventu
2149 1823 2297 1856 fratrum

435 1883 717 1924 Predicatorum,
739 1884 945 1917 Amandus5
968 1884 1011 1917 de
1033 1885 1176 1917 Artesio
1198 1898 1330 1930 regens
1352 1886 1394 1918 ad
1416 1887 1544 1920 fratres
1566 1888 1743 1930 Minores,
1759 1888 1943 1922 Johannes
1964 1888 2142 1922 Goulain⁶
2164 1901 2298 1934 regens

433 1949 478 1981 ad
507 1935 636 1982 fratres
666 1950 710 1982 de
740 1950 919 1991 Carmelo,
951 1951 1071 1984 Guido
1102 1952 1146 1983 de
1177 1953 1210 1984 S.
1242 1952 1420 1993 Andrea⁷,
1443 1965 1577 1998 regens
1605 1955 1699 1999 apud
1730 1955 1896 1987 Sanctum
1929 1955 2166 1996 Bernardum,
2195 1967 2296 1989 sacre

434 2016 564 2060 pagine
586 2016 827 2060 professores,
850 2023 885 2049 et
905 2017 1158 2062 quamplurimi
1179 2018 1259 2050 alii⁸
1281 2019 1401 2052 devoti
1429 2019 1493 2052 filii
1520 2020 1643 2053 clerici
1666 2022 1839 2066 provecti,
1862 2028 1897 2054 et
1923 2021 2073 2054 nonulle
2093 2021 2162 2055 alie
2183 2021 2297 2067 probe

432 2088 469 2114 et
489 2082 617 2115 devote
639 2094 795 2127 persone
817 2083 992 2128 degentes
1013 2091 1048 2117 et
1072 2092 1329 2118 conversantes
1356 2086 1391 2118 in
1421 2086 1513 2119 dicta
1534 2087 1618 2119 villa
1648 2088 1857 2128 parisiensi,
1881 2089 1977 2133 quod
2007 2088 2051 2121 ab
2080 2100 2174 2121 anno
2200 2100 2299 2122 sexa-

433 2148 573 2192 gesimo
595 2155 631 2181 et
656 2149 755 2190 citra,
778 2156 926 2194 propter
946 2162 1157 2195 guerrarum
1186 2151 1355 2184 incursus
1382 2159 1416 2185 et
1445 2152 1511 2186 alia
1542 2166 1611 2198 que
1639 2154 1675 2186 in
1705 2166 1820 2199 regno
1842 2155 1990 2187 Francie
2012 2162 2223 2197 evenerunt,
2246 2162 2299 2189 tot

433 2226 623 2258 pauperes,
641 2216 796 2259 juvenes
818 2222 851 2248 et
872 2228 979 2249 senes
1006 2217 1194 2262 utriusque
1221 2230 1342 2259 sexus,
1364 2219 1407 2251 ad
1438 2220 1615 2252 civitatem
1647 2221 1889 2254 parisiensem
1920 2221 2174 2254 confluxerunt
2199 2222 2296 2267 quod

432 2281 672 2333 prenominati
702 2288 737 2314 et
766 2282 931 2314 nonnulli
958 2282 1018 2315 alii
1043 2283 1152 2316 multa
1173 2284 1217 2316 de
1241 2284 1347 2317 bonis
1369 2286 1446 2318 suis
1467 2298 1484 2318 a
1505 2287 1581 2318 Deo
1603 2286 1672 2319 sibi
1694 2287 1835 2320 collatis
1856 2299 1921 2332 pro
1941 2287 2111 2320 alimento
2133 2288 2294 2333 ipsorum

432 2358 628 2390 pauperum
660 2359 724 2391 pro
751 2349 878 2392 majori
908 2355 1007 2393 parte
1034 2358 1352 2395 consumpserunt,
1376 2358 1410 2384 et
1439 2352 1482 2384 de
1511 2352 1569 2384 die
1599 2353 1634 2385 in
1665 2353 1758 2385 diem
1781 2361 2011 2395 consumunt,
2035 2360 2069 2387 et
2093 2354 2136 2387 ad
2165 2354 2296 2387 melius

430 2412 538 2445 dictis
571 2413 790 2458 pauperibus
822 2415 1054 2459 presentibus
1084 2423 1118 2449 et
1153 2417 1284 2450 suturis
1322 2417 1626 2460 subveniendum,
1662 2432 1726 2464 pro
1757 2419 1853 2453 bono
1884 2427 1919 2453 et
1947 2420 2085 2453 utiliori
2117 2421 2294 2465 quandam

429 2479 643 2511 confr-ariam
666 2480 760 2512 inter
785 2492 823 2513 se
850 2482 1119 2523 ordinaverunt,
1142 2483 1179 2515 in
1208 2490 1306 2516 certo
1332 2484 1412 2517 loco
1442 2485 1478 2516 in
1507 2485 1649 2518 civitate
1680 2486 1876 2519 Parisiensi
1898 2499 2007 2519 unum
2038 2486 2223 2532 Hospitale
2250 2487 2295 2520 ad

430 2544 605 2578 honorem
629 2546 747 2581 Sancti
770 2547 925 2591 Spiritus
947 2548 1014 2581 sul)
1035 2549 1143 2581 certis
1165 2550 1283 2582 modis
1304 2557 1339 2583 et
1364 2551 1490 2583 formis
1519 2558 1553 2584 et
1582 2564 1646 2597 per
1668 2552 1879 2598 episcopum
1907 2553 2147 2586 parisiensem
2168 2565 2293 2598 appro-

430 2610 523 2643 batis
549 2623 614 2656 pro
636 2612 741 2645 dictis
768 2614 988 2658 pauperibus
1009 2616 1268 2660 recuperandis
1289 2623 1323 2649 et
1342 2616 1571 2661 hospitandis
1674 2619 1826 2652 fundare
1852 2619 2045 2652 intendunt
2141 2640 2184 2644 ——
2205 2620 2291 2653 Fiat.

430 2678 469 2709 B.
491 2700 535 2705 —
555 2679 631 2711 Dat.
655 2679 749 2723 apud
770 2680 918 2712 Pontem
942 2681 1069 2726 Sorgie
1091 2682 1259 2714 Avinion.
1282 2683 1375 2715 dioc.
1399 2685 1670 2728 quartodecimo
1692 2685 1761 2718 kal.
1781 2686 1893 2727 Junii,
1913 2698 2006 2718 anno
2027 2686 2156 2731 prim0.

522 2771 585 2801 Reg.
603 2771 660 2795 vat.
677 2772 770 2802 Suppl.
790 2772 890 2796 Urbani
905 2774 932 2801 V,
950 2782 992 2797 an.
1007 2774 1029 2803 1,
1045 2782 1072 2804 p.
1089 2775 1111 2801 4,
1128 2775 1173 2798 ful.
1191 2777 1230 2799 50.

522 2851 545 2874 1.
563 2851 696 2882 Stephano
712 2852 829 2875 Marcelli
842 2860 884 2875 an.
902 2853 962 2876 1358
974 2853 1111 2877 interfecto
1129 2865 1142 2876 «
1155 2855 1239 2878 Jehan
1257 2856 1355 2880 Culdoe
1374 2865 1386 2879 »
1402 2858 1484 2881 sactus
1497 2861 1537 2881 est
1551 2858 1719 2889 praepositus
1733 2858 1915 2882 mercantium.
1933 2858 1990 2882 Vid.
2006 2859 2059 2883 Les
2074 2859 2179 2890 grand.
2192 2859 2290 2883 chron.
