2488 3386
427 327 492 359 494
1004 331 1323 354 CHARTULARNJM
1359 332 1549 353 unnvsns.
1586 331 1715 353 PARts.
2194 318 2292 358 [1387

428 407 810 447 transsubstancietur,
845 413 880 439 et
908 406 1028 451 gracia
1058 406 1175 450 ipsius
1207 405 1324 438 anime
1354 405 1515 446 [Christi]
1546 406 1645 439 vices
1683 412 1786 451 gerat
1814 405 1979 438 essencie
2009 405 2127 438 anime
2157 404 2293 440 Christi

428 475 545 521 quoad
567 474 698 515 omnia,
721 473 862 506 scilicet
882 472 1000 517 quoad
1022 472 1216 504 informare
1238 484 1372 517 corpus
1394 479 1429 505 et
1455 473 1573 517 ipsum
1594 472 1751 505 vitaliter
1771 472 1974 512 immutare,
1996 478 2031 504 et
2057 471 2176 516 quoad
2206 471 2292 505 sub-

428 549 522 576 stare
545 540 794 574 accidentibus
819 540 937 572 anime
964 538 1113 579 Christi,
1144 538 1284 571 scilicet
1313 538 1515 572 intellectui
1545 546 1580 571 et
1599 539 1789 580 voluntati,
1812 545 1847 571 et
1876 550 1936 571 eas
1963 538 2008 570 ad
2037 549 2122 571 suas
2152 538 2292 572 debitas

427 608 664 654 operaciones
685 606 873 639 inclinare.
897 607 984 638 Item
1007 605 1104 650 quod
1125 604 1207 638 talis
1227 605 1347 650 gracia
1369 617 1561 638 remanens
1586 611 1669 650 post
1697 604 2167 646 transsubstanciacionem,
2195 611 2294 639 esset

429 682 591 709 creatura
612 673 803 707 racionalis
825 679 859 705 et
879 672 1005 704 libera.
1026 685 1041 702 »

518 742 651 786 Quinta
670 740 879 785 proposicz'o
896 738 1076 772 :Videtur
1098 738 1205 771 michi
1226 738 1322 783 quod
1352 738 1433 771 talis
1454 745 1630 780 creatura,
1658 739 1688 772 si
1716 745 1925 784 poneretur,
1954 745 2053 773 esset
2078 738 2293 784 simpliciter

428 815 526 842 extra
546 819 676 853 genus.

517 873 729 907 Revocanda
750 880 817 914 est,
836 879 875 905 ut
894 872 1099 905 immediate
1121 871 1335 916 precedens.

515 942 625 975 Sexta
645 939 851 985 proposicio
869 952 879 972 .·
900 940 1040 971 Ponere
1060 938 1208 983 aliquod
1229 944 1387 971 creatum
1409 937 1467 971 vel
1496 938 1615 983 aliqua
1642 945 1759 971 creata
1787 949 1870 971 esse
1895 938 2110 983 simpliciter
2130 944 2166 971 et
2185 937 2292 971 abso-

427 1009 502 1041 lute
523 1018 696 1040 neccesse
718 1018 814 1046 esse,
832 1017 904 1038 non
925 1012 981 1038 est
999 1005 1036 1038 in
1057 1005 1178 1050 aliquo
1199 1011 1324 1038 contra
1346 1004 1467 1037 fidem.

516 1073 728 1107 Revocanda
750 1079 805 1105 est
824 1079 988 1117 tanquam
1012 1071 1100 1104 falsa
1122 1078 1157 1104 et
1176 1071 1267 1104 male
1289 1083 1423 1104 sonans
1444 1071 1481 1104 in
1502 1071 1573 1104 fide
1600 1072 1800 1105 secundum
1822 1072 1970 1106 modum
1996 1071 2171 1117 loquendi
2196 1083 2293 1104 com-

427 1152 570 1174 munem
593 1139 860 1184 theologorum,
886 1150 951 1171 nec
973 1145 1028 1171 est
1054 1150 1097 1171 ex
1119 1138 1225 1171 dictis
1247 1139 1281 1171 S.
1307 1138 1445 1171 Thome
1466 1138 1664 1171 asserenda
1684 1139 1721 1171 in
1743 1150 1854 1173 sensu
1875 1150 1982 1184 quem
2005 1138 2137 1180 reddit,
2159 1144 2293 1171 attenta

427 1207 539 1252 prima
565 1206 835 1251 proposicione,
854 1217 958 1250 quam
980 1205 1132 1238 assumit
1152 1205 1195 1238 ad
1216 1204 1502 1238 declaracionem
1525 1205 1620 1238 dicte
1642 1206 1927 1250 proposicionis,
1943 1206 1981 1238 in
2001 1217 2071 1250 qua
2092 1205 2180 1238 dicit
2195 1204 2293 1250 quod

425 1274 542 1319 aliqua
572 1285 631 1306 res
660 1279 777 1306 creata
805 1278 861 1305 est
890 1272 1105 1317 simpliciter
1130 1278 1166 1305 et
1193 1271 1361 1305 absolute
1387 1283 1561 1305 neccesse
1591 1283 1686 1313 esse,
1716 1272 1944 1318 equippollet
1972 1272 2032 1305 isti
2056 1271 2205 1316 :aliqua
2233 1283 2293 1305 res

424 1347 541 1373 creata
562 1339 791 1385 impossibile
812 1345 868 1372 est
888 1351 961 1371 non
982 1350 1077 1371 esse.
1676 1325 1678 1327 ‚

514 1407 672 1451 Septima
690 1406 901 1450 proposicio
919 1418 929 1438 :
950 1407 1130 1438 Neccesse
1152 1417 1234 1438 esse
1256 1417 1329 1438 non
1351 1412 1531 1450 repugnat
1551 1417 1632 1438 esse
1654 1412 1852 1439 causatum.

515 1472 727 1506 Revocanda
749 1479 805 1505 est
824 1478 991 1517 tanquam
1012 1472 1100 1505 salsa
1122 1479 1157 1505 et
1177 1484 1329 1505 erronea
1350 1472 1387 1505 in
1408 1472 1491 1513 fide,
1514 1479 1650 1506 attento
1671 1472 1788 1517 primo
1805 1472 2002 1505 correlario
2024 1472 2188 1517 ejusdem
2209 1484 2293 1518 pro-

426 1540 626 1585 posicionis
647 1551 728 1572 cum
749 1551 813 1572 sua
834 1539 1066 1584 probacione,
1089 1539 1127 1571 in
1148 1551 1216 1584 qua
1237 1539 1321 1572 dicit
1344 1539 1442 1584 quod
1463 1551 1638 1573 neccesse
1659 1550 1741 1572 esse
1763 1546 1819 1572 est
1839 1539 1942 1580 illud,
1966 1539 2064 1584 quod
2085 1546 2141 1572 est
2164 1539 2293 1572 immu-

426 1606 535 1640 tabile
557 1613 625 1639 tam
649 1606 848 1639 secundum
871 1605 1128 1646 substanciam,
1146 1617 1252 1650 quam
1274 1605 1476 1638 secundum
1497 1605 1681 1647 accidens,
1699 1605 1798 1650 quod
1819 1605 1889 1638 soli
1909 1607 1985 1639 Deo
2006 1606 2187 1651 congruit.

515 1674 646 1706 Octava
665 1673 874 1717 proposicz'o
892 1684 902 1706 .·
923 1672 1039 1717 Magis
1061 1679 1117 1705 est
1135 1684 1338 1705 consonum
1360 1660 1445 1705 fidei
1467 1683 1602 1717 ponere
1624 1672 1761 1717 aliquid
1783 1672 1871 1705 citra
1896 1672 2051 1717 primum
2078 1684 2161 1706 esse
2186 1671 2293 1706 abso-

426 1740 500 1773 lute
522 1747 557 1772 et
577 1739 790 1784 simpliciter
811 1751 984 1772 neccesse
1006 1751 1102 1780 esse,
1129 1751 1234 1784 quam
1257 1751 1394 1784 ponere
1415 1739 1533 1784 ipsum
1556 1739 1635 1772 sine
1655 1738 1773 1784 aliqua
1794 1739 1985 1772 addicione
2011 1751 2094 1772 esse
2120 1751 2293 1773 neccesse

425 1818 521 1840 esse.

515 1872 728 1906 Revocanda
756 1879 811 1905 est
840 1879 1006 1917 tanquam
1035 1872 1123 1905 salsa
1153 1879 1188 1905 et
1217 1884 1369 1907 erronea
1397 1880 1546 1918 propter
1572 1873 1696 1906 falsam
1726 1872 2015 1918 implicacionem
2043 1879 2078 1906 et
2105 1884 2292 1906 erroneam

426 1940 726 1984 comparacionis,
744 1951 813 1984 que
835 1939 1001 1980 includit,
1024 1939 1121 1984 quod
1141 1939 1297 1984 aliquam
1318 1951 1394 1973 rem
1417 1946 1571 1973 creatam
1596 1951 1678 1973 esse
1700 1951 1875 1973 neccesse
1895 1951 1993 1981 esse,
2015 1946 2071 1973 est
2090 1951 2292 1973 consonum

428 2018 529 2039 sacre
551 2006 742 2051 scripture,
762 2013 796 2039 et
816 2018 880 2051 per
900 2018 1132 2051 consequens
1153 2005 1300 2051 aliquod
1320 2013 1478 2039 creatum
1501 2013 1599 2040 esset
1619 2007 1833 2045 increatum,
1850 2006 1945 2051 quod
1964 2006 2291 2040 contradiccionem

427 2073 591 2106 includit.

514 2140 618 2173 Nona
634 2140 844 2184 proposicio
862 2151 872 2173 .·
888 2140 1066 2172 Asserere
1087 2139 1224 2185 aliquid
1244 2140 1321 2172 sore
1337 2151 1476 2181 verum,
1495 2139 1593 2185 quod
1614 2146 1669 2172 est
1688 2146 1812 2173 contra
1834 2151 1969 2173 sacram
1993 2139 2221 2185 scripturam,
2239 2145 2295 2173 est

427 2206 706 2250 expressissime
727 2212 851 2239 contra
871 2206 992 2239 fidem.

516 2272 728 2305 Revocanda
749 2280 805 2306 est
829 2280 996 2317 tanquam
1017 2273 1105 2306 falsa
1127 2280 1163 2306 et
1185 2273 1362 2318 injuriosa
1383 2273 1517 2306 sanctis
1541 2280 1576 2306 et
1603 2272 1828 2314 doctoribus,
1853 2273 1884 2305 si
1905 2284 1980 2305 eam
2007 2271 2188 2317 intelligat
2213 2272 2294 2305 uni-

426 2338 627 2379 versaliter,
655 2346 761 2383 prout
786 2339 822 2372 in
849 2339 1070 2384 prohacione
1092 2341 1171 2384 ejus
1196 2340 1341 2373 videtur
1368 2339 1586 2385 pretendere
1612 2351 1619 2372 ε
1647 2340 1730 2384 quia
1760 2339 1897 2384 aliquid
1924 2345 1979 2371 est
2004 2345 2128 2371 contra
2155 2350 2292 2372 sacram

427 2404 655 2449 scripturam,
682 2406 845 2450 quamvis
865 2405 933 2439 hoc
954 2419 1027 2439 non
1054 2407 1099 2439 sit
1121 2406 1285 2448 evidens,
1313 2413 1348 2439 et
1368 2406 1458 2439 illud
1483 2418 1661 2447 asserere,
1685 2418 1759 2439 non
1783 2412 1839 2439 est
1863 2405 2142 2450 expressissime
2167 2412 2291 2439 contra

429 2469 547 2511 fidem,
571 2478 679 2515 patet,
702 2472 784 2516 quia
803 2472 913 2505 altera
934 2473 1083 2505 istarum
1105 2473 1256 2505 duarum
1279 2473 1591 2518 proposicionum,
1614 2487 1630 2503 «
1653 2474 1751 2505 Deus
1772 2478 1893 2517 potest
1912 2483 2035 2504 creare
2061 2483 2289 2517 suppremam

428 2536 600 2580 speciem,
628 2551 643 2567 »
668 2544 703 2570 et
729 2552 744 2568 «
768 2539 865 2571 Deus
887 2551 959 2571 non
986 2546 1107 2584 potest
1127 2551 1250 2572 creare
1272 2551 1502 2584 suppremam
1524 2539 1682 2583 speciem
1709 2553 1724 2569 »
1751 2545 1807 2571 est
1832 2545 1957 2571 contra
1977 2550 2114 2571 sacram
2136 2538 2292 2583 scriptu-

429 2614 521 2643 ram3
546 2609 580 2636 et
600 2609 717 2636 tamen
738 2604 835 2637 nulla
852 2617 972 2637 earum
990 2613 1046 2638 est
1066 2618 1238 2650 expresse
1255 2612 1379 2638 contra
1400 2605 1521 2638 fidem.
1542 2607 1584 2638 Et
1604 2605 1650 2638 ita
1668 2605 1712 2638 de
1734 2605 1856 2638 multis
1873 2605 1953 2638 aliis
1971 2604 2291 2650 proposicionibus

429 2668 499 2701 sibi
521 2669 672 2702 invicem
696 2671 985 2704 contradictoriis
1007 2672 1101 2704 inter
1122 2679 1267 2705 sanctos
1289 2678 1324 2704 et
1344 2672 1513 2704 doctores
1535 2671 1819 2716 disputabilibus
1841 2678 1877 2704 et
1897 2671 2102 2716 disputatis.

515 2735 659 2768 Decima
682 2737 922 2780 proposicio:
954 2739 1033 2770 Non
1068 2750 1211 2771 omnem
1243 2738 1440 2779 hominem,
1472 2744 1593 2782 preter
1621 2737 1820 2779 Christum,
1849 2738 2074 2771 contraxisse
2105 2737 2148 2771 ab
2178 2737 2288 2771 Adam

429 2808 613 2845 peccatum
635 2802 824 2847 originale,
845 2810 900 2836 est
920 2815 1092 2848 expresse
1112 2811 1237 2837 contra
1258 2804 1378 2837 fidem.

518 2868 730 2901 Revocanda
750 2875 806 2902 est
826 2876 989 2914 tanquam
1012 2871 1112 2912 falsa,
1135 2871 1347 2904 scandalosa
1369 2877 1404 2904 et
1424 2871 1560 2916 piarum
1583 2871 1722 2904 aurium
1744 2871 1920 2904 offensiva
1947 2877 1982 2904 et
2010 2877 2290 2916 presumptuose
