2488 3386
437 372 501 404 684

1009 376 1328 399 CHARTULARIUM
1363 375 1553 397 UNlVERs.
1590 375 1718 397 PARIS.

436 445 2300 469 —————-———————--————¹—-———-————-————-—-——

438 502 497 525 1505

439 604 497 626 1506

438 705 496 727 1507

439 807 497 829 1508

437 998 497 1020 1509

436 1161 495 1184 1510

434 1263 491 1286 1511

434 1320 493 1343 1512

434 1423 492 1445 1513

433 1525 493 1548 1514

432 1627 492 1650 1515

433 1729 493 1751 1516

433 1831 491 1854 1517

434 1977 493 2000 1518

435 2080 495 2102 1519

435 2137 495 2160 1520

437 2239 494 2261 1521

438 2297 497 2319 1522

439 2425 499 2448 1523

439 2523 501 2545 4524

441 2620 501 2643 1525

443 2762 502 2784 1526

444 2903 502 2926 1527

572 498 639 524 1385

734 496 870 520 Februarii
885 497 899 519 8

792 611 823 615 —
885 598 899 620 8

746 699 844 730 Aprilis
862 699 890 722 14

784 814 814 818 ⁷-
861 801 890 824 15

782 1005 810 1010 —
861 992 889 1014 15

734 1093 832 1129 Aprilis
850 1094 893 1140 ‘2³30-

762 1125 822 1179 {1¹2³}
838 1125 867 1178 ἐς

781 1257 848 1281 Maio

716 1416 910 1440 Julio-Octohri

766 1519 829 1543 Julii
846 1520 858 1542 7

779 1621 848 1645 Julio

758 1825 821 1849 Julii
837 1825 864 1848 31

735 1972 845 2004 Augusti
860 1972 890 1995 16

950 496 1068 519 Clemens
1082 496 1127 518 vn
1143 496 1219 518 Petro
1236 494 1364 517 cardinali
1384 493 1551 517 Laudunensi
1565 494 1705 517 committit
1719 493 1915 525 inquisitionem
1934 493 1962 516 in
1979 501 2059 516 causa
2074 492 2213 517 Universi-

980 540 1042 563 tatis
1062 539 1146 563 Paris.
1160 542 1250 562 contra
1265 538 1453 561 cancellarium
1466 538 1525 562 Joh.
1542 538 1694 562 Blanchart.
1714 555 1720 562 .
1735 555 1738 558 -
1740 554 2210 562 ...................

950 598 1069 621 Clemens
1083 598 1128 620 V11
1149 598 1226 620 Petro
1241 596 1370 619 cardinali
1394 595 1561 619 Laudunensi
1577 596 1719 627 quamdam
1738 596 1953 619 deliberationem
1968 595 2112 619 Universit.
2127 595 2211 619 Paris.

980 642 1147 671 transmittit,
1163 644 1192 664 ut
1207 649 1234 664 se
1249 641 1373 664 informet
1376 656 2210 665 .................................

952 701 1156 723 instrumentum
1172 702 1197 722 et
1210 698 1431 730 procuratorium,
1448 706 1498 730 quo
1520 701 1605 722 rector
1624 701 1649 722 et
1670 698 1835 722 Universitas
1851 698 1934 722 Paris.
1950 706 2012 721 suos
2027 700 2212 729 procuratores

980 744 1143 767 constituunt
1157 743 1183 766 in
1200 751 1279 766 causa
1292 746 1383 766 contra
1396 743 1540 766 Johannem
1558 743 1709 773 Blanchart,
1721 743 1829 767 cancell.
1844 743 1918 766 Paris
1922 758 2211 766 ............

951 803 1091 825 Processus
1111 801 1304 825 informationis
1325 809 1372 832 per
1393 801 1508 830 Petrum,
1529 809 1551 824 s.
1568 801 1640 824 Rom.
1656 801 1719 824 eccl.
1737 800 1827 832 presb.
1843 801 1915 824 card.
1939 801 2138 824 Laudunensem
2157 800 2212 822 vul-

981 846 1080 877 gariter
1094 849 1283 876 nuncupatum,
1300 845 1456 868 auctoritate
1471 845 1681 876 apost.judicem
1696 849 1721 868 ct
1741 845 1954 868 commissarium
1969 845 2120 876 specialiter
2132 845 2212 875 depu-

979 894 1071 918 tatum,
1093 892 1175 913 factae
1195 890 1263 913 inter
1277 893 1366 921 partes
1383 889 1535 916 summarie,
1552 889 1709 920 simpliciter
1723 893 1749 912 et
1767 889 1824 913 sine
1839 889 1951 921 strepitu
1973 892 1998 913 et
2020 889 2107 920 figura
2118 888 2212 920 judicii

980 935 1062 958 eciam
1082 934 1315 965 extrajudicialiter
1334 934 1449 965 agitatus
1470 934 1589 958 Parisiis.
1613 950 2210 960 ........................

950 993 1049 1021 Petrus,
1063 993 1134 1015 eard.
1152 992 1328 1020 Laudunens„
1344 992 1461 1020 mandat,
1477 994 1506 1015 ut
1520 991 1632 1015 citantur
1643 991 1816 1015 cancellarius
1831 991 1964 1015 Johannes
1979 991 2129 1019 Blanchart,
2147 991 2210 1014 sub-

979 1037 1153 1060 cancellarius
1169 1037 1261 1060 Petrus
1276 1037 1378 1066 Plnoul,
1394 1040 1419 1060 et
1432 1039 1545 1068 quatuor
1560 1036 1751 1060 examinatores
1766 1052 2210 1060 ..................

949 1095 1048 1119 Relatio
1066 1095 1191 1118 historiae
1194 1110 2210 1119 ........................................

949 1157 1047 1180 Sindici
1062 1157 1247 1181 Universitatis
1263 1157 1335 1180 card.
1352 1157 1519 1180 Laudunensi
1534 1157 1643 1180 tradunt
1656 1157 1783 1180 articulos
1799 1160 1889 1180 contra
1904 1156 2102 1188 cancellarium,
2116 1159 2141 1179 et
2153 1164 2211 1179 can·

979 1202 1101 1225 cellarius
1118 1202 1199 1224 tradit
1214 1201 1435 1233 supplicationem
1455 1217 2210 1225 ..............................

947 1259 1056 1283 Articuli
1071 1259 1247 1282 accusationis
1261 1259 1294 1282 ab
1305 1259 1484 1282 Universitate
1496 1259 1580 1283 Paris.
1592 1259 1673 1282 oblati
1688 1262 1778 1282 contra
1793 1259 1981 1282 cancellarium
1995 1259 2070 1282 Paris
2074 1275 2209 1283 ......

948 1317 1114 1348 Supplicatio
1137 1317 1289 1340 cancellarii
1303 1317 1431 1340 Johannis
1448 1317 1591 1340 Blanchart
1609 1316 1642 1340 ad
1657 1317 1818 1340 cardinalem
1834 1316 2042 1345 Laudunensem,
2058 1319 2086 1339 ut
2100 1324 2130 1339 ea
2145 1324 2212 1348 quae

978 1361 1144 1386 Universitns
1160 1361 1245 1385 Paris.
1261 1365 1353 1384 cantra
1367 1370 1426 1384 eum
1440 1369 1567 1392 aggressa
1581 1364 1629 1389 est,
1644 1361 1814 1385 annullentur
1816 1377 2211 1386 ................

947 1421 1060 1443 Examen
1073 1419 1179 1442 testium
1196 1419 1229 1442 ab
1245 1419 1423 1442 Universitate
1438 1420 1627 1450 productorum
1640 1427 1729 1442 coram
1741 1418 1931 1442 commissariis
1948 1427 2028 1450 super
2042 1418 2170 1442 contentis
2185 1418 2211 1441 in

977 1464 1096 1487 articulis
1117 1463 1292 1487 accusationis
1307 1467 1399 1487 contra
1414 1463 1600 1487 cancellarium
1615 1464 1763 1487 Johannem
1778 1463 1921 1487 Blanehart
1924 1479 2210 1487 ............

947 1522 1078 1545 Statutum
1095 1521 1228 1544 facultatis
1243 1521 1399 1552 theologiae,
1413 1529 1444 1544 ne
1457 1521 1579 1552 quisdam
1592 1521 1618 1544 in
1631 1521 1718 1544 danda
1731 1521 1837 1545 licentia
1849 1521 1958 1550 eisdem,
1970 1521 2014 1553 qui
2027 1529 2042 1544 a
2054 1520 2211 1544 cancellario

977 1570 1067 1589 contra
1082 1565 1284 1589 consuetudines
1298 1566 1485 1589 Universitatis
1501 1566 1717 1594 admittebantur,
1734 1566 1843 1589 assistat
1846 1582 2210 1590 ...............

946 1624 1124 1647 Cancellarius
1145 1624 1239 1653 Paris„
1255 1624 1388 1647 Johannes
1411 1624 1561 1652 Blanchart,
1584 1624 1699 1655 probare
1722 1623 1824 1653 nititur,
1847 1623 2059 1647 commissionem
2083 1623 2211 1646 cardinali

977 1669 1095 1692 Laudun.
1111 1670 1206 1692 saetam
1222 1676 1279 1691 esse
1293 1668 1393 1691 nullam
1406 1671 1432 1691 et
1446 1677 1587 1699 processus
1604 1677 1693 1692 omnes
1707 1672 1797 1692 contra
1812 1676 1839 1691 se
1854 1668 1942 1700 ipsum
1957 1668 2046 1691 irritos
2050 1684 2210 1692 .......

947 1726 1127 1750 Cancellarius
1143 1726 1237 1754 Paris.,
1253 1726 1386 1749 Johannes
1403 1726 1556 1754 Blanchart,
1575 1730 1711 1750 enumerat
1731 1726 1888 1758 gravamina
1909 1725 1961 1757 ipsi
1983 1725 2016 1749 ab
2033 1725 2212 1749 Universitate

977 1774 1037 1802 post
1052 1771 1124 1794 litem
1141 1771 1290 1793 inchoatam
1306 1770 1381 1794 illata
1401 1787 2210 1796 ................................

946 1828 1078 1851 Johanncs
1095 1829 1126 1851 de
1139 1829 1221 1858 Valle,
1238 1829 1381 1852 advocatus
1397 1829 1520 1860 publicus
1536 1829 1562 1852 in
1579 1830 1635 1852 soro
1650 1829 1742 1852 eccles.
1759 1832 1784 1852 et
1798 1831 1955 1860 procurator
1973 1827 2133 1858 cancellarii,
2148 1835 2212 1860 pro-

977 1873 1059 1904 ponit,
1076 1881 1216 1904 perperam
1239 1881 1254 1896 a
1275 1873 1410 1896 cardinale
1431 1873 1615 1897 commissario
1636 1882 1726 1897 omnes
1751 1873 1877 1896 articulos
1894 1881 1909 1896 a
1927 1876 2003 1904 parte
2022 1873 2134 1896 adversa
2148 1880 2212 1904 pro-

977 1918 1068 1940 ductos
1083 1921 1173 1940 contra
1186 1918 1373 1941 cancellarium
1394 1918 1546 1941 indistincte
1558 1918 1690 1941 admissos
1705 1926 1763 1941 esse
1766 1934 2211 1943 ..................

950 1976 1048 2004 Petrus,
1067 1975 1209 1998 cardinalis
1225 1975 1434 2004 commissarius,
1456 1976 1571 2007 injungit
1592 1976 1688 2008 quibus
1710 1976 1900 2007 injungendum
1915 1978 1964 2005 est,
1984 1978 2012 1998 ut
2026 1978 2111 1998 certos
2132 1977 2212 1998 testes

978 2020 1135 2043 cancellario
1151 2020 1235 2043 Paris.
1246 2020 1409 2043 necessarios
1422 2021 1500 2043 citent
1504 2036 2212 2045 ............................

912 2091 918 2097 -
948 2077 1095 2108 Propositio
1111 2078 1180 2101 Petri
1196 2078 1227 2101 de
1240 2078 1349 2101 Ailliaco
1362 2086 1450 2101 coram
1465 2078 1596 2102 Clemente
1608 2079 1652 2101 Vll
1665 2078 1796 2102 Avenione
1809 2081 1900 2101 contra
1912 2077 2098 2101 cancellarium
2102 2094 2211 2101 .....

779 2131 849 2155 Julio

715 2233 915 2264 Ju1.-Septemb.

711 2291 846 2345 Εοὴνιιεὶιὲίἰ
859 2293 879 2318 5,
897 2292 920 2319 6,

713 2419 773 2442 Maii
785 2419 920 2442 11-Junii11

760 2517 831 2539 Junii
847 2517 877 2539 10

766 2614 828 2636 Julii
844 2615 872 2636 27

949 2135 1057 2158 Articuli
1073 2136 1223 2159 cancellarii
1237 2135 1365 2158 Johannis
1381 2136 1532 2163 Blanchart,
1549 2136 1688 2168 compositi
1713 2144 1728 2159 a
1751 2144 1821 2167 mag.
1837 2136 1956 2159 Johanne
1975 2135 2007 2159 de
2024 2135 2107 2163 Valle,
2123 2137 2213 2158 contra

980 2180 1184 2203 Universitatem
1199 2181 1274 2203 Paris
1278 2196 2160 2206 ...................................
2171 2196 2186 2204 ..
2205 2196 2211 2203 .

950 2238 1063 2261 Examen
1077 2238 1181 2261 testium
1199 2247 1279 2270 super
1294 2239 1413 2262 articulis
1432 2248 1447 2262 a
1462 2239 1620 2262 cancellario
1639 2239 1781 2262 Parisiens.
1798 2238 1920 2262 exhibitis
1924 2254 2211 2262 ............

951 2295 1036 2318 Causa
1056 2296 1259 2319 Universitatem
1281 2297 1364 2321 Paris.
1385 2297 1452 2320 inter
1474 2300 1499 2320 et
1520 2297 1706 2320 cancellarium
1727 2296 1812 2320 Paris.
1832 2304 1920 2319 eoram
1944 2296 2108 2319 Parlamenta
2129 2294 2211 2318 Paris.

982 2340 1133 2371 inquiritur,
1151 2349 1196 2363 nec
1211 2344 1297 2365 tamen
1316 2342 1348 2365 ad
1364 2342 1441 2365 {inem
1454 2342 1593 2365 deducitur
1596 2355 2212 2366 .........................

952 2424 1097 2447 Concordia
1120 2426 1187 2448 sacta
1212 2426 1279 2448 inter
1306 2427 1457 2450 facultatem
1473 2427 1636 2450 decretorum
1654 2430 1679 2450 et
1698 2427 1825 2450 decanum
1845 2429 1870 2449 et
1889 2424 2035 2456 capitulum
2050 2424 2112 2448 eccl.
2129 2423 2212 2446 Paris.

984 2477 1063 2499 super
1081 2469 1180 2492 lectura
1195 2470 1291 2494 decreti
1313 2471 1431 2494 facienda
1447 2471 1472 2494 in
1489 2472 1593 2495 scholas
1609 2471 1718 2502 capituli
1732 2470 1883 2502 praedictae
1898 2468 2023 2493 ecclesiae
2026 2485 2212 2493 ........

953 2522 1136 2545 Ordinationes
1154 2523 1267 2554 Capituli
1285 2525 1417 2555 generalis
1433 2525 1497 2548 Ord.
1511 2525 1603 2548 Praed.
1616 2525 1647 2548 de
1663 2524 1829 2547 studentibus
1842 2522 1927 2547 Paris.
1939 2521 2136 2553 Assignationes
2151 2521 2214 2544 bac-

984 2567 1147 2590 ealarcorum
1152 2583 2213 2594 ..........................................

955 2620 1064 2642 Carolus
1086 2621 1128 2645 Yl.
1147 2621 1307 2644 Francorum
1329 2630 1382 2650 rex,
1402 2623 1477 2653 jubet
1498 2622 1649 2653 magistros,
1671 2622 1804 2645 scholares
1822 2620 2012 2651 officiariosque
2028 2618 2214 2642 Universitatis

985 2664 1067 2688 Paris.
1080 2664 1207 2688 immunes
1224 2667 1277 2689 sore
1289 2667 1401 2689 subsidii
1414 2668 1455 2690 vel
1465 2667 1625 2690 semidecimi
1635 2667 1704 2698 quod
1720 2674 1734 2689 a
1748 2665 1870 2697 gentibus
1881 2664 2075 2693 ecclesiasticis,
2087 2666 2216 2686 annuente

985 2716 1060 2738 pape,
1078 2709 1180 2739 exigere
1196 2718 1240 2732 rex
1255 2714 1356 2741 poterat
1360 2724 2214 2735 ..................................

718 2759 878 2790 Septembris
897 2760 924 2781 24
956 2761 1073 2784 Clemens
1094 2763 1137 2784 Vll
1162 2764 1318 2787 cancellario
1342 2764 1425 2788 Paris.
1450 2765 1573 2796 injungit.
1594 2767 1622 2787 ut
1643 2763 1756 2787 Johnnni
1778 2764 1809 2786 de
1831 2762 1970 2792 Basienis,
1995 2761 2058 2785 Ord.
2081 2761 2152 2790 Min.‚
2171 2761 2215 2792 qui

985 2805 1081 2828 librum
1101 2807 1293 2830 Sententiarum
1309 2808 1335 2830 in
1355 2809 1441 2832 studio
1463 2809 1547 2832 Paris.
1562 2808 1636 2839 legit,
1653 2811 1715 2839 post
1730 2808 1795 2830 duos
1812 2815 1913 2830 menses
1929 2805 2075 2837 magisterii
2090 2805 2215 2828 honorem

986 2852 1011 2872 et
1025 2850 1134 2873 docendi
1151 2851 1283 2874 licentiam
1300 2852 1431 2883 largiatur
1435 2867 2214 2877 ...............................

718 2901 880 2932 Septembris
898 2902 927 2924 28
957 2902 1073 2925 Clemens
1084 2904 1129 2926 vll
1142 2904 1254 2927 Johnnni
1268 2906 1299 2928 de
1313 2906 1493 2938 Guigmicurte,
1506 2907 1659 2929 baccalareo
1669 2907 1695 2929 in
1708 2905 1798 2933 theol.,
1814 2904 1999 2928 cancellariam
2011 2903 2094 2927 Paris.
2106 2904 2214 2926 consert-

2256 536 2300 560 341

2256 639 2301 662 343

2256 741 2302 764 343

2256 933 2302 956 345

2255 1035 2301 1058 346

2255 1093 2301 1116 348

2255 1200 2301 1224 348

2255 1259 2301 1282 349

2255 1464 2301 1488 368

2255 1567 2302 1590 390

2255 1669 2302 1693 390

2256 1772 2302 1795 394

2256 1915 2302 1938 395

2257 2017 2302 2041 395

2256 2075 2303 2098 399

2256 2177 2303 2201 402

2257 2235 2301 2258 411

2257 2338 2303 2361 420

2258 2466 2303 2490 421

2258 2564 2304 2587 422

2258 2706 2304 2729 423

2259 2848 2305 2871 424

2258 2902 2305 2925 424
