2488 3386
396 313 459 345 772
1185 314 1310 337 INDEX
1344 315 1494 337 RERUM.

426 403 541 435 piuntur,
566 402 626 430 652;
648 402 749 425 statuta
774 400 805 424 de
830 399 910 424 forma
930 399 1068 431 incipiendi
1088 399 1114 422 in
1134 398 1244 422 decretis
1268 404 1314 429 pro

425 443 560 468 doctoratu
583 441 756 475 adipiscendo,
776 441 835 471 6543
858 439 1021 465 Innocentius
1041 440 1077 463 VI
1092 439 1206 463 concedit
1225 438 1257 462 ut
1275 436 1314 461 illi

426 486 470 517 qui
487 485 544 516 jure
564 484 716 516 prohibente
737 483 805 514 leges
820 482 908 505 audire
927 481 1099 512 nequiverint,
1115 479 1243 504 doctorari
1259 485 1314 510 pos-

426 526 488 555 sint,
511 533 561 549 non
582 525 701 549 obstante
720 525 819 548 statuto
831 522 908 547 Univ.
926 521 992 553 quod
1013 529 1058 553 per
1077 522 1133 545 tres
1148 527 1229 544 annos
1243 518 1314 550 leges

425 565 486 588 alibi
500 564 586 588 audiri
598 564 680 596 jubet,
694 563 737 594 60;
752 563 868 587 doctores
878 570 928 586 non
938 562 1058 593 regentes
1073 560 1137 584 nihil
1151 568 1165 584 a
1175 558 1314 583 licentiatis

425 606 451 628 et
470 605 543 628 novis
560 603 711 628 doctoribus
728 602 856 635 percipere
871 602 972 631 debent,
993 601 1052 630 476;
1069 599 1167 632 optatio
1181 598 1315 623 licentian-

426 644 518 668 ‹lorum
541 644 652 668 utilitati
675 644 716 667 est
736 642 893 672 doctoribus,
917 641 976 671 4?6;
1000 648 1049 665 non
1075 647 1165 664 omnes
1189 638 1313 663 licentiati

426 685 604 716 magisterium
623 683 759 715 recipiunt,
781 683 841 713 430;
857 682 975 707 convivia
992 681 1024 705 ab
1046 681 1098 705 illis
1113 680 1157 712 qui
1177 679 1209 704 ad
1229 679 1314 704 docto-

426 728 512 750 ratum
539 725 700 758 recipiuntur
722 724 817 754 debita,
840 724 896 753 653,
922 724 1021 748 statuta
1044 722 1075 746 tle
1104 721 1228 753 regentia,
1250 720 1311 744 6573

423 766 570 796 juramenta
590 767 616 790 et
630 766 732 789 statuta
754 764 785 788 de
806 763 954 788 doctoribus
977 763 1121 794 regentiam
1143 761 1254 793 incipere
1268 761 1315 784 aut

426 806 575 829 continuare
585 804 737 833 volentibus,
751 804 811 836 654;
822 803 910 827 doctor
920 803 1056 826 Decretum
1070 801 1155 833 legere
1167 808 1216 825 non
1229 800 1315 832 potest

426 846 481 869 sine
496 852 575 877 cappa
592 845 682 874 rubea,
698 844 777 874 233*;
794 850 872 875 cappa
889 842 1036 871 doctoralis,
1054 841 1107 870 233,
1125 840 1238 869 426-430,
1253 840 1311 870 434,

426 893 485 909 cum
508 884 623 909 doctores
647 884 746 915 legunt,
762 890 835 907 nemo
859 882 946 914 legere
961 881 1044 910 debet,
1060 881 1114 909 429,
1134 880 1180 904 433
1194 884 1223 904 n⁰
1237 880 1312 908 1531;

426 925 541 949 doctores
555 926 683 955 regentes,
698 925 812 955 tempore
822 922 960 951 ordinario,
974 921 1111 946 Decretum
1125 920 1208 952 legere
1220 919 1314 944 debent

427 965 490 988 hora
504 964 609 995 primae,
628 963 655 987 in
668 963 723 986 vico
738 962 825 986 Clausi
843 961 961 985 Brunelli
978 969 1036 985 cum
1057 968 1136 992 cappa
1152 959 1241 988 rubea,
1256 959 1311 989 320,

426 1004 481 1033 425,
502 1003 557 1033 430,
572 1003 630 1033 473;
647 1003 730 1034 legere
749 1001 843 1026 debent
861 1001 887 1025 in
909 1002 964 1026 suis
985 1000 1086 1030 scholis,
1102 1000 1192 1024 nonin
1211 999 1311 1025 alienis.

426 1045 482 1074 429;
507 1044 661 1068 matutinam
686 1042 822 1067 lectionem
854 1042 935 1066 facere
960 1049 1010 1066 non
1035 1042 1152 1073 possunt,
1177 1040 1231 1070 428,
1256 1039 1311 1069 429,

426 1085 480 1114 432,
500 1085 554 1113 433,
575 1084 634 1114 474,
654 1083 772 1108 doctores
793 1082 903 1107 Decreta
925 1082 1023 1113 legunt,
1044 1081 1135 1113 itaque
1151 1081 1266 1105 doctores
1286 1080 1313 1104 in

425 1125 547 1153 Decretis,
559 1132 607 1148 uon
620 1124 646 1148 in
658 1123 837 1148 Decretalibus
848 1125 980 1153 vocantur,
992 1122 1046 1151 427,
1058 1122 1113 1151 433,
1126 1122 1185 1152 4385
1198 1122 1313 1153 legentes

425 1165 456 1189 de
473 1172 547 1189 mane
562 1172 611 1188 non
626 1164 653 1188 in
672 1171 752 1196 cappa
770 1163 858 1192 rubea,
881 1163 940 1193 4353
960 1162 1048 1187 nullus
1066 1162 1154 1187 doctor
1175 1162 1240 1186 duas
1258 1161 1312 1185 lec—

425 1205 506 1229 tiones
525 1203 612 1228 eodem
634 1204 675 1228 die
696 1203 779 1228 facere
803 1204 897 1235 potest,
916 1203 970 1227 426.
992 1216 1023 1221 —
1043 1202 1162 1227 Amelius
1176 1202 1207 1226 de
1226 1201 1312 1226 Brolio

425 1245 491 1269 duas
510 1244 631 1268 lectiones
650 1243 736 1268 eodem
758 1243 798 1267 die
818 1243 899 1267 facere
914 1242 979 1271 vult,
996 1250 1073 1266 unam
1090 1244 1120 1266 ut
1136 1242 1311 1271 baccalareus,

425 1284 532 1308 alteram
548 1286 579 1308 ut
593 1284 680 1308 doctor
694 1291 792 1315 regens,
810 1283 870 1315 426;
886 1283 951 1314 petit
965 1284 996 1306 ut
1012 1282 1045 1306 ab
1062 1282 1220 1306 auctoritate
1234 1281 1311 1313 regis,

426 1332 496 1348 unus
511 1324 599 1348 doctor
616 1324 643 1347 in
663 1323 776 1348 Decretis
795 1322 930 1347 lectionem
948 1322 1107 1346 matutinam
1123 1322 1202 1346 facere
1220 1321 1310 1354 possit,

425 1364 547 1394 432433,
564 1365 668 1388 centum
683 1363 812 1387 scholares
826 1362 904 1387 habet
915 1362 942 1386 in
957 1362 1050 1387 Clauso
1061 1361 1187 1391 Brunelli,
1203 1361 1264 1391 4343
1280 1361 1312 1385 ab

426 1403 502 1428 Univ.
519 1403 711 1432 condemnatur,
727 1403 782 1427 431.

395 1458 456 1461 ———
467 1444 548 1468 Festa
563 1445 718 1473 doctorum,
732 1443 791 1473 642;
808 1450 858 1474 quo
872 1445 985 1474 tempore
999 1442 1066 1466 fiunt
1079 1441 1152 1471 festa,
1169 1441 1224 1466 653.

395 1498 454 1500 --ἠ
467 1484 614 1514 Harenya,
626 1482 680 1512 535,
696 1482 752 1511 642,
764 1482 823 1512 643;
838 1481 947 1506 visitant
963 1481 1079 1513 singulos
1092 1481 1210 1505 doctores
1224 1480 1313 1505 bacca-

425 1524 488 1547 larei
501 1523 583 1555 pridie
595 1523 733 1554 harengam
745 1530 830 1552 suam,
844 1522 898 1547 643.

395 1577 454 1579 ’μ
469 1564 614 1587 Jubilaeus
625 1570 719 1593 annus,
733 1561 759 1586 id
771 1564 812 1587 est
823 1570 907 1586 annus
922 1561 1115 1586 licentiatorum
1127 1561 1311 1592 faciendorum,

426 1603 481 1633 426,
496 1603 551 1627 649.

396 1657 457 1661 —
471 1643 562 1668 Lectio
582 1643 724 1667 matutina
752 1642 778 1666 in
806 1642 902 1667 Clauso
930 1642 1054 1672 Brunelli,
1075 1642 1129 1672 432,
1152 1642 1212 1676 4693
1238 1642 1313 1667 lectio

427 1683 565 1711 ordinaria,
579 1683 639 1714 642;
657 1682 786 1706 matutina
802 1682 875 1707 lectio
889 1682 1063 1714 praestantior
1074 1684 1114 1706 est
1128 1682 1186 1707 aliis
1198 1682 1314 1707 lectioni-

429 1723 484 1752 bus,
500 1723 555 1753 435,
571 1723 630 1755 438;
648 1722 751 1754 quidam
767 1722 856 1746 doctor
872 1723 897 1746 in
919 1722 1025 1746 lectione
1039 1722 1168 1746 matutina
1186 1724 1315 1747 trecentos

427 1763 556 1787 scholares
579 1763 678 1792 habuit,
703 1762 764 1794 472;
789 1762 819 1787 de
840 1762 989 1794 legentibus
1005 1762 1036 1787 de
1058 1770 1132 1786 mane
1155 1762 1313 1794 doctoribus,

427 1803 482 1833 469,
512 1803 570 1832 47ος
598 1803 630 1827 ad
659 1802 793 1826 lectionem
817 1803 974 1827 matutinam
993 1802 1126 1834 legendam
1150 1803 1313 1834 admittendi,

427 1843 483 1873 474,
500 1843 560 1875 475;
576 1842 650 1867 lectio
664 1842 690 1867 in
710 1843 786 1867 nonis
801 1844 827 1867 S.
843 1842 939 1872 Jacobi,
959 1843 985 1866 in
1005 1842 1078 1867 nonis
1094 1843 1189 1867 Beatae
1210 1844 1313 1874 Mariae,

427 1883 482 1914 643,
497 1883 557 1916 645;
573 1883 656 1915 prima
667 1883 722 1907 dies
737 1883 858 1915 lecturae,
874 1883 932 1914 646;
946 1883 1038 1907 ultima
1051 1883 1106 1907 dies
1121 1884 1240 1914 lecturae,
1252 1884 1313 1914 646;

428 1924 526 1948 mensis
539 1924 650 1948 lecturae
661 1931 691 1947 ex
703 1923 780 1955 xxviij
800 1923 894 1947 diebus
908 1925 1018 1952 constat,
1038 1923 1096 1953 536;
1118 1926 1220 1948 statuta
1233 1926 1260 1948 et
1271 1925 1315 1956 ju-

428 1966 548 1988 ramenta
564 1963 707 1994 legentium
727 1963 759 1987 de
777 1971 862 1993 mane,
878 1963 939 1994 646;
955 1963 1030 1987 lectio
1044 1963 1174 1988 ordinaria
1186 1964 1217 1988 de
1231 1973 1314 1994 mane,

428 2004 487 2036 641;
504 2003 627 2028 scholaris
641 2003 708 2027 hanc
722 2003 855 2028 lectionem
866 2003 957 2027 audire
969 2003 1047 2027 debet
1057 2002 1097 2028 bis
1112 2003 1150 2028 vel
1165 2006 1204 2029 ter
1218 2005 1244 2029 in
1252 2005 1314 2029 heb-

429 2044 542 2074 domade,
552 2044 597 2068 641
607 2051 613 2074 ;
624 2043 654 2068 de
664 2044 738 2068 modo
748 2043 809 2068 libri
822 2043 934 2075 legendi,
943 2043 990 2067 645
1000 2051 1006 2076 ;
1022 2043 1053 2067 de
1067 2044 1257 2076 interruptione
1267 2041 1320 2070 lec-'

429 2085 539 2115 tionum,
552 2084 610 2114 428;
622 2084 644 2108 is
658 2084 703 2116 qui
718 2083 781 2115 legit
795 2084 934 2114 matutine,
946 2084 1002 2108 sine
1015 2084 1121 2108 candela
1136 2084 1219 2116 legere
1229 2085 1314 2117 debet,

429 2125 484 2155 426,
495 2125 556 2155 428;
570 2125 691 2149 scientiae
705 2123 798 2148 utilius
810 2125 850 2148 est
865 2124 920 2148 siue
933 2123 1039 2148 candela
1054 2123 1146 2156 legere,
1162 2125 1224 2158 429;
1241 2125 1316 2150 lectio

430 2166 484 2190 sine
505 2164 610 2189 candela
630 2166 679 2189 aut
698 2172 755 2188 cum
776 2164 889 2193 candela,
911 2164 966 2193 436,
982 2164 1037 2195 469,
1052 2164 1106 2195 642,
1123 2164 1179 2194 646;
1196 2165 1270 2190 lectio
1284 2166 1315 2191 ad

430 2213 548 2237 pennam,
564 2205 619 2234 642,
634 2204 695 2235 646,
711 2212 739 2230 υ.
754 2204 919 2229 Decretales.
936 2218 963 2222 -—-
986 2204 1043 2228 Vid.
1055 2205 1228 2234 Baccalaret',
1243 2207 1314 2231 Doc-

429 2250 509 2270 tores.

400 2300 458 2303 —-
474 2286 557 2310 Liber
569 2284 708 2313 facultatis,
725 2284 780 2308 656.

400 2339 461 2344 —-
476 2326 618 2350 Licentiae
632 2332 641 2349 :
658 2325 762 2348 Statuta
781 2323 812 2348 de
831 2323 985 2348 baccalareis
1003 2323 1172 2349 admittendis
1184 2325 1216 2349 ad
1230 2326 1316 2357 legen-

431 2366 504 2394 dum,
526 2365 569 2389 341
591 2369 619 2388 n⁰
642 2364 715 2394 1504,
740 2371 845 2388 examen
867 2363 992 2394 licentiae,
1008 2364 1054 2388 650
1068 2369 1097 2388 n0
1118 2365 1194 2395 1705,
1210 2374 1316 2391 examen

431 2405 658 2434 licentiandorum,
672 2405 775 2428 statuta
787 2403 818 2428 de
830 2403 912 2427 forma
924 2404 1057 2435 examinis,
1072 2404 1119 2428 649
1130 2410 1160 2429 110
1175 2405 1250 2437 1702;
1266 2408 1317 2431 sta-

432 2446 489 2470 tuta
504 2445 534 2468 (le
549 2444 735 2468 distributione
747 2443 970 2473 licentiandorum,
990 2443 1052 2473 651;
1068 2445 1168 2476 optatio
1182 2445 1316 2470 licentian-

432 2485 523 2509 dorum
546 2492 561 2507 a
580 2483 727 2508 doctoribus
751 2483 911 2514 regentibus,
936 2483 992 2514 435,
1011 2483 1072 2516 4703
1095 2484 1159 2516 quid
1178 2486 1235 2509 novi
1255 2486 1314 2510 doc-

432 2528 502 2550 tores
520 2524 610 2548 darent
629 2523 787 2553 doctoribus,
807 2523 862 2552 470,
880 2523 941 2551 475;
960 2524 1109 2554 juramenta
1125 2532 1239 2549 camerae
1256 2534 1316 2551 exa-

433 2563 509 2587 minis
530 2562 757 2592 licentiandorum,
789 2562 849 2593 65ος
868 2562 1016 2593 juramenta
1048 2563 1189 2588 volentium
1217 2565 1317 2589 intrare

432 2611 538 2628 examen
563 2609 716 2633 magnarum
741 2601 901 2631 cedularum,
925 2602 972 2626 650
995 2607 1023 2626 n⁰
1047 2603 1120 2635 1704,
1140 2604 1317 2636 juramentum

432 2642 645 2671 examinatorum,
667 2641 728 2674 6503
748 2641 775 2665 in
794 2642 852 2672 jure
874 2649 929 2666 can.
950 2642 991 2666 vel
1015 2643 1083 2667 civili
1106 2643 1230 2669 licentiati
1256 2653 1315 2669 cum

434 2683 516 2714 rigore
528 2682 662 2712 examinis,
674 2683 701 2706 et
716 2681 771 2705 sine
784 2681 868 2713 rigore
883 2682 1015 2711 examinis,
1028 2683 1089 2716 4033
1100 2683 1131 2707 de
1140 2685 1255 2716 tempore
1268 2685 1317 2709 lec-

434 2726 506 2747 turae
515 2724 541 2746 et
555 2722 585 2746 de
600 2721 671 2746 libris
684 2721 798 2752 legendis
811 2725 871 2745 ante
881 2721 1019 2752 licentiam,
1035 2723 1094 2753 536;
1106 2723 1239 2755 licentiati,
1254 2725 1316 2757 quid

434 2762 529 2786 solvere
539 2761 654 2791 debeant,
666 2761 726 2793 4753
741 2762 872 2785 statutum
886 2769 901 2784 a
913 2761 1014 2786 duobus
1027 2763 1203 2789 cardinalibus
1215 2764 1315 2789 editum

434 2803 464 2826 de
478 2801 648 2830 licentiandiS,
665 2801 722 2829 144;
736 2801 827 2832 jurant
842 2801 992 2825 licentiandi
1007 2802 1033 2826 in
1046 2803 1104 2834 jure
1119 2805 1238 2829 canonico
1249 2805 1316 2837 quod

435 2842 456 2866 si
476 2842 533 2873 quis
558 2841 747 2865 licentiatorum
771 2846 874 2865 centum
898 2841 977 2866 libras
997 2843 1024 2867 in
1048 2844 1194 2869 redditibus
1213 2846 1314 2878 habeat,

434 2882 501 2906 inira
513 2891 556 2906 sex
572 2890 672 2907 menses
687 2882 795 2914 gradum
810 2882 958 2908 doctoratus
970 2886 1077 2916 repetat,
1094 2886 1148 2910 141.
1161 2900 1192 2905 -—-
1202 2888 1230 2911 In
1247 2895 1315 2912 rece-

1399 398 1486 429 ptione
1500 397 1606 429 signeti,
1622 397 1771 422 licentiandi
1784 397 1894 422 mittunt
1909 396 2060 422 cancellario
2074 404 2155 421 unum
2171 396 2288 421 francum

1398 437 1430 461 ad
1446 438 1543 468 minus,
1558 437 1613 468 405,
1627 437 1687 466 4173
1702 445 1726 462 υ.
1741 438 1901 468 Siynetum.

1368 491 1430 494 —
1443 478 1544 502 Missae
1557 476 1688 501 facultatis
1706 485 1712 501 ε
1738 477 1827 501 Prima
1841 476 1920 500 missa
1942 475 2085 506 doctorum,
2108 475 2187 500 missa
2203 475 2288 500 docto-

1400 525 1457 541 rum
1470 519 1498 541 et
1514 516 1730 546 baccalareorum,
1744 517 1800 547 428,
1821 516 1876 547 434,
1897 516 1951 545 474,
1965 515 2011 540 644
2026 520 2054 540 n⁰
2075 515 2144 545 1699,
2159 515 2215 546 648,
2228 515 2287 547 6493

1400 557 1493 581 missae
1506 557 1602 581 Beatae
1614 557 1719 586 Mariae,
1736 558 1762 581 S.
1777 556 1885 586 Nicolai,
1902 557 1928 582 S.
1944 555 2105 585 Catharinae,
2120 555 2175 580 643.

1368 612 1430 614 —
1458 597 1655 627 Ordinarium‚
1681 597 1735 627 426,
1762 597 1845 629 431*;
1874 604 1997 628 magnum
2027 595 2199 626 ordinarium,
2226 593 2289 628 646;

1399 637 1484 669 prima
1502 637 1560 662 dies
1579 637 1707 662 ordinarii
1725 637 1808 669 quoad
1827 636 1970 667 magistros
1990 635 2042 660 fuit
2055 635 2111 660 dies
2127 635 2219 660 martis
2231 636 2291 668 post

1399 676 1495 701 festum
1511 677 1587 701 Omn.
1601 677 1762 706 Sanctorum,
1773 676 1828 705 428,
1844 676 1890 700 442
1904 681 1933 700 n⁰
1949 675 2019 708 1535,
2034 675 2094 708 472;
2110 674 2192 707 quoad
2206 674 2291 699 bacca-

1400 716 1482 741 lareos
1496 724 1555 741 vero
1567 717 1710 741 crastinum
1726 716 1752 741 b.
1768 716 1896 748 Dionysii,
1910 716 1955 741 431
1962 717 1985 740 θ’.

1368 771 1430 774 —
1443 757 1594 788 Principia
1620 756 1770 787 lectionum,
1785 756 1846 789 6413
1863 756 2016 788 principium
2040 755 2161 784 lecturae,
2181 754 2240 786 4593
2262 755 2290 779 in

1399 797 1529 829 principio
1541 797 1653 822 lecturae
1664 796 1762 821 adsunt
1773 796 1898 827 doctores,
1912 796 1967 820 469.

1369 851 1431 856 --—
1444 837 1635 868 Propositum,
1655 836 1709 867 469,
1725 837 1781 867 4ῖ2,
1804 836 1859 866 535,
1881 836 1936 867 642,
1954 836 2011 866 643,
2026 835 2087 866 644;
2108 833 2251 859 multitudo
2264 835 2292 859 et

1400 879 1521 909 sumptus
1536 877 1735 909 propositorum,
1752 876 1812 908 535;
1828 884 1852 902 v.
1870 876 2048 901 Baccalarei.

1371 931 1430 936 —
1444 918 1640 949 Repetitiones,
1653 917 1708 947 643,
1722 917 1778 942 650.

1368 972 1430 975 —-—
1443 958 1650 989 Responsiones
1662 957 1720 982 :·De
1734 956 1929 989 quaestionibus
1944 956 1970 980 in
1985 955 2205 988 responsionibus,
2218 954 2274 980 654.

1367 1012 1429 1016 ——
1444 998 1567 1023 Botulus
1582 997 1674 1022 facult.
1686 997 1784 1022 decret.
1799 998 1861 1021 ante
1876 996 1993 1021 rotulum
2011 996 2086 1021 aliar.
2101 995 2192 1020 facult.
2208 994 2291 1020 mitti-

1398 1039 1443 1063 tur
1455 1038 1488 1062 ad
1502 1046 1603 1070 papam,
1624 1038 1678 1067 126,
1696 1038 1753 1068 127;
1776 1037 1865 1067 rotuli,
1885 1037 1923 1066 80,
1948 1036 2001 1066 126,
2025 1035 2137 1066 248-249,
2157 1035 2213 1064 274,
2232 1034 2288 1065 447,

1397 1078 1460 1110 547;
1477 1077 1583 1102 nuntii:
1600 1085 1624 1103 v.
1636 1078 1780 1102 JOEANNES
1796 1077 1892 1108 GALm,
1907 1076 2082 1101 Rsnunrnus
2095 1082 2130 1100 ns
2143 1075 2289 1106 umam-s,

1398 1119 1487 1142 Sinos
1500 1124 1536 1142 ns
1549 1118 1716 1142 CRAMAUDO.

1366 1173 1428 1176 -—
1443 1159 1560 1183 Scholae
1572 1166 1581 1182 .·
1604 1157 1710 1182 Scholae
1733 1157 1820 1181 Clausi
1838 1156 1967 1186 Brunelli,
1987 1156 2049 1188 4433
2067 1162 2175 1187 magnae
2191 1153 2291 1180 scholae

1398 1198 1448 1223 vici
1466 1198 1556 1223 Clausi
1571 1197 1699 1228 Brunelli,
1714 1197 1770 1227 469,
1785 1197 1845 1228 475;
1861 1207 1875 1219 α
1889 1196 1994 1221 Scholae
2007 1195 2128 1226 bassae»,
2141 1195 2202 1226 6525
2217 1194 2290 1220 anti-

1398 1246 1473 1270 quae,
1493 1238 1533 1262 vel
1554 1245 1671 1269 magnae,
1690 1237 1737 1262 652
1744 1244 1750 1267 ;
1772 1239 1874 1261 statuta
1893 1236 1924 1261 de
1947 1235 2049 1266 scholis,
2065 1235 2111 1260 651
2126 1240 2155 1260 n⁰
2170 1234 2247 1268 1707;
2259 1234 2291 1260 de

1397 1279 1519 1311 pensione
1541 1278 1697 1307 scholarum,
1716 1277 1776 1308 6463
1799 1277 1910 1309 claviger
1933 1276 2093 1305 scholarum,
2107 1275 2164 1300 648.
2179 1289 2210 1294 -
2228 1275 2289 1300 Via.

1397 1319 1574 1349 Baccalarei,
1589 1318 1732 1342 Doctores.

1368 1373 1428 1377 ——
1443 1359 1581 1388 Ser-niens,
1590 1365 1615 1382 v.
1626 1360 1742 1382 Ausus
1756 1357 1841 1386 Num:
1856 1364 1880 1382 υ.
1897 1356 2039 1382 Bedellus.
2051 1370 2079 1374 —
2090 1354 2288 1387 Scutifer,653.

1368 1413 1429 1418 —-
1445 1398 1663 1429 Thesaurarius,
1677 1405 1724 1422 seu
1737 1399 1860 1429 receptor,
1873 1397 1919 1421 655
1925 1398 1948 1421 *.

1367 1453 1428 1457 —
1446 1439 1600 1469 Vesperiae,
1611 1438 1667 1468 643,
1683 1438 1743 1469 653;
1759 1445 1811 1470 quo
1825 1438 1940 1470 tempore
1954 1437 2023 1461 fiunt
2037 1435 2181 1468 vesper-iae„
2190 1435 2252 1462 653..

1366 1522 1512 1546 Faenius
1528 1521 1685 1545 MsnlcmAs
1698 1529 1704 1545 x
1719 1520 1862 1552 Collegium
1876 1520 2018 1550 facultatis,
2032 1518 2089 1550 565,
2104 1518 2165 1550 568;
2182 1517 2291 1544 facultas

1398 1571 1449 1588 non
1468 1563 1548 1587 habet
1569 1562 1652 1587 vicum
1673 1563 1698 1587 in
1722 1570 1772 1594 quo
1794 1562 1906 1594 legatur,
1931 1561 1994 1591 3223
2017 1560 2146 1585 ordinatio
2167 1560 2237 1591 regis
2258 1559 2290 1584 de

1399 1603 1612 1628 administrandis
1622 1603 1818 1628 medicamentis
1831 1603 1858 1627 in
1872 1602 1936 1627 villa
1946 1604 1973 1626 et
1986 1601 2122 1626 suburbiis
2133 1601 2228 1630 Paris„
2244 1600 2287 1631 16,

1399 1643 1550 1668 mandatum
1572 1643 1641 1676 regis
1664 1651 1714 1676 quo
1733 1642 1941 1676 pharmacopolae
1962 1641 2122 1666 Parisiorum
2145 1639 2288 1667 suburbio-

1399 1691 1508 1716 rumque
1522 1683 1564 1708 bis
1580 1684 1607 1708 in
1624 1691 1691 1708 anno
1705 1691 1720 1708 a
1732 1683 1867 1715 magistris
1884 1683 1910 1706 in
1925 1682 2050 1707 medicina
2065 1680 2187 1707 visitandi
2201 1681 2288 1711 erunt,

1399 1723 1443 1754 20;
1473 1723 1664 1756 quamplurimi
1691 1723 1827 1755 utriusque
1860 1730 1935 1747 sexus
1963 1721 2115 1746 ministrant
2150 1719 2290 1745 medicinas

1400 1769 1550 1794 quanquam
1572 1762 1695 1794 ignorant
1718 1762 1831 1787 virtutes
1853 1762 2048 1791 medicinarum,
2070 1761 2115 1791 163
2139 1759 2291 1786 deliberatio

1400 1803 1446 1827 fac.
1471 1803 1632 1828 decretorum
1652 1803 1684 1827 de
1705 1803 1844 1828 licentiatis
1865 1803 1892 1827 in
1913 1802 2051 1834 medicina,
2076 1801 2141 1836 1097
2158 1801 2290 1826 decretum

1400 1845 1448 1868 fac.
1473 1852 1520 1876 pro
1540 1844 1666 1869 abolenda
1688 1845 1801 1877 practica
1819 1843 1973 1874 medicinali,
1993 1843 2071 1875 vulgo
2089 1843 2160 1867 dicta
2173 1853 2187 1865 «
2204 1849 2297 1867 esem<

1401 1885 1508 1908 mouche
1522 1894 1546 1913 w,
1562 1883 1671 1908 duorum
1691 1883 1813 1914 fratrum,
1834 1884 1893 1915 5503
1913 1883 1946 1908 de
1966 1883 2055 1908 illicite
2076 1881 2289 1916 practicastibus,

1401 1924 1426 1955 8,
1436 1924 1464 1948 71
1474 1933 1480 1955 ;
1493 1924 1526 1948 lis
1537 1924 1615 1949 Univ.
1628 1932 1711 1948 coram
1725 1925 1892 1949 Parlamento
1903 1925 1993 1948 contra
2003 1922 2141 1956 quemdam
2153 1922 2288 1954 judaeum,

1401 1965 1447 1996 qui
1465 1964 1620 1989 medicinam
1641 1965 1739 1997 injuria
1757 1965 1900 1996 exercebat,
1917 1965 1977 1995 545;
2000 1965 2132 1989 statutum
2151 1971 2166 1988 a
2187 1961 2290 1988 duobus

1401 2005 1578 2031 cardinalibus
1597 2006 1695 2031 editum
1710 2006 1775 2038 quod
1791 2006 1883 2031 medici
1898 2006 1978 2031 libros
1997 2013 2058 2030 suos
2075 2004 2192 2035 audiant,
2207 2003 2290 2028 laetu-

1401 2054 1444 2070 ras
1467 2047 1621 2079 compleant,
1643 2047 1835 2079 disputationes
1856 2047 2031 2079 frequentent,
2055 2045 2113 2076 1443
2135 2046 2237 2069 statuta
2257 2043 2290 2068 de

1400 2086 1555 2111 baccalareis
1577 2087 1748 2112 admittendis
1764 2088 1796 2112 ad
1817 2087 1963 2119 legendum,
1980 2086 2027 2111 341
2046 2091 2074 2110 n⁰
2089 2085 2164 2116 15013
2182 2083 2290 2117 quidam

1401 2127 1497 2152 baccal.
1521 2128 1549 2152 in
1570 2128 1696 2152 medicina
1719 2129 1881 2161 promittunt
1901 2135 1956 2153 sese
1977 2129 2060 2152 artem
2087 2126 2213 2152 medicam
2235 2132 2289 2150 non

1402 2168 1561 2192 exercituros
1578 2168 1640 2199 fore,
1656 2168 1707 2193 nisi
1719 2168 1817 2193 suerint
1830 2168 1859 2192 in
1874 2167 2020 2200 praesentia
2032 2167 2112 2191 unius
2127 2174 2141 2191 e
2155 2165 2289 2197 magistris

1401 2207 1542 2237 facultatis,
1556 2208 1602 2232 217
1618 2213 1647 2232 12⁰
1664 2207 1736 2238 1396;
1752 2207 1862 2232 clericus
1883 2207 2047 2238 conjugatus,
2067 2213 2092 2231 v.
2108 2207 2289 2230 GU1nnsnuus

1403 2249 1561 2273 CARxn-*ims
1574 2255 1608 2273 ns
1622 2250 1803 2279 SAvmmACQ
1818 2247 1911 2272 medici
1922 2247 2043 2279 magistri
2054 2246 2166 2275 uxorati,
2176 2245 2289 2270 durante

1402 2288 1577 2318 matrimonio,
1591 2296 1642 2312 non
1653 2288 1831 2312 admittuntur
1841 2288 1868 2312 in
1879 2287 1967 2312 studio
1979 2286 2011 2311 ad
2021 2286 2159 2319 legendum
2170 2285 2198 2310 in
2209 2284 2290 2310 facul·

1403 2330 1466 2357 tate,
1482 2328 1529 2352 222
1544 2332 1572 2351 n⁰
1587 2327 1661 2358 1403;
1674 2329 1789 2352 attamen
1804 2327 1946 2358 Gregorius
1960 2326 1997 2351 XI
2009 2326 2140 2358 permittit
2151 2324 2289 2350 Guillelmo

1403 2369 1547 2399 Carnificis,
1557 2368 1656 2393 medico
1667 2370 1783 2399 uxorato,
1794 2367 1904 2393 Parisiis
1914 2367 1942 2391 iu
1956 2367 2079 2392 facultate
2087 2365 2182 2391 medic.
2195 2365 2287 2398 legere,

1401 2409 1448 2434 222
1463 2414 1492 2433 n⁰
1507 2409 1582 2440 1403;
1597 2409 1745 2434 licentiatus
1758 2409 1787 2433 in
1806 2408 1941 2437 medicina,
1956 2410 2044 2440 postea
2063 2407 2146 2431 factus
2161 2406 2288 2436 sacerdos,

1401 2450 1486 2481 potest
1507 2449 1622 2481 incipere
1636 2448 1664 2472 in
1683 2447 1808 2472 medicina
1822 2450 1850 2472 et
1868 2447 2005 2476 doctorari,
2027 2446 2085 2476 1093
2103 2446 2197 2471 decano
2212 2445 2290 2471 ecclc-

1402 2487 1455 2512 siae
1470 2488 1495 2512 S.
1509 2487 1633 2518 Marcelli,
1649 2487 1775 2519 magistro
1791 2487 1819 2512 in
1834 2486 1935 2516 medic.,
1951 2486 2070 2511 Clemens
2083 2486 2136 2510 V11
2149 2485 2288 2518 permittit,

1402 2529 1433 2552 ut
1445 2535 1527 2559 usque
1544 2527 1576 2551 ad
1592 2527 1800 2560 quinquennium
1814 2527 1841 2551 in
1855 2526 1978 2551 facultate
1997 2526 2064 2551 med.
2080 2526 2174 2558 legere,
2189 2533 2288 2557 regere,

1402 2567 1536 2600 disputare
1565 2570 1591 2592 et
1612 2568 1675 2592 alios
1705 2574 1880 2599 quoscumque
1903 2569 1977 2591 actus
2009 2568 2145 2591 consuetos
2172 2573 2289 2591 exercere

1402 2609 1494 2638 valeat,
1510 2616 1560 2633 non
1574 2608 1695 2633 obstante
1711 2607 1780 2640 quod
1795 2607 1930 2639 presbyter
1951 2608 1999 2638 sit,
2024 2607 2070 2632 331
2099 2612 2127 2631 n⁰
2156 2607 2235 2638 1490,
2256 2605 2289 2632 lis

1402 2649 1471 2673 inter
1498 2649 1617 2673 nationes
1641 2647 1742 2677 Gallim,
1770 2647 1871 2671 Picard.
1898 2648 1925 2671 et
1942 2647 2090 2673 Normann„
2111 2647 2141 2671 de
2165 2646 2289 2672 electione

1402 2689 1492 2713 decani
1506 2690 1532 2712 et
1548 2687 1760 2716 examinatorum,
1778 2687 1822 2717 453
1840 2686 1972 2711 licentiam
1991 2694 2079 2711 omnes
2095 2688 2172 2710 actus
2193 2684 2290 2711 schola·

1403 2729 1480 2754 sticos
1493 2729 1519 2753 in
1532 2728 1616 2753 studio
1630 2727 1714 2752 Paris.
1725 2727 1752 2751 in
1768 2727 1890 2751 facultate
1902 2725 2138 2753 medic.,exercendi
2153 2725 2245 2758 recipit
2257 2733 2289 2750 ex

1402 2768 1496 2794 litteris
1508 2767 1654 2801 apostolicis
1668 2775 1674 2791 x
1690 2768 1851 2791 Gasssws
1864 2774 1899 2791 ns:
1915 2766 2110 2796 causamme
2123 2771 2152 2791 11⁰
2164 2766 2241 2792 1452..

1370 2824 1432 2828 —
1448 2812 1537 2834 Actus
1550 2809 1726 2839 inceptionis,
1743 2807 1802 2837 109;
1823 2815 1853 2832 ea
1867 2807 1941 2831 lectio
1955 2814 2002 2831 seu
2021 2806 2171 2838 disputatio.
2183 2813 2233 2831 non
2247 2806 2289 2830 est

1402 2850 1435 2874 ad
1448 2849 1600 2878 docendum,
1614 2848 1671 2878 109,
1689 2848 1815 2880 quaedam
1835 2849 1936 2872 statuta
1949 2848 1981 2871 de
1995 2847 2138 2879 inceptione
2151 2846 2289 2878 magistro-

1401 2896 1467 2918 rum,
1485 2889 1530 2913 109
1543 2893 1572 2930 n⁰
1585 2888 1655 2913 1290.
